00:00:00.35900,1926.000,0
00:00:00.51900,1926.000,1
00:00:01.34300,1925.750,7
00:00:02.16400,1925.500,1
00:00:03.17100,1925.500,1
00:00:09.73000,1925.750,1
00:00:11.94900,1925.750,1
00:00:14.39400,1925.750,6
00:00:22.09700,1925.750,2
00:00:26.91700,1925.500,29
00:00:37.96400,1925.500,1
00:00:39.94900,1925.500,32
00:00:42.80400,1925.250,1
00:00:50.00700,1925.250,15
00:00:55.75000,1925.500,1
00:01:03.91000,1925.500,16
00:01:06.10500,1925.250,6
00:01:07.15600,1925.500,1
00:01:08.56600,1925.250,1
00:01:08.85500,1925.250,1
00:01:11.48800,1925.250,2
00:01:13.08200,1925.250,2
00:01:15.47200,1925.250,1
00:01:15.94100,1925.250,1
00:01:16.57400,1925.250,1
00:01:17.88200,1925.250,1
00:01:21.26500,1925.250,1
00:01:25.47200,1925.000,56
00:01:25.54200,1924.750,3
00:01:26.11700,1924.750,28
00:01:26.69100,1924.750,14
00:01:27.05000,1924.500,1
00:01:27.58500,1924.750,1
00:01:32.46400,1924.750,2
00:01:33.52700,1924.750,19
00:01:37.89000,1924.750,4
00:01:39.25000,1924.750,1
00:01:39.59700,1924.750,7
00:01:40.76500,1924.750,1
00:01:43.87100,1924.750,1
00:01:46.01900,1925.000,11
00:01:47.51100,1924.750,1
00:01:47.96800,1924.750,5
00:01:50.62100,1924.750,1
00:01:50.93700,1925.000,2
00:01:59.60500,1924.500,9
00:02:04.51500,1924.750,3
00:02:11.18700,1924.500,2
00:02:18.49600,1924.500,3
00:02:22.17900,1924.500,1
00:02:25.04600,1924.500,1
00:02:26.62500,1924.750,1
00:02:27.52700,1924.500,31
00:02:28.71400,1924.750,14
00:02:29.57400,1924.500,1
00:02:33.36700,1924.750,1
00:02:41.16700,1924.500,2
00:02:44.06600,1924.750,20
00:02:46.32800,1924.750,1
00:02:47.21800,1924.750,61
00:02:59.07400,1924.750,1
00:02:59.37100,1924.750,1
00:03:06.63600,1924.750,7
00:03:11.65200,1924.750,5
00:03:17.73000,1924.750,2
00:03:30.03100,1924.750,2
00:03:32.03900,1924.750,2
00:03:37.71000,1924.750,1
00:03:41.88200,1924.500,33
00:03:42.04200,1924.500,2
00:03:43.58500,1924.250,3
00:03:43.72200,1924.250,1
00:03:44.36300,1924.500,2
00:03:47.31200,1924.500,2
00:03:50.35900,1924.500,4
00:03:50.49200,1924.500,1
00:03:51.35100,1924.500,2
00:03:51.68700,1924.500,3
00:03:53.89400,1924.750,2
00:03:56.55800,1924.500,1
00:04:05.34300,1924.500,9
00:04:17.19100,1924.750,2
00:04:20.83200,1924.750,1
00:04:27.39800,1924.750,2
00:04:32.17500,1924.500,2
00:04:39.24200,1924.750,18
00:04:43.91700,1924.750,1
00:04:46.86300,1924.750,1
00:04:51.81600,1925.000,9
00:04:53.56600,1925.000,1
00:04:57.58500,1925.000,1
00:04:58.00000,1925.000,2
00:05:03.83200,1925.000,3
00:05:08.48000,1924.750,4
00:05:09.18300,1924.750,2
00:05:11.23800,1924.750,2
00:05:11.43700,1924.750,1
00:05:27.77700,1925.000,2
00:05:32.15600,1924.750,1
00:05:45.20300,1925.000,1
00:05:54.34300,1924.750,1
00:05:56.70700,1925.000,1
00:05:57.96000,1925.000,1
00:06:02.14400,1924.750,8
00:06:03.71000,1924.750,1
00:06:06.00000,1924.750,1
00:06:20.72600,1924.750,18
00:06:23.94900,1925.000,1
00:06:24.15600,1925.000,1
00:06:28.17900,1925.000,2
00:06:44.20700,1924.750,1
00:06:44.43700,1924.750,3
00:06:47.53500,1924.750,1
00:06:55.56600,1924.750,5
00:07:01.58500,1925.000,3
00:07:02.26100,1924.750,5
00:07:04.83200,1925.000,1
00:07:12.03900,1925.000,14
00:07:13.48800,1925.000,1
00:07:13.69900,1925.000,4
00:07:19.29200,1925.000,1
00:07:30.07400,1925.250,35
00:07:31.19500,1925.500,2
00:07:45.25300,1925.500,1
00:07:58.73800,1925.500,2
00:08:03.51100,1925.500,4
00:08:05.82800,1925.250,2
00:08:07.32400,1925.250,1
00:08:08.94900,1925.250,6
00:08:28.92900,1925.250,1
00:08:59.14800,1925.250,2
00:09:24.03100,1925.250,2
00:09:29.33200,1925.250,1
00:09:36.07800,1925.000,1
00:09:36.65200,1925.000,1
00:09:37.52700,1925.000,1
00:09:38.69500,1925.000,21
00:09:47.52700,1925.000,4
00:09:48.87100,1925.000,2
00:09:50.35100,1925.000,4
00:09:52.34300,1924.750,10
00:09:54.88200,1925.000,1
00:09:59.83900,1925.000,2
00:10:09.21400,1925.000,5
00:10:29.71400,1925.250,1
00:10:47.74600,1925.000,1
00:10:59.89800,1925.250,2
00:11:02.71800,1925.000,3
00:11:10.09700,1925.250,3
00:11:13.70700,1925.000,3
00:11:17.50700,1925.000,1
00:11:30.10500,1925.250,1
00:11:44.10500,1925.250,1
00:12:02.54600,1925.000,8
00:12:05.33500,1925.000,2
00:12:14.38600,1925.000,5
00:12:15.60100,1925.000,6
00:12:18.73000,1925.000,6
00:12:20.66000,1925.000,1
00:12:30.48800,1925.250,1
00:12:31.81200,1925.250,1
00:12:32.04600,1925.000,1
00:12:34.17500,1925.250,1
00:12:36.97200,1925.250,1
00:12:58.65600,1925.000,1
00:13:01.40200,1925.000,58
00:13:05.92100,1924.750,1
00:13:19.70300,1925.000,1
00:13:26.72200,1924.750,1
00:13:29.31200,1925.000,2
00:13:30.85900,1925.000,2
00:13:32.42900,1925.000,66
00:13:35.76900,1925.000,1
00:13:36.64800,1925.000,8
00:13:36.80000,1925.000,3
00:13:43.19100,1925.000,1
00:13:45.07800,1925.250,2
00:13:53.10500,1925.000,11
00:13:58.07800,1925.000,1
00:14:04.68700,1925.250,2
00:14:12.19100,1925.000,3
00:14:18.61300,1925.000,1
00:14:23.11700,1925.000,3
00:14:26.26500,1925.000,79
00:14:32.53900,1925.000,1
00:14:33.89000,1925.000,1
00:14:44.91000,1924.750,1
00:14:46.87800,1924.750,110
00:14:50.46000,1924.500,17
00:14:50.49200,1924.500,12
00:14:50.69500,1924.500,5
00:14:51.36300,1924.500,8
00:14:53.89000,1924.500,3
00:14:56.48000,1924.500,45
00:15:06.14800,1924.500,7
00:15:08.08200,1924.500,2
00:15:09.54600,1924.250,1
00:15:09.71400,1924.250,2
00:15:10.30800,1924.250,2
00:15:11.34300,1924.250,3
00:15:15.75700,1924.250,1
00:15:16.84300,1924.250,1
00:15:18.36700,1924.250,5
00:15:22.95300,1924.250,1
00:15:28.28900,1924.500,1
00:15:31.10100,1924.500,1
00:15:31.64000,1924.500,2
00:15:42.57800,1924.250,1
00:15:42.79600,1924.500,2
00:15:45.67900,1924.500,30
00:15:48.90200,1924.500,9
00:15:49.73800,1924.500,4
00:15:50.00300,1924.500,5
00:15:52.39400,1924.500,1
00:15:54.61300,1924.250,5
00:15:55.33900,1924.500,1
00:16:06.25000,1924.750,24
00:16:10.55800,1924.750,18
00:16:32.03500,1924.750,2
00:16:33.32800,1924.500,2
00:16:40.58200,1924.750,2
00:16:51.10100,1924.750,15
00:16:51.47600,1924.750,10
00:16:52.36300,1924.750,8
00:17:13.91400,1925.000,2
00:17:19.78500,1924.750,1
00:17:32.41400,1925.000,2
00:17:49.11700,1925.000,1
00:17:53.29200,1925.000,12
00:18:09.87500,1925.000,68
00:18:27.42900,1924.750,2
00:18:31.80000,1925.000,1
00:18:36.94900,1924.750,1
00:19:02.35100,1924.750,3
00:19:19.58200,1925.000,1
00:19:32.19900,1925.000,1
00:19:32.25700,1925.000,1
00:19:45.81600,1925.000,1
00:20:02.39000,1925.250,38
00:20:07.33500,1925.000,75
00:20:08.20700,1925.000,2
00:20:10.15600,1925.000,3
00:20:10.30800,1925.000,3
00:20:10.53100,1925.000,3
00:20:13.21800,1925.000,3
00:20:19.21000,1925.000,2
00:20:21.30000,1925.000,1
00:20:24.19900,1925.000,5
00:20:24.66400,1925.000,1
00:20:45.81200,1924.750,1
00:21:10.25700,1925.000,45
00:21:32.95700,1925.250,1
00:21:41.89800,1925.250,1
00:21:42.46400,1925.250,1
00:21:43.56200,1925.250,22
00:21:47.39800,1925.250,14
00:21:48.50000,1925.250,4
00:21:53.24600,1925.250,1
00:22:03.64000,1925.500,4
00:22:04.16700,1925.500,1
00:22:13.08500,1925.250,1
00:22:14.10100,1925.250,15
00:22:14.85500,1925.250,1
00:22:32.01900,1925.250,3
00:22:33.35100,1925.250,1
00:22:34.21800,1925.250,28
00:22:35.72600,1925.500,1
00:22:45.68700,1925.250,1
00:22:48.44500,1925.250,6
00:22:49.73400,1925.250,1
00:22:51.57800,1925.250,2
00:22:52.04600,1925.250,1
00:23:06.06600,1925.250,3
00:23:10.17500,1925.500,88
00:23:24.32400,1925.250,64
00:23:25.02300,1925.250,1
00:23:27.67500,1925.250,1
00:23:43.06200,1925.250,1
00:23:44.66700,1925.250,54
00:23:47.26100,1925.500,2
00:23:47.42500,1925.250,2
00:23:50.31200,1925.250,1
00:24:08.97200,1925.500,2
00:24:17.70300,1925.500,1
00:24:30.07000,1925.500,1
00:24:32.28100,1925.500,2
00:24:33.82800,1925.500,1
00:24:34.13200,1925.500,2
00:24:36.35500,1925.500,1
00:24:39.03100,1925.500,2
00:24:39.20700,1925.500,36
00:24:40.20300,1925.500,86
00:24:40.48800,1925.500,1
00:24:41.36300,1925.500,1
00:24:43.15600,1925.250,2
00:24:53.69500,1925.500,16
00:24:56.48800,1925.500,2
00:25:08.45700,1925.500,15
00:25:16.28100,1925.500,1
00:25:26.07800,1925.500,6
00:25:26.41000,1925.500,9
00:25:28.44500,1925.500,3
00:25:38.74200,1925.500,34
00:25:39.12800,1925.500,2
00:25:40.40600,1925.500,3
00:25:43.95300,1925.500,2
00:25:58.55800,1925.500,1
00:26:04.69900,1925.500,2
00:26:07.76500,1925.500,20
00:26:14.74600,1925.500,6
00:26:25.26500,1925.250,2
00:26:25.44500,1925.500,1
00:26:34.47200,1925.500,2
00:26:34.89000,1925.750,5
00:26:35.07800,1925.750,1
00:26:35.42100,1925.500,1
00:26:35.66400,1925.750,1
00:26:37.07000,1925.500,10
00:26:39.36700,1925.500,2
00:26:44.31200,1925.500,10
00:26:44.84700,1925.750,39
00:26:50.86700,1926.000,35
00:26:51.43300,1926.000,1
00:26:52.49200,1925.750,24
00:26:54.89800,1926.000,1
00:26:58.53900,1926.000,5
00:26:58.96400,1926.000,5
00:27:13.17500,1925.750,19
00:27:17.82800,1925.750,1
00:27:19.73800,1925.750,1
00:27:20.23400,1925.750,9
00:27:20.61300,1925.750,2
00:27:23.30800,1925.750,37
00:27:24.49200,1925.750,1
00:27:27.44500,1925.750,2
00:27:35.28900,1926.000,2
00:27:38.49200,1926.000,1
00:27:39.71400,1925.750,25
00:27:41.53100,1925.750,1
00:27:43.43700,1925.750,4
00:27:44.70700,1926.000,1
00:27:45.00000,1925.750,1
00:27:47.93700,1925.750,1
00:27:54.83200,1925.750,1
00:27:56.06200,1925.750,15
00:28:28.58200,1926.000,10
00:28:35.66400,1926.000,2
00:28:37.79600,1926.000,1
00:28:41.57400,1926.000,3
00:28:46.33200,1926.000,1
00:28:53.26900,1926.000,24
00:28:57.43300,1926.000,1
00:29:01.88200,1926.000,2
00:29:05.88600,1926.250,7
00:29:06.39400,1926.250,1
00:29:14.76100,1926.000,3
00:29:15.36300,1926.000,32
00:29:15.53500,1926.000,2
00:29:17.78500,1926.000,3
00:29:18.28100,1926.000,1
00:29:19.67500,1926.000,1
00:29:20.93700,1926.000,2
00:29:21.75000,1926.000,3
00:29:23.47200,1926.000,1
00:29:23.92900,1926.000,1
00:29:36.06600,1926.000,1
00:29:39.30000,1925.750,1
00:29:46.42100,1925.750,2
00:29:50.66700,1925.750,69
00:29:53.63200,1925.500,1
00:29:56.03100,1925.500,2
00:30:03.94100,1925.500,4
00:30:04.39000,1925.750,3
00:30:06.26100,1925.750,2
00:30:06.80400,1925.750,2
00:30:14.13200,1925.750,1
00:30:16.65600,1925.750,1
00:30:32.21800,1925.500,34
00:30:32.35900,1925.250,4
00:30:32.47600,1925.500,22
00:30:35.02700,1925.250,5
00:30:39.61700,1925.000,2
00:30:40.65600,1925.000,1
00:30:42.13200,1925.250,48
00:30:43.61700,1925.250,1
00:30:46.26500,1925.500,13
00:30:46.38200,1925.500,2
00:30:46.55000,1925.500,12
00:30:47.56600,1925.500,10
00:30:49.59300,1925.500,13
00:30:50.00300,1925.500,1
00:30:53.69100,1925.500,1
00:30:55.10100,1925.500,2
00:30:55.16000,1925.500,1
00:30:55.31600,1925.500,2
00:30:55.49200,1925.500,1
00:30:58.46000,1925.500,1
00:30:59.94900,1925.500,1
00:31:06.63200,1925.750,3
00:31:13.67100,1925.500,5
00:31:19.26500,1925.500,1
00:31:20.68700,1925.500,4
00:31:25.57400,1925.250,1
00:31:27.66000,1925.500,1
00:31:28.84700,1925.500,1
00:31:36.82000,1925.500,1
00:31:38.14800,1925.250,6
00:31:41.90600,1925.250,6
00:31:42.43700,1925.250,1
00:31:42.60100,1925.250,3
00:31:54.52700,1925.250,30
00:31:56.51100,1925.000,1
00:31:58.16000,1925.250,1
00:31:58.66400,1925.250,1
00:31:59.46400,1925.000,1
00:32:06.76500,1925.000,39
00:32:08.83900,1925.000,15
00:32:14.44900,1924.750,13
00:32:14.49600,1924.750,1
00:32:20.10500,1924.750,112
00:32:23.83900,1924.500,3
00:32:24.56200,1924.500,1
00:32:25.32000,1924.750,19
00:32:25.72200,1924.750,5
00:32:34.31200,1924.750,16
00:32:43.09300,1924.750,1
00:32:49.64800,1924.750,1
00:32:54.82000,1925.000,2
00:32:59.52300,1924.750,22
00:33:28.10100,1924.750,18
00:33:31.23800,1924.750,65
00:33:38.44500,1925.000,9
00:33:43.78100,1925.000,1
00:33:50.40200,1925.000,1
00:34:07.78100,1925.250,2
00:34:14.87500,1925.000,8
00:34:22.37500,1924.750,3
00:34:36.39400,1924.750,1
00:34:38.00000,1925.000,2
00:34:42.83500,1925.000,1
00:34:45.48000,1924.750,5
00:34:50.19100,1924.750,10
00:34:53.89800,1924.750,1
00:35:07.41400,1924.500,3
00:35:08.18300,1924.750,1
00:35:12.00000,1924.500,1
00:35:14.52700,1924.500,1
00:35:14.97200,1924.750,13
00:35:21.08200,1924.750,1
00:35:30.59300,1924.750,11
00:35:39.89400,1924.750,8
00:35:40.64400,1924.750,1
00:35:41.09700,1924.750,2
00:35:57.27300,1924.750,6
00:35:59.31600,1925.000,1
00:36:11.23000,1924.750,8
00:36:20.78900,1924.750,8
00:36:28.33200,1925.000,1
00:36:31.44900,1924.750,1
00:36:38.75300,1925.000,1
00:36:39.33500,1924.750,1
00:36:54.09300,1924.750,1
00:37:06.14000,1924.750,3
00:37:07.70300,1924.750,6
00:37:08.48000,1924.750,6
00:37:25.00700,1925.000,9
00:37:26.71800,1925.000,6
00:37:38.66000,1925.000,1
00:38:06.85900,1924.750,17
00:38:17.29200,1924.750,1
00:38:29.33200,1924.750,4
00:38:29.33200,1924.750,1
00:38:30.38200,1924.750,1
00:38:34.71800,1924.500,6
00:38:35.10100,1924.500,23
00:38:36.23800,1924.500,4
00:38:41.72600,1924.500,30
00:38:47.92100,1924.500,20
00:38:49.72600,1924.250,10
00:38:53.51900,1924.500,2
00:39:00.14800,1924.250,23
00:39:04.43300,1924.250,1
00:39:05.97200,1924.500,2
00:39:07.19500,1924.750,5
00:39:09.72200,1924.750,2
00:39:12.23400,1924.500,1
00:39:13.87100,1924.500,9
00:39:19.12800,1924.750,112
00:39:19.28500,1924.750,3
00:39:25.85900,1925.000,11
00:39:26.25000,1925.000,15
00:39:39.36700,1924.750,1
00:39:39.90600,1925.000,1
00:39:45.01100,1924.750,6
00:39:47.09300,1924.500,35
00:39:56.89800,1924.500,6
00:39:58.77700,1924.750,2
00:40:40.30400,1924.750,3
00:40:46.63200,1924.500,4
00:40:50.25300,1924.500,14
00:40:53.39000,1924.500,77
00:41:10.50000,1924.750,3
00:41:13.25300,1924.500,8
00:41:19.50000,1924.500,1
00:41:25.82400,1924.500,9
00:41:33.82800,1924.500,3
00:41:33.88200,1924.500,1
00:41:43.73000,1924.500,9
00:41:59.32400,1924.250,26
00:42:02.82800,1924.000,11
00:42:04.96400,1924.000,1
00:42:13.47200,1924.000,1
00:42:13.57000,1924.000,5
00:42:18.08500,1924.250,4
00:42:18.88600,1924.000,10
00:42:26.26500,1924.250,11
00:42:37.50700,1924.250,1
00:42:38.64400,1924.500,3
00:42:40.75700,1924.500,1
00:42:41.08200,1924.500,1
00:42:44.57800,1924.500,10
00:42:50.12500,1924.500,5
00:42:53.12100,1924.500,1
00:42:58.40600,1924.500,1
00:43:05.91000,1924.500,12
00:43:11.82000,1924.250,1
00:43:24.10900,1924.500,7
00:43:29.42100,1924.250,1
00:43:41.45700,1924.500,2
00:43:42.27300,1924.500,7
00:43:42.37100,1924.250,3
00:43:47.16000,1924.500,2
00:44:01.88600,1924.750,8
00:44:02.89800,1924.500,3
00:44:03.76900,1924.500,5
00:44:09.50000,1924.500,5
00:44:16.27300,1924.500,5
00:44:17.05000,1924.750,1
00:44:18.65200,1924.750,1
00:44:31.21400,1924.750,16
00:44:32.27300,1924.750,1
00:44:39.18300,1924.500,10
00:44:39.43700,1924.500,3
00:44:42.52700,1924.500,13
00:44:43.01900,1924.500,2
00:45:05.68300,1924.500,9
00:45:11.11700,1924.500,1
00:45:13.41000,1924.500,2
00:45:42.22600,1924.750,2
00:45:54.15600,1924.750,16
00:46:06.77700,1925.000,3
00:46:07.09300,1925.000,2
00:46:08.77700,1925.000,11
00:46:11.24600,1925.000,1
00:46:12.28500,1925.000,1
00:46:14.11300,1925.000,13
00:46:18.65600,1925.250,5
00:46:20.80800,1925.000,7
00:46:29.94500,1925.250,45
00:46:37.56200,1925.500,36
00:46:41.16000,1925.250,1
00:46:41.96400,1925.500,2
00:46:43.60500,1925.500,2
00:46:47.38600,1925.500,1
00:46:49.11700,1925.500,30
00:47:12.79200,1925.500,4
00:47:18.35100,1925.250,1
00:47:37.25300,1925.250,20
00:47:40.20300,1925.250,4
00:47:42.00700,1925.000,1
00:47:42.14800,1925.000,1
00:48:02.13200,1925.250,17
00:48:04.83200,1925.000,2
00:48:13.18700,1925.000,9
00:48:30.79600,1925.000,1
00:48:40.01900,1925.250,15
00:48:44.38200,1925.500,2
00:48:49.84300,1925.250,2
00:48:50.56200,1925.250,5
00:48:58.29600,1925.250,1
00:49:01.55000,1924.750,158
00:49:04.95700,1925.000,5
00:49:05.57800,1925.000,1
00:49:19.73800,1925.250,2
00:49:40.61300,1925.250,27
00:49:44.75700,1925.250,1
00:49:47.76100,1925.000,30
00:49:52.38600,1925.000,1
00:50:01.48800,1924.750,14
00:50:01.69100,1924.750,1
00:50:01.80400,1924.750,4
00:50:02.40200,1924.750,1
00:50:09.87100,1924.750,3
00:50:11.03900,1924.750,13
00:50:19.93700,1924.750,2
00:50:22.70300,1924.750,2
00:50:30.68700,1925.000,1
00:50:36.69100,1924.750,2
00:50:50.81600,1924.750,1
00:51:09.76500,1924.750,6
00:51:10.95700,1924.750,1
00:51:14.34700,1925.000,2
00:51:18.88600,1924.750,1
00:51:23.26500,1924.750,2
00:51:26.02700,1924.750,4
00:51:45.53500,1925.000,1
00:51:58.21800,1925.000,1
00:52:26.51500,1925.000,47
00:52:28.80000,1925.000,4
00:52:34.23800,1925.000,6
00:52:45.91400,1925.250,1
00:52:46.46000,1925.000,1
00:53:10.82400,1925.250,22
00:53:14.06600,1925.250,18
00:53:17.44500,1925.250,18
00:53:19.37100,1925.250,5
00:53:45.31200,1925.500,2
00:53:50.38200,1925.500,1
00:53:51.86700,1925.500,21
00:53:52.14800,1925.500,1
00:54:04.21400,1925.500,43
00:54:12.94100,1925.250,1
00:54:15.50300,1925.500,2
00:54:20.26500,1925.250,2
00:54:23.62100,1925.500,10
00:54:35.82000,1925.500,10
00:54:42.60500,1925.500,2
00:54:45.69100,1925.500,2
00:55:05.07800,1925.500,10
00:55:07.59300,1925.500,1
00:55:29.54600,1925.250,76
00:55:30.70700,1925.250,1
00:55:46.08900,1925.250,2
00:55:48.69500,1925.250,1
00:55:51.66700,1925.250,5
00:55:52.44900,1925.250,3
00:55:53.64800,1925.250,1
00:56:11.87100,1925.000,7
00:56:14.17500,1925.250,6
00:56:16.28100,1925.500,1
00:56:35.52700,1925.250,6
00:56:42.31600,1925.250,8
00:56:43.16400,1925.250,9
00:57:16.07800,1925.250,3
00:57:16.66400,1925.250,1
00:57:19.79600,1925.250,1
00:57:29.16000,1925.000,10
00:57:29.39800,1925.000,2
00:57:33.00300,1925.250,10
00:57:34.71400,1925.000,20
00:57:45.47600,1925.000,3
00:57:52.28500,1925.000,11
00:57:52.69500,1925.000,1
00:58:18.79200,1925.000,9
00:58:20.33500,1925.000,6
00:58:30.49600,1925.000,4
00:58:33.82400,1925.000,10
00:58:34.53900,1925.000,1
00:58:37.04600,1925.000,3
00:59:09.77700,1924.750,11
00:59:13.57800,1924.750,1
00:59:29.20300,1924.750,25
00:59:30.00000,1924.750,3
00:59:32.95700,1924.500,22
00:59:35.01500,1924.500,2
00:59:37.87800,1924.500,1
00:59:41.44500,1924.500,81
00:59:42.79600,1924.750,5
00:59:44.20300,1924.750,1
00:59:45.02700,1924.750,4
00:59:45.63200,1924.750,8
00:59:47.72200,1924.750,1
00:59:48.64000,1924.500,1
00:59:50.49600,1924.750,1
00:59:50.75300,1924.750,4
00:59:57.03100,1925.000,27
00:59:57.67500,1924.750,14
01:00:00.40200,1924.750,0
01:00:00.73000,1924.500,4
01:00:00.85100,1924.750,4
01:00:01.25000,1924.500,1
01:00:01.34700,1924.500,1
01:00:02.29200,1924.500,18
01:00:04.35500,1924.500,3
01:00:04.58500,1924.500,4
01:00:06.42100,1924.500,9
01:00:12.23400,1924.500,7
01:00:12.81200,1924.500,1
01:00:13.80400,1924.500,8
01:00:18.60900,1924.500,21
01:00:22.77300,1924.250,1
01:00:23.94900,1924.250,13
01:00:29.18300,1924.250,1
01:00:29.62100,1924.250,1
01:00:29.93300,1924.250,8
01:00:36.61700,1924.250,1
01:00:38.31600,1924.250,1
01:00:49.37100,1924.500,1
01:00:58.32000,1924.250,32
01:00:59.01500,1924.250,1
01:00:59.76500,1924.000,2
01:01:19.90600,1924.250,5
01:01:22.37800,1924.000,1
01:01:25.91400,1924.000,1
01:01:30.82000,1924.250,33
01:01:31.33500,1924.250,6
01:01:32.72600,1924.250,1
01:01:33.20700,1924.000,102
01:01:33.65600,1924.000,1
01:01:33.78100,1924.000,6
01:01:34.74600,1924.000,1
01:01:40.66400,1924.000,1
01:01:46.56600,1924.000,1
01:01:49.19500,1924.000,1
01:01:49.86700,1924.000,5
01:01:50.18700,1924.000,1
01:01:51.42100,1924.000,1
01:02:15.44900,1923.750,17
01:02:21.00000,1924.000,2
01:02:21.23000,1923.750,4
01:02:33.46800,1923.750,1
01:02:35.16000,1923.750,1
01:02:36.01900,1924.000,10
01:02:41.20300,1924.000,2
01:02:44.96000,1924.000,11
01:02:47.00300,1924.000,1
01:02:51.52300,1924.250,2
01:03:10.72200,1924.250,3
01:03:14.34700,1924.000,1
01:03:22.07000,1924.250,2
01:03:24.79600,1924.250,19
01:03:28.12500,1924.250,2
01:03:30.48800,1924.250,1
01:03:36.51900,1924.250,1
01:03:46.04200,1924.250,1
01:03:47.19500,1924.250,4
01:03:51.91000,1924.250,10
01:03:56.74600,1924.250,1
01:04:05.41400,1924.500,19
01:04:06.48800,1924.500,1
01:04:18.39400,1924.250,2
01:04:23.14400,1924.500,3
01:04:29.26900,1924.500,32
01:04:29.59700,1924.500,2
01:04:32.00000,1924.500,1
01:04:43.16700,1924.750,1
01:04:45.84700,1924.750,9
01:04:53.50700,1924.500,10
01:04:56.76900,1924.500,1
01:05:18.92100,1924.500,5
01:05:24.22200,1924.500,2
01:05:24.80400,1924.250,1
01:05:25.73400,1924.500,2
01:05:29.76900,1924.500,1
01:05:41.26900,1924.500,3
01:05:48.07400,1924.250,4
01:05:54.73400,1924.500,2
01:06:10.05800,1924.500,3
01:06:19.58900,1924.500,1
01:06:26.85500,1924.500,1
01:06:28.67100,1924.250,2
01:06:44.38200,1924.250,1
01:06:54.30400,1924.500,1
01:06:55.80800,1924.500,2
01:07:12.50000,1924.250,2
01:07:16.92500,1924.500,9
01:07:18.21400,1924.250,1
01:07:23.15600,1924.500,12
01:07:26.36300,1924.750,1
01:07:54.90600,1924.500,1
01:07:56.88200,1924.750,2
01:08:17.48400,1924.750,11
01:08:27.46800,1924.750,3
01:08:29.17100,1924.750,5
01:08:44.83900,1924.750,1
01:08:45.59700,1924.750,2
01:08:47.44500,1924.750,1
01:08:52.02300,1924.750,2
01:08:57.96000,1925.000,1
01:09:20.00300,1924.500,17
01:09:22.00700,1924.750,1
01:09:30.08500,1924.500,11
01:09:37.34700,1924.500,1
01:09:45.14000,1924.500,1
01:09:51.49600,1924.250,2
01:09:53.73800,1924.250,1
01:09:59.04600,1924.500,1
01:10:00.83900,1924.250,11
01:10:13.82000,1924.000,1
01:10:25.07400,1924.250,11
01:10:28.72600,1924.250,2
01:10:29.57800,1924.500,2
01:10:29.87800,1924.250,5
01:10:33.24600,1924.250,2
01:10:36.83900,1924.250,3
01:10:43.06200,1924.250,5
01:10:47.92100,1924.500,45
01:11:07.75300,1924.750,129
01:11:19.26500,1924.750,39
01:11:25.89800,1924.750,94
01:11:28.83500,1924.750,1
01:11:30.64400,1924.750,2
01:11:30.77700,1924.500,1
01:11:40.78900,1924.500,3
01:12:20.44500,1924.750,31
01:12:20.93300,1924.750,1
01:12:25.30000,1924.750,1
01:12:31.72200,1925.000,1
01:12:33.39800,1925.000,55
01:12:37.77300,1924.750,1
01:12:48.78900,1925.000,3
01:12:52.85500,1925.250,12
01:12:54.96400,1925.250,1
01:12:55.32800,1925.250,1
01:12:57.70700,1925.000,36
01:12:59.75000,1925.000,10
01:13:08.88200,1924.750,15
01:13:14.30400,1924.750,20
01:13:15.19500,1924.750,1
01:13:24.36700,1924.750,1
01:13:32.79200,1925.000,1
01:14:03.60500,1925.000,3
01:14:16.38200,1925.000,16
01:14:22.00000,1925.000,5
01:14:53.69900,1925.000,1
01:15:04.41700,1925.000,4
01:15:07.34300,1924.750,16
01:15:28.94900,1924.750,1
01:15:29.92900,1924.750,1
01:15:30.09700,1924.750,1
01:15:30.35500,1924.750,5
01:15:36.66000,1924.750,1
01:15:50.37500,1924.750,1
01:15:53.00300,1924.750,1
01:16:14.18300,1925.000,12
01:16:20.24600,1925.000,12
01:16:24.65600,1925.000,1
01:16:26.33900,1924.750,1
01:16:27.76100,1924.750,1
01:16:30.76900,1924.750,1
01:16:45.74200,1924.750,1
01:16:58.07800,1924.750,2
01:17:06.56600,1925.000,3
01:17:22.67100,1925.000,1
01:17:37.10500,1925.000,2
01:17:53.05400,1924.750,1
01:17:57.53900,1924.750,6
01:18:09.01900,1924.750,2
01:18:15.29600,1924.750,1
01:18:32.46400,1924.750,20
01:18:59.33200,1924.750,1
01:19:34.00300,1924.750,4
01:19:34.81200,1925.000,2
01:19:39.25000,1925.000,1
01:20:09.77300,1925.000,12
01:20:40.32000,1925.000,1
01:21:17.08500,1925.000,12
01:21:22.46400,1925.000,1
01:21:41.38600,1925.000,1
01:22:15.26900,1925.000,8
01:22:17.94900,1925.000,96
01:22:22.66700,1925.000,1
01:22:23.00300,1925.000,8
01:22:23.50000,1925.000,24
01:22:24.51500,1925.000,1
01:22:25.33500,1925.250,2
01:22:26.87800,1925.250,1
01:22:37.94900,1925.000,2
01:22:42.30000,1925.000,28
01:22:56.78900,1925.000,4
01:23:13.01500,1925.250,2
01:23:16.49600,1925.000,5
01:23:17.12800,1925.000,3
01:23:18.27700,1925.000,6
01:23:19.68700,1925.000,4
01:23:28.00300,1925.000,2
01:23:35.14800,1925.000,2
01:23:45.83200,1925.000,130
01:23:51.44500,1925.000,1
01:23:58.05800,1924.750,1
01:23:59.37500,1924.750,25
01:24:44.61700,1925.000,3
01:25:14.19900,1924.750,22
01:25:22.89800,1924.750,1
01:25:45.68700,1925.000,2
01:25:49.03500,1924.750,1
01:25:51.64000,1925.000,10
01:26:29.48400,1925.000,2
01:26:46.75700,1925.000,2
01:27:17.30800,1925.250,7
01:27:32.78500,1925.000,1
01:27:47.58200,1925.000,5
01:27:47.82400,1925.250,1
01:27:51.74600,1925.250,1
01:28:40.45300,1924.750,30
01:29:00.55400,1924.500,4
01:29:03.06200,1924.750,4
01:29:09.92100,1924.500,1
01:29:19.45700,1924.750,2
01:29:26.48000,1924.500,1
01:29:30.18700,1924.500,1
01:29:30.82400,1924.500,1
01:29:30.94100,1924.500,1
01:29:31.27700,1924.500,1
01:29:40.17500,1924.500,1
01:29:50.00700,1924.750,1
01:29:58.84300,1924.500,3
01:30:18.20300,1924.500,3
01:30:20.53100,1924.750,2
01:30:30.42500,1924.750,1
01:30:45.55800,1924.500,26
01:30:45.79600,1924.500,2
01:30:47.68700,1924.500,6
01:31:03.87100,1924.250,21
01:31:05.46800,1924.250,5
01:31:08.89000,1924.250,1
01:31:13.37500,1924.250,10
01:31:13.51900,1924.250,1
01:31:14.76100,1924.250,5
01:31:16.89400,1924.000,9
01:31:20.38200,1924.250,62
01:31:27.07800,1924.250,1
01:31:28.13200,1924.250,3
01:31:29.34700,1924.250,2
01:31:34.67100,1924.000,102
01:31:37.44100,1924.000,1
01:31:41.35500,1924.000,1
01:31:49.16700,1924.000,2
01:31:49.43700,1924.000,18
01:31:52.14400,1924.500,2
01:31:57.11700,1924.250,10
01:32:08.46400,1924.250,5
01:32:22.67500,1924.500,1
01:32:24.53900,1924.250,18
01:32:29.92100,1924.250,3
01:32:34.00300,1924.250,2
01:32:37.84700,1924.250,8
01:32:38.18300,1924.250,2
01:32:41.07000,1924.250,5
01:32:49.65200,1924.000,32
01:32:50.47600,1924.000,25
01:32:51.10500,1924.000,5
01:32:51.88600,1923.750,1
01:32:54.86300,1924.000,60
01:32:55.07400,1924.000,1
01:33:04.00300,1923.750,2
01:33:07.38600,1923.750,1
01:33:08.03900,1923.750,12
01:33:08.72600,1923.500,9
01:33:08.78500,1923.750,5
01:33:08.97200,1923.750,2
01:33:09.14800,1923.750,2
01:33:20.29600,1923.750,1
01:33:20.45700,1923.750,5
01:33:29.03900,1923.750,1
01:33:30.66700,1923.750,1
01:33:31.97200,1923.500,1
01:33:32.42100,1923.750,2
01:33:35.43300,1923.500,1
01:33:37.16000,1923.750,2
01:33:38.10900,1923.750,8
01:33:42.63200,1923.750,2
01:33:55.49600,1923.750,1
01:33:56.27700,1923.750,5
01:33:58.94900,1923.750,1
01:34:10.91000,1924.000,2
01:34:24.82800,1924.000,2
01:34:26.58200,1924.000,5
01:34:30.62500,1924.000,1
01:34:39.36300,1923.750,1
01:34:55.38200,1924.000,1
01:34:59.78100,1923.750,1
01:35:10.44500,1924.000,30
01:35:23.23400,1924.000,5
01:35:25.90600,1924.000,2
01:35:28.95300,1924.000,5
01:35:51.96400,1924.000,53
01:35:56.46000,1924.250,1
01:35:56.67900,1924.250,1
01:35:58.84300,1924.250,1
01:36:23.59300,1924.000,2
01:36:27.00700,1924.250,2
01:36:55.06200,1924.000,1
01:36:57.52300,1924.250,1
01:37:12.58900,1924.500,11
01:37:13.27700,1924.250,3
01:37:26.25700,1924.250,1
01:37:28.07800,1924.500,2
01:37:28.39800,1924.500,1
01:37:28.50300,1924.250,1
01:37:29.15200,1924.500,3
01:37:30.39800,1924.250,2
01:37:30.88600,1924.500,1
01:37:37.79200,1924.500,2
01:37:42.34300,1924.500,1
01:37:50.05000,1924.500,1
01:37:51.38200,1924.500,1
01:37:53.58200,1924.500,1
01:37:58.60100,1924.500,2
01:38:13.00000,1924.500,36
01:38:17.17900,1924.500,1
01:38:18.33900,1924.500,1
01:38:29.14400,1924.750,1
01:38:43.26900,1924.750,1
01:38:44.91700,1924.750,1
01:38:55.07800,1924.750,2
01:38:59.67500,1924.750,2
01:39:08.64400,1924.750,2
01:39:28.06200,1924.750,2
01:39:30.20300,1924.750,1
01:39:33.48800,1925.000,55
01:39:36.00300,1924.750,1
01:39:37.45300,1924.750,1
01:39:46.24200,1924.750,3
01:39:59.55800,1924.750,1
01:40:05.50000,1924.750,4
01:40:13.23000,1925.000,2
01:40:15.15200,1925.000,1
01:40:29.56200,1925.000,2
01:40:31.27300,1925.000,1
01:40:37.24600,1924.750,4
01:40:58.37500,1924.750,2
01:40:58.66000,1924.750,1
01:41:06.90600,1924.750,3
01:41:12.32400,1924.750,3
01:41:29.23800,1924.750,1
01:41:32.34700,1924.750,2
01:41:40.10500,1924.750,1
01:41:59.70300,1924.750,2
01:42:04.34700,1924.750,4
01:42:05.63200,1924.750,1
01:42:08.96000,1924.500,11
01:42:18.33200,1924.750,1
01:42:32.03900,1924.500,1
01:42:33.41400,1924.750,2
01:42:35.01500,1924.500,1
01:42:40.67900,1924.750,1
01:42:42.78100,1924.500,1
01:42:44.75300,1924.250,7
01:42:45.09300,1924.500,2
01:43:11.65600,1924.250,2
01:43:18.37100,1924.500,1
01:43:21.79200,1924.500,2
01:43:24.00300,1924.500,1
01:43:24.90200,1924.500,1
01:43:29.81200,1924.750,1
01:43:34.49600,1924.750,2
01:43:37.00700,1924.750,5
01:43:48.88200,1924.750,1
01:43:54.57400,1924.750,2
01:44:04.78100,1924.750,2
01:44:05.03500,1924.750,1
01:44:19.42900,1924.750,1
01:44:29.00700,1924.750,2
01:44:35.56200,1924.750,2
01:44:37.62800,1924.750,2
01:44:42.23000,1924.750,1
01:44:50.03500,1924.750,2
01:44:53.33200,1924.750,1
01:45:24.40600,1924.750,3
01:45:36.58200,1924.750,1
01:45:44.00700,1924.500,14
01:45:44.82000,1924.500,5
01:46:14.33900,1924.500,2
01:46:14.67100,1924.500,6
01:46:15.21800,1924.750,1
01:46:18.15600,1924.500,1
01:46:19.33200,1924.500,1
01:46:23.51100,1924.500,2
01:46:30.14400,1924.500,7
01:46:43.60500,1924.500,1
01:46:47.19100,1924.500,19
01:46:52.00300,1924.500,2
01:47:09.75000,1924.750,2
01:47:36.73000,1924.500,5
01:47:46.66700,1924.500,1
01:47:48.97200,1924.750,2
01:47:51.41400,1924.750,1
01:47:51.76100,1924.750,1
01:48:16.94500,1924.750,3
01:48:19.10100,1924.750,1
01:48:19.96400,1924.750,1
01:48:28.58200,1924.750,1
01:49:13.46400,1924.750,36
01:49:13.86700,1924.750,1
01:49:22.18300,1924.750,1
01:49:26.80000,1924.500,2
01:49:28.00300,1924.500,2
01:49:38.85100,1924.750,1
01:49:42.89800,1924.750,1
01:50:37.47200,1924.500,36
01:50:45.46000,1924.750,1
01:50:53.41700,1924.500,9
01:50:57.73400,1924.500,1
01:51:02.81600,1924.250,2
01:51:05.83200,1924.250,4
01:51:08.44100,1924.250,9
01:51:23.51900,1924.000,64
01:51:24.70300,1923.750,60
01:51:30.76900,1923.750,1
01:51:32.42100,1924.000,13
01:51:33.10900,1923.750,1
01:51:34.51900,1923.750,1
01:51:36.21400,1924.000,1
01:51:37.80400,1924.000,1
01:51:44.34700,1924.000,6
01:51:48.46800,1924.000,1
01:52:27.70300,1923.750,8
01:52:30.42900,1923.750,20
01:52:53.94900,1923.750,5
01:52:57.63200,1923.750,2
01:53:17.89800,1923.750,6
01:53:22.81200,1923.750,1
01:53:23.82400,1924.000,1
01:53:36.07000,1923.500,169
01:53:37.69100,1923.750,1
01:53:45.36700,1923.750,2
01:53:50.70300,1923.750,12
01:53:55.35100,1923.750,1
01:53:57.90200,1923.750,5
01:53:59.70300,1923.750,1
01:54:06.42900,1923.750,2
01:54:10.07400,1924.000,1
01:54:11.93300,1923.750,1
01:54:22.75000,1923.750,1
01:54:53.83200,1924.000,2
01:54:54.79200,1924.000,1
01:54:57.37800,1924.000,22
01:54:57.79600,1924.000,3
01:55:38.05800,1923.750,2
01:55:46.07800,1923.750,1
01:55:46.20700,1924.000,2
01:55:53.12800,1923.750,1
01:56:27.65200,1924.000,7
01:56:28.27300,1924.000,1
01:56:35.27700,1924.000,5
01:56:41.44900,1923.750,1
01:56:58.47600,1923.750,1
01:57:18.49600,1923.750,7
01:57:21.09300,1923.500,15
01:57:24.29200,1923.500,1
01:57:26.33500,1923.750,56
01:57:27.69100,1923.750,5
01:57:27.75700,1923.750,8
01:57:29.69500,1923.750,1
01:57:35.91000,1923.750,2
01:57:57.25000,1923.750,3
01:58:25.96000,1923.750,11
01:58:37.03900,1923.750,1
01:58:44.35900,1923.750,21
01:58:50.07400,1923.500,2
01:58:52.65600,1923.750,6
01:59:06.43700,1923.750,3
01:59:06.94100,1923.750,1
01:59:11.40200,1923.750,1
01:59:12.51900,1923.750,1
01:59:20.79100,1923.750,2
01:59:22.96000,1924.000,1
01:59:27.81600,1923.500,184
01:59:36.39800,1923.500,17
01:59:37.13200,1923.500,2
01:59:39.92100,1923.500,2
01:59:50.12500,1923.500,1
01:59:53.67900,1923.500,2
01:59:57.07400,1923.250,4
01:59:57.29200,1923.500,1
01:59:57.66400,1923.250,1
01:59:59.51100,1923.500,5
01:59:59.60900,1923.500,1
01:59:59.75300,1923.500,1
01:59:59.81200,1923.500,1
02:00:00.53900,1923.500,0
02:00:00.66000,1923.250,3
02:00:02.89800,1923.250,1
02:00:03.94100,1923.750,52
02:00:04.10900,1923.750,2
02:00:04.93700,1923.500,1
02:00:06.28500,1923.750,1
02:00:08.11700,1923.750,5
02:00:08.44900,1923.750,1
02:00:09.64800,1923.750,17
02:00:10.61700,1923.750,48
02:00:10.79200,1923.500,3
02:00:12.19100,1923.750,10
02:00:13.03500,1923.750,25
02:00:13.79200,1923.750,3
02:00:16.22600,1923.750,7
02:00:16.66000,1923.500,6
02:00:17.13200,1923.750,8
02:00:18.48000,1923.750,16
02:00:20.57800,1924.000,3
02:00:21.35900,1924.000,4
02:00:22.47600,1924.000,51
02:00:23.01500,1924.000,15
02:00:23.25700,1924.000,7
02:00:24.42100,1924.250,5
02:00:25.41000,1924.000,1
02:00:26.04200,1924.000,79
02:00:26.23000,1924.000,1
02:00:26.83500,1923.750,13
02:00:28.56600,1923.750,4
02:00:29.54600,1924.000,1
02:00:30.64400,1923.750,12
02:00:31.15600,1923.750,25
02:00:33.37500,1923.750,27
02:00:34.67500,1923.750,1
02:00:35.43300,1923.750,28
02:00:36.25300,1923.500,30
02:00:37.40200,1923.500,1
02:00:39.68700,1923.500,1
02:00:43.18300,1923.750,7
02:00:45.64400,1923.750,25
02:00:47.87500,1923.750,1
02:00:49.35500,1924.000,153
02:00:49.35500,1924.000,6
02:00:51.86700,1924.000,26
02:00:52.37500,1924.000,1
02:00:55.91400,1923.750,1
02:00:56.69100,1924.000,5
02:00:57.57800,1924.000,12
02:01:00.92500,1924.000,23
02:01:01.52700,1924.250,2
02:01:02.71000,1924.000,26
02:01:05.68300,1923.750,71
02:01:06.30400,1923.500,26
02:01:06.68700,1923.500,18
02:01:08.79600,1923.500,1
02:01:11.37800,1923.500,6
02:01:13.94900,1923.750,20
02:01:14.90200,1923.500,1
02:01:17.69500,1923.750,1
02:01:19.71400,1923.750,66
02:01:20.46800,1923.750,2
02:01:20.92100,1924.000,1
02:01:22.42500,1924.000,6
02:01:23.10900,1924.000,63
02:01:25.53500,1924.000,3
02:01:25.92900,1924.250,1
02:01:26.35500,1924.250,1
02:01:27.46400,1924.000,15
02:01:28.17500,1924.000,1
02:01:29.19900,1924.000,1
02:01:31.89400,1924.000,1
02:01:32.21400,1924.000,15
02:01:33.34300,1924.000,5
02:01:35.51900,1924.000,1
02:01:35.84300,1924.250,1
02:01:36.30000,1924.000,1
02:01:36.62800,1924.000,2
02:01:37.45300,1924.000,1
02:01:38.13200,1924.000,2
02:01:42.97200,1924.000,2
02:01:43.42500,1924.000,1
02:01:47.53900,1924.250,1
02:01:48.16000,1924.250,3
02:01:48.85900,1924.000,1
02:01:50.10900,1924.250,3
02:01:52.13600,1924.250,24
02:01:52.29600,1924.250,3
02:01:52.75300,1924.500,1
02:01:53.27700,1924.500,1
02:01:53.61700,1924.500,9
02:01:54.74600,1924.500,1
02:01:54.92900,1924.250,2
02:01:59.07000,1924.250,32
02:01:59.16400,1924.000,3
02:02:05.00700,1924.250,27
02:02:05.20300,1924.250,65
02:02:06.44100,1924.500,1
02:02:08.37500,1924.500,1
02:02:09.72600,1924.500,1
02:02:10.90200,1924.250,2
02:02:13.30400,1924.500,37
02:02:13.66000,1924.500,4
02:02:15.00000,1924.500,8
02:02:15.22600,1924.750,5
02:02:15.57400,1924.750,1
02:02:16.12100,1924.750,1
02:02:17.10900,1924.500,8
02:02:17.82400,1924.500,1
02:02:18.20700,1924.500,4
02:02:18.58200,1924.750,5
02:02:19.30000,1924.750,10
02:02:21.33500,1924.750,7
02:02:23.62100,1924.750,9
02:02:24.42100,1924.750,7
02:02:25.48800,1925.000,28
02:02:25.88200,1925.000,2
02:02:33.85900,1925.000,52
02:02:35.05800,1925.250,1
02:02:35.23400,1925.250,1
02:02:37.81200,1925.250,6
02:02:38.74200,1925.000,1
02:02:39.36700,1925.000,1
02:02:40.42500,1925.000,47
02:02:40.86700,1925.000,2
02:02:52.96000,1925.000,22
02:02:54.82800,1925.000,5
02:02:57.02700,1925.000,1
02:02:57.41000,1925.250,5
02:02:58.18700,1925.000,2
02:03:00.55400,1925.000,19
02:03:00.69100,1925.000,1
02:03:01.06600,1925.000,1
02:03:01.24200,1924.750,1
02:03:03.70700,1925.000,1
02:03:06.29200,1925.000,10
02:03:08.10100,1924.750,35
02:03:08.25000,1924.750,2
02:03:09.79600,1924.750,5
02:03:10.29600,1924.750,1
02:03:13.68700,1924.500,1
02:03:15.75700,1924.750,1
02:03:25.52300,1924.500,1
02:03:29.28900,1924.750,5
02:03:31.21400,1924.750,1
02:03:38.73400,1924.500,47
02:03:38.87500,1924.500,6
02:03:44.05400,1924.500,1
02:03:45.53500,1924.500,53
02:03:46.12800,1924.500,1
02:03:52.07000,1924.500,1
02:03:55.01100,1924.750,16
02:03:55.55400,1924.750,17
02:03:57.51900,1924.750,1
02:04:10.69900,1924.750,31
02:04:11.23400,1925.000,1
02:04:12.83200,1924.750,8
02:04:13.23000,1925.000,1
02:04:13.57400,1925.000,1
02:04:16.66000,1924.750,29
02:04:26.49200,1924.750,23
02:04:40.60900,1925.000,1
02:04:41.05400,1925.000,6
02:04:42.38200,1925.000,21
02:04:44.65200,1925.250,1
02:04:48.71400,1925.000,32
02:04:49.84700,1925.000,1
02:04:50.33200,1925.000,2
02:04:56.15600,1925.000,1
02:04:58.56600,1925.000,6
02:05:01.20700,1924.750,2
02:05:09.12500,1925.000,19
02:05:10.76500,1925.000,8
02:05:11.96000,1925.000,1
02:05:12.56600,1924.750,1
02:05:18.46800,1925.000,5
02:05:20.09700,1925.000,1
02:05:20.37800,1925.000,3
02:05:21.17500,1925.250,1
02:05:34.64400,1925.000,11
02:05:35.17900,1925.000,1
02:05:39.07400,1924.750,20
02:05:43.30800,1924.750,21
02:05:46.39000,1924.750,10
02:05:47.70300,1924.750,4
02:05:55.36300,1925.000,3
02:05:56.33500,1924.750,36
02:06:04.70300,1924.500,58
02:06:12.10500,1924.750,12
02:06:14.59700,1924.750,20
02:06:15.48400,1924.750,1
02:06:16.28900,1924.750,9
02:06:19.15200,1924.750,1
02:06:20.86700,1924.750,5
02:06:34.21400,1924.750,1
02:06:34.37800,1924.750,5
02:06:36.87800,1924.750,24
02:06:39.49600,1924.750,1
02:06:42.21400,1924.500,1
02:06:44.78100,1924.750,6
02:06:47.73000,1924.750,1
02:06:52.63200,1924.500,62
02:07:05.68700,1924.250,25
02:07:06.55800,1924.500,40
02:07:10.80000,1924.500,3
02:07:20.64800,1924.750,5
02:07:22.41000,1924.750,2
02:07:22.78100,1924.750,1
02:07:29.58500,1924.750,2
02:07:30.01900,1924.750,5
02:07:37.96000,1924.500,25
02:07:38.04600,1924.500,2
02:07:40.15600,1924.500,1
02:07:49.26500,1924.250,3
02:07:54.46000,1924.500,6
02:07:55.57400,1924.500,1
02:07:59.14800,1924.500,59
02:07:59.36300,1924.500,1
02:08:06.90200,1924.500,31
02:08:13.68700,1924.750,5
02:08:13.76100,1924.750,1
02:08:17.32000,1924.750,10
02:08:22.69100,1924.750,2
02:08:24.59300,1924.750,3
02:08:25.07400,1924.750,5
02:08:26.17900,1925.000,6
02:08:27.02700,1924.750,1
02:08:27.09700,1924.750,1
02:08:27.72600,1925.000,1
02:08:29.01500,1925.000,158
02:08:32.31200,1925.250,11
02:08:34.04200,1925.250,37
02:08:35.34700,1925.250,5
02:08:40.59700,1925.250,3
02:08:41.07800,1925.500,5
02:08:41.31200,1925.250,1
02:08:41.75000,1925.500,6
02:08:42.50700,1925.250,5
02:08:43.46000,1925.500,2
02:08:46.06600,1925.250,2
02:08:47.11700,1925.250,1
02:08:47.18700,1925.500,1
02:08:52.02300,1925.500,2
02:08:55.17900,1925.500,4
02:08:57.14800,1925.500,1
02:09:01.32800,1925.500,11
02:09:01.96800,1925.500,56
02:09:02.01500,1925.500,18
02:09:02.53500,1925.500,1
02:09:04.59700,1925.500,15
02:09:05.68700,1925.750,2
02:09:06.07000,1925.750,1
02:09:06.80000,1925.500,2
02:09:08.53100,1925.750,1
02:09:09.24600,1925.750,52
02:09:09.37100,1926.000,12
02:09:09.67500,1926.000,1
02:09:10.03500,1926.000,59
02:09:10.03900,1926.000,5
02:09:10.19900,1926.000,10
02:09:10.88200,1926.000,16
02:09:11.26500,1926.000,3
02:09:13.24200,1926.000,1
02:09:13.40600,1926.000,1
02:09:14.18700,1926.000,1
02:09:15.35900,1926.000,5
02:09:15.74600,1926.250,1
02:09:16.12100,1926.250,3
02:09:16.45700,1926.250,1
02:09:16.89800,1926.250,58
02:09:17.91700,1926.250,4
02:09:18.33500,1926.250,2
02:09:18.72600,1926.250,12
02:09:21.62800,1926.250,1
02:09:25.40600,1926.250,1
02:09:27.53500,1926.750,106
02:09:27.87800,1926.500,35
02:09:28.35900,1926.500,3
02:09:30.22600,1926.500,5
02:09:30.38600,1926.500,23
02:09:32.89400,1926.500,1
02:09:33.94900,1926.500,3
02:09:35.44100,1926.500,5
02:09:35.74200,1926.500,2
02:09:36.17900,1926.250,1
02:09:37.57000,1926.500,4
02:09:38.59300,1926.250,1
02:09:40.29600,1926.500,1
02:09:40.64800,1926.500,17
02:09:40.75300,1926.500,10
02:09:41.05000,1926.500,10
02:09:44.96000,1926.500,12
02:09:45.12800,1926.500,1
02:09:45.95700,1926.500,5
02:09:46.37500,1926.500,1
02:09:46.54600,1926.500,1
02:09:48.83500,1926.750,25
02:09:49.91700,1926.750,1
02:09:51.21000,1926.750,1
02:09:51.51500,1926.750,1
02:09:53.20300,1926.500,70
02:09:55.11300,1926.750,2
02:09:55.53500,1926.500,1
02:09:58.00300,1926.750,5
02:09:58.21000,1926.750,2
02:09:58.80400,1926.750,2
02:09:58.88200,1926.750,3
02:10:01.21800,1926.750,4
02:10:04.87100,1926.500,60
02:10:05.56600,1926.250,1
02:10:05.97200,1926.500,2
02:10:06.05000,1926.500,1
02:10:08.07000,1926.750,6
02:10:08.38600,1926.500,1
02:10:08.52700,1926.500,3
02:10:09.24600,1926.500,2
02:10:09.67100,1926.750,1
02:10:10.56600,1926.500,2
02:10:10.95300,1926.500,6
02:10:11.33200,1926.500,1
02:10:12.09700,1926.750,1
02:10:13.40200,1926.500,8
02:10:13.62800,1926.750,5
02:10:16.31200,1926.750,1
02:10:18.29600,1926.750,1
02:10:21.04200,1926.750,1
02:10:21.23000,1926.500,1
02:10:21.49600,1926.500,2
02:10:22.49600,1926.750,45
02:10:24.02700,1926.750,3
02:10:25.82000,1926.750,1
02:10:26.17100,1927.250,755
02:10:26.17100,1927.250,2
02:10:26.19500,1927.250,27
02:10:26.19500,1927.250,11
02:10:26.27700,1927.500,55
02:10:26.36700,1927.250,2
02:10:26.49600,1927.250,65
02:10:26.51900,1927.250,5
02:10:26.83200,1927.500,1
02:10:27.07400,1927.250,6
02:10:27.33500,1927.250,1
02:10:27.48000,1927.250,1
02:10:30.56600,1927.250,2
02:10:31.79600,1927.250,1
02:10:31.87800,1927.000,1
02:10:33.19100,1927.250,12
02:10:34.66700,1927.250,2
02:10:36.36700,1927.250,1
02:10:38.80800,1927.250,1
02:10:42.13200,1927.250,1
02:10:46.08500,1927.000,1
02:10:46.82400,1927.250,1
02:10:48.26500,1927.000,2
02:10:49.10100,1927.000,1
02:10:50.72200,1927.000,1
02:10:51.69900,1927.250,36
02:10:53.51100,1927.500,17
02:10:53.89000,1927.500,19
02:10:54.61700,1927.750,1
02:10:55.10900,1927.500,3
02:10:57.40200,1927.750,1
02:10:57.71400,1927.500,2
02:10:57.82000,1927.500,2
02:10:58.70300,1927.500,6
02:10:59.78100,1927.750,1
02:11:01.02300,1927.250,32
02:11:01.74600,1927.500,4
02:11:02.87100,1927.250,5
02:11:03.42100,1927.250,4
02:11:04.82800,1927.250,45
02:11:05.22200,1927.000,42
02:11:06.35500,1926.750,2
02:11:06.72600,1926.750,1
02:11:08.55800,1926.750,1
02:11:10.06600,1926.750,24
02:11:10.25000,1926.750,23
02:11:10.30800,1926.750,1
02:11:12.02700,1927.000,3
02:11:13.46800,1926.750,14
02:11:17.37800,1926.500,2
02:11:18.29600,1926.500,2
02:11:20.47200,1926.500,11
02:11:22.85500,1926.500,2
02:11:23.06200,1926.500,1
02:11:23.93700,1926.500,28
02:11:27.33900,1926.500,2
02:11:29.03100,1926.500,1
02:11:29.64800,1926.750,1
02:11:31.31600,1926.500,8
02:11:33.85500,1926.500,5
02:11:35.03500,1926.500,2
02:11:35.73400,1926.500,4
02:11:36.89000,1926.500,5
02:11:38.18700,1926.500,4
02:11:39.43700,1926.500,2
02:11:39.78500,1926.500,2
02:11:42.62100,1926.250,1
02:11:46.07000,1926.500,5
02:11:46.65600,1926.250,1
02:11:47.01500,1926.250,36
02:11:47.39400,1926.250,1
02:11:48.65600,1926.250,13
02:11:49.91400,1926.250,1
02:11:50.16400,1926.500,3
02:11:52.54200,1926.500,22
02:11:53.29200,1926.500,5
02:11:55.35900,1926.500,3
02:11:56.68300,1926.500,7
02:12:07.14400,1926.750,2
02:12:12.18300,1926.500,22
02:12:15.10100,1926.500,1
02:12:16.16400,1926.250,1
02:12:18.54600,1926.250,2
02:12:18.96800,1926.250,1
02:12:25.24600,1926.250,1
02:12:30.91700,1926.500,1
02:12:34.07800,1926.250,2
02:12:34.65200,1926.250,25
02:12:42.45700,1926.250,5
02:12:42.72600,1926.250,14
02:12:44.13200,1926.250,1
02:12:52.20300,1926.250,12
02:12:53.43300,1926.000,25
02:12:57.78500,1926.250,1
02:12:58.36700,1926.000,1
02:12:58.71000,1926.250,2
02:13:01.10500,1926.000,29
02:13:01.54600,1926.000,6
02:13:05.21800,1926.000,6
02:13:09.19900,1926.000,30
02:13:09.47600,1926.000,5
02:13:10.78100,1926.000,2
02:13:13.17500,1926.250,5
02:13:14.95300,1926.000,1
02:13:18.29600,1926.000,1
02:13:19.42900,1926.000,1
02:13:23.56200,1926.250,1
02:13:31.29600,1926.250,2
02:13:33.82400,1926.000,2
02:13:36.17500,1926.250,26
02:13:39.87500,1926.000,5
02:13:51.07000,1926.000,53
02:13:51.60900,1925.750,43
02:13:53.28500,1925.750,6
02:13:54.31600,1925.750,1
02:13:55.94900,1925.750,6
02:13:56.60500,1925.750,5
02:13:57.64000,1925.250,55
02:13:58.57400,1925.500,1
02:14:00.96000,1925.750,24
02:14:05.57800,1925.500,1
02:14:06.75300,1925.500,19
02:14:09.63200,1925.250,2
02:14:10.06600,1925.500,5
02:14:10.67900,1925.250,1
02:14:13.74200,1925.250,2
02:14:14.16000,1925.250,1
02:14:17.60500,1925.250,1
02:14:18.41700,1925.500,2
02:14:18.64800,1925.500,1
02:14:19.31200,1925.250,1
02:14:20.88200,1925.500,11
02:14:22.89400,1925.500,3
02:14:25.04600,1925.500,6
02:14:25.49600,1925.500,1
02:14:26.50000,1925.500,1
02:14:27.45300,1925.250,12
02:14:28.56200,1925.500,1
02:14:31.22600,1925.500,12
02:14:37.14400,1925.750,88
02:14:37.76500,1925.750,1
02:14:46.50700,1926.000,5
02:14:46.73800,1925.750,1
02:14:49.19100,1926.000,72
02:14:49.75300,1926.000,2
02:14:50.75700,1926.000,41
02:14:56.73400,1926.250,27
02:14:59.23400,1926.500,1
02:15:01.34300,1926.250,33
02:15:01.53900,1926.250,1
02:15:03.69500,1926.250,1
02:15:04.58200,1926.250,1
02:15:06.08500,1926.250,1
02:15:09.29200,1926.000,16
02:15:11.21800,1926.250,1
02:15:13.32000,1926.250,2
02:15:14.85100,1926.000,1
02:15:25.37100,1926.000,3
02:15:26.28100,1926.250,21
02:15:26.78500,1926.000,10
02:15:35.67100,1926.000,1
02:15:39.19900,1926.000,2
02:15:46.00000,1926.000,1
02:15:49.17900,1926.000,11
02:15:50.60100,1926.000,1
02:16:02.87100,1926.000,4
02:16:03.04600,1926.250,2
02:16:06.23800,1926.250,7
02:16:06.30000,1926.250,1
02:16:07.66700,1926.000,2
02:16:17.58900,1926.250,8
02:16:21.15200,1926.000,1
02:16:25.59300,1926.000,1
02:16:26.83200,1926.250,1
02:16:29.12100,1926.000,1
02:16:29.80400,1926.000,26
02:16:30.01500,1926.000,1
02:16:36.16000,1926.000,2
02:16:37.96800,1926.000,35
02:16:39.07000,1926.000,4
02:16:39.83500,1926.000,1
02:16:40.23800,1926.000,4
02:16:40.60900,1926.000,22
02:16:41.19900,1926.000,4
02:16:45.37100,1925.750,1
02:16:48.33500,1926.000,3
02:17:04.62800,1926.000,3
02:17:05.74200,1926.000,2
02:17:06.28100,1926.000,11
02:17:08.16700,1926.000,5
02:17:13.71400,1925.750,7
02:17:15.00000,1925.750,1
02:17:16.51500,1926.000,1
02:17:19.21000,1925.750,26
02:17:26.51500,1925.750,12
02:17:29.34700,1925.500,68
02:17:29.46000,1925.500,5
02:17:33.22200,1925.500,14
02:17:37.68300,1925.500,89
02:17:38.60500,1925.500,5
02:17:50.59700,1925.250,5
02:17:50.62500,1925.250,2
02:17:50.94100,1925.250,56
02:17:51.85900,1925.250,10
02:17:56.80400,1925.250,6
02:17:59.14000,1925.250,1
02:18:01.59300,1925.000,37
02:18:02.69100,1925.000,2
02:18:03.08200,1925.000,1
02:18:03.71800,1925.000,1
02:18:05.74200,1925.000,1
02:18:06.69500,1925.000,11
02:18:07.56200,1925.250,2
02:18:08.41000,1925.250,21
02:18:15.77700,1925.250,10
02:18:17.55400,1925.250,1
02:18:18.32400,1925.250,1
02:18:20.62500,1925.500,9
02:18:26.15600,1925.250,10
02:18:26.36300,1925.250,1
02:18:32.23800,1925.250,1
02:18:39.27300,1925.500,27
02:18:43.93700,1925.500,6
02:18:50.00700,1925.500,50
02:18:52.07000,1925.500,8
02:18:57.05800,1925.500,1
02:18:59.54600,1925.750,40
02:18:59.86300,1925.750,5
02:19:03.73000,1926.000,2
02:19:03.94100,1926.000,1
02:19:05.51500,1926.000,26
02:19:07.15600,1926.250,5
02:19:07.87800,1926.250,1
02:19:09.25300,1926.250,20
02:19:10.50300,1926.250,13
02:19:11.26100,1926.000,2
02:19:18.64000,1926.250,36
02:19:22.04600,1926.500,4
02:19:26.43700,1926.250,5
02:19:29.04600,1926.250,24
02:19:30.42100,1926.250,23
02:19:34.46400,1926.250,1
02:19:40.18700,1926.250,12
02:19:46.81600,1926.500,11
02:19:48.17900,1926.500,23
02:19:48.69100,1926.500,1
02:19:52.76100,1926.750,10
02:19:54.89000,1927.000,102
02:19:55.46800,1927.000,39
02:19:55.89400,1927.250,12
02:19:56.17500,1927.000,22
02:19:56.28900,1927.000,14
02:19:56.36700,1927.000,16
02:19:57.01900,1927.000,6
02:20:01.22200,1927.000,35
02:20:06.39000,1927.000,3
02:20:06.77700,1927.250,31
02:20:07.22200,1927.250,3
02:20:11.01100,1927.750,36
02:20:11.16000,1927.500,1
02:20:11.27300,1927.500,102
02:20:12.24600,1927.500,1
02:20:13.53900,1927.250,1
02:20:14.21800,1927.500,1
02:20:14.73800,1927.250,1
02:20:21.23400,1927.250,1
02:20:22.04200,1927.500,25
02:20:22.92900,1927.500,1
02:20:24.18700,1927.500,12
02:20:24.59300,1927.500,5
02:20:25.60500,1927.750,1
02:20:26.04600,1927.500,1
02:20:27.36700,1927.500,25
02:20:27.57800,1927.500,27
02:20:29.09300,1927.750,27
02:20:30.32000,1927.500,1
02:20:30.56200,1927.500,1
02:20:33.80800,1927.750,1
02:20:34.33500,1927.500,13
02:20:35.54200,1927.500,1
02:20:36.12500,1927.250,25
02:20:36.64400,1927.000,9
02:20:37.10100,1927.000,1
02:20:37.60900,1927.000,30
02:20:42.04200,1927.250,1
02:20:42.71000,1927.000,1
02:20:44.65600,1927.000,1
02:20:49.62800,1927.250,9
02:20:50.20700,1927.500,9
02:20:51.15200,1927.500,11
02:20:51.37500,1927.500,22
02:20:55.30800,1927.500,7
02:20:56.06600,1927.500,3
02:20:58.82000,1927.500,20
02:21:02.68300,1927.250,48
02:21:04.17500,1927.250,1
02:21:04.68700,1927.250,1
02:21:06.09700,1927.000,21
02:21:06.73000,1927.000,10
02:21:08.50300,1927.000,1
02:21:08.75300,1927.000,2
02:21:11.06200,1927.000,1
02:21:11.82800,1927.000,101
02:21:12.18700,1927.250,18
02:21:12.47600,1927.250,2
02:21:12.86300,1927.250,1
02:21:16.10500,1927.250,1
02:21:19.05800,1927.250,20
02:21:20.57400,1927.000,20
02:21:22.61300,1927.000,16
02:21:29.63600,1927.000,1
02:21:29.96800,1927.250,15
02:21:35.62800,1927.250,17
02:21:37.24600,1927.500,1
02:21:40.12100,1927.500,31
02:21:42.07800,1927.500,1
02:21:43.09300,1927.250,1
02:21:46.16700,1927.250,1
02:21:46.79600,1927.250,1
02:21:46.94900,1927.250,1
02:21:48.39000,1927.500,1
02:21:49.23800,1927.500,58
02:21:49.39800,1927.500,1
02:21:51.43700,1927.500,19
02:21:56.84300,1927.750,16
02:21:59.48800,1927.500,1
02:21:59.83900,1927.750,2
02:22:05.76100,1927.750,12
02:22:11.90200,1927.750,1
02:22:13.63600,1927.750,9
02:22:14.37800,1927.750,5
02:22:14.93300,1927.750,35
02:22:16.46800,1927.750,1
02:22:16.91000,1927.750,1
02:22:17.92500,1927.750,8
02:22:20.46400,1927.500,7
02:22:21.38200,1927.750,3
02:22:22.53900,1927.500,1
02:22:23.24600,1927.500,28
02:22:23.57000,1927.250,2
02:22:23.68300,1927.250,1
02:22:25.64400,1927.250,72
02:22:29.87800,1927.250,10
02:22:33.35900,1927.250,11
02:22:34.79200,1927.000,1
02:22:37.09300,1927.000,16
02:22:38.03500,1927.000,15
02:22:41.61300,1927.000,5
02:22:44.10100,1927.250,19
02:22:46.46400,1927.000,1
02:22:49.17900,1927.250,23
02:22:54.78100,1927.500,9
02:23:12.55800,1927.250,31
02:23:13.86700,1927.250,7
02:23:14.35100,1927.250,3
02:23:14.45700,1927.250,1
02:23:14.87100,1927.250,2
02:23:23.20700,1927.250,1
02:23:24.64400,1927.250,8
02:23:27.39000,1927.250,1
02:23:31.00300,1927.250,5
02:23:33.64800,1927.250,1
02:23:43.94900,1927.000,4
02:23:48.25700,1927.250,37
02:23:53.08500,1927.250,1
02:23:56.32000,1927.250,11
02:23:57.16700,1927.250,14
02:23:57.75000,1927.500,30
02:24:01.81200,1927.250,19
02:24:01.96000,1927.500,4
02:24:04.06600,1927.500,1
02:24:07.39400,1927.250,1
02:24:07.62800,1927.250,26
02:24:08.09300,1927.500,10
02:24:09.26900,1927.250,26
02:24:10.05800,1927.250,5
02:24:10.41700,1927.000,1
02:24:19.21000,1927.000,37
02:24:20.01100,1926.750,1
02:24:21.73400,1926.750,1
02:24:24.72600,1926.750,37
02:24:27.51900,1926.750,1
02:24:28.95700,1926.750,5
02:24:29.17100,1926.750,1
02:24:29.57400,1926.750,14
02:24:32.66700,1926.750,152
02:24:33.84700,1926.750,34
02:24:34.73400,1926.750,14
02:24:34.91000,1926.750,1
02:24:38.90200,1926.750,3
02:24:42.95700,1926.750,1
02:24:44.62100,1926.750,4
02:24:45.08500,1927.000,20
02:24:49.78100,1926.750,1
02:24:50.47200,1927.000,1
02:24:57.03900,1927.000,26
02:25:11.25700,1927.000,39
02:25:13.81600,1927.000,2
02:25:14.63600,1926.750,15
02:25:18.70700,1926.500,9
02:25:18.92500,1926.500,6
02:25:22.34300,1926.500,7
02:25:25.44900,1926.500,1
02:25:27.46800,1926.500,1
02:25:29.71800,1926.500,1
02:25:30.77300,1926.500,1
02:25:31.63200,1926.500,9
02:25:32.46000,1926.500,10
02:25:33.25700,1926.500,1
02:25:42.14000,1926.250,24
02:25:42.86700,1926.250,12
02:25:49.79600,1926.250,1
02:25:50.42500,1926.250,1
02:25:56.07000,1926.250,2
02:26:01.08500,1926.750,68
02:26:03.43700,1926.750,1
02:26:15.12800,1926.500,1
02:26:17.60500,1926.500,1
02:26:20.43700,1926.500,1
02:26:23.73800,1926.500,1
02:26:28.23800,1926.750,2
02:26:30.17100,1926.500,1
02:26:39.01500,1926.500,34
02:26:47.60900,1926.500,1
02:26:48.16000,1926.500,2
02:26:50.34700,1926.500,5
02:26:51.78500,1926.250,1
02:26:56.00700,1926.500,2
02:27:06.55000,1926.250,2
02:27:07.57000,1926.250,16
02:27:10.34300,1926.250,2
02:27:16.23800,1927.000,181
02:27:16.28500,1927.000,35
02:27:16.33500,1927.000,7
02:27:16.42100,1926.750,4
02:27:17.10500,1927.000,1
02:27:17.46800,1926.750,23
02:27:18.73800,1927.000,5
02:27:27.80400,1927.000,9
02:27:29.78900,1927.000,7
02:27:32.92100,1927.000,57
02:27:34.13600,1926.750,1
02:27:35.86700,1926.750,1
02:27:37.38200,1927.000,2
02:27:43.34300,1927.000,27
02:27:46.78500,1927.000,2
02:27:50.29600,1927.000,25
02:27:55.80400,1926.750,57
02:27:58.93300,1926.500,1
02:28:04.86700,1926.500,23
02:28:07.88200,1926.250,1
02:28:08.04200,1926.250,48
02:28:10.28100,1926.500,1
02:28:10.91400,1926.500,1
02:28:13.69100,1926.500,2
02:28:19.57400,1926.250,1
02:28:23.77300,1926.500,2
02:28:24.22600,1926.500,1
02:28:27.82000,1926.250,1
02:28:31.73800,1926.500,1
02:28:33.21400,1926.500,4
02:28:43.18300,1926.500,2
02:28:46.02700,1926.500,27
02:28:59.78900,1926.500,10
02:29:01.75300,1926.500,32
02:29:02.54600,1926.500,22
02:29:02.66400,1926.500,5
02:29:07.16000,1926.500,1
02:29:14.48000,1926.250,1
02:29:20.48800,1926.250,5
02:29:22.00700,1926.250,42
02:29:23.58900,1926.250,1
02:29:36.13200,1926.750,262
02:29:36.25000,1926.750,2
02:29:37.22600,1927.000,55
02:29:37.42500,1927.000,4
02:29:37.90600,1927.000,123
02:29:38.42100,1927.000,27
02:29:39.41400,1927.000,6
02:29:41.28100,1927.000,2
02:29:43.29200,1927.250,1
02:29:43.58500,1927.250,1
02:29:44.41400,1927.250,1
02:29:45.00300,1927.000,1
02:29:45.80000,1927.000,1
02:29:55.25700,1926.750,1
02:29:56.30800,1926.750,24
02:30:00.33200,1926.750,106
02:30:00.72200,1926.750,22
02:30:00.90600,1926.750,3
02:30:02.18700,1927.000,37
02:30:02.44900,1927.250,5
02:30:03.42900,1927.000,24
02:30:03.62100,1927.000,4
02:30:04.08200,1927.000,5
02:30:05.24200,1926.750,1
02:30:10.69900,1926.750,86
02:30:11.13600,1926.750,5
02:30:13.75700,1926.750,5
02:30:20.53100,1926.750,4
02:30:32.68700,1927.000,4
02:30:35.45300,1926.750,15
02:30:38.10900,1927.000,20
02:30:45.76100,1927.000,1
02:31:02.23000,1927.000,24
02:31:04.66400,1927.000,1
02:31:05.76900,1927.250,2
02:31:17.14000,1927.500,43
02:31:18.58200,1927.250,1
02:31:20.59700,1927.250,40
02:31:21.53500,1927.250,11
02:31:23.69100,1927.250,2
02:31:24.30000,1927.250,2
02:31:25.00300,1927.250,2
02:31:25.42100,1927.250,1
02:31:27.87800,1927.250,1
02:31:31.27700,1927.250,1
02:31:34.74200,1927.250,2
02:31:35.79200,1927.250,1
02:31:36.58200,1927.500,84
02:31:36.93300,1927.750,90
02:31:37.04200,1927.750,4
02:31:37.38600,1927.750,1
02:31:37.51500,1927.750,52
02:31:37.86300,1928.000,2
02:31:38.21400,1927.750,1
02:31:39.14400,1928.000,1
02:31:39.88200,1928.250,122
02:31:39.94500,1928.250,4
02:31:40.15600,1928.250,2
02:31:40.24600,1928.250,1
02:31:41.10100,1928.000,25
02:31:42.76100,1928.000,1
02:31:43.29600,1928.250,59
02:31:43.57800,1928.250,69
02:31:43.92100,1928.250,1
02:31:44.48800,1928.500,1
02:31:45.48400,1928.500,1
02:31:46.32000,1928.500,2
02:31:47.23400,1928.250,1
02:31:49.51500,1928.250,3
02:31:51.92500,1928.500,2
02:31:52.14000,1928.250,29
02:31:53.24600,1928.250,5
02:31:53.63600,1928.250,1
02:31:54.17900,1928.250,10
02:31:54.52300,1928.250,13
02:31:56.61700,1928.250,13
02:31:57.34300,1928.250,1
02:31:58.49200,1928.250,1
02:31:59.76500,1928.250,1
02:32:00.71800,1928.250,11
02:32:02.07000,1928.250,11
02:32:02.93700,1928.250,5
02:32:04.24200,1928.000,2
02:32:05.86300,1928.000,19
02:32:06.81600,1928.250,2
02:32:07.91000,1928.000,1
02:32:08.25000,1928.250,10
02:32:11.62500,1928.250,25
02:32:13.64000,1928.250,10
02:32:16.10500,1928.000,6
02:32:19.36300,1928.250,2
02:32:19.48000,1928.000,1
02:32:19.73800,1928.000,2
02:32:20.46400,1928.000,43
02:32:21.48800,1928.250,30
02:32:21.71400,1928.500,11
02:32:22.06200,1928.500,47
02:32:22.32000,1928.250,1
02:32:26.24600,1928.250,1
02:32:27.21800,1928.500,1
02:32:27.89800,1928.500,30
02:32:28.48800,1928.250,46
02:32:29.60900,1928.250,1
02:32:34.73800,1928.000,135
02:32:37.12500,1928.000,1
02:32:38.26900,1928.000,34
02:32:44.23000,1928.000,24
02:32:44.55000,1928.000,10
02:32:44.97200,1927.750,39
02:32:45.31600,1928.000,2
02:32:47.21000,1928.000,2
02:32:47.77700,1927.750,10
02:32:49.08500,1927.750,14
02:32:49.81600,1927.750,1
02:32:50.53500,1927.750,11
02:32:50.66000,1927.750,1
02:32:54.43700,1928.000,42
02:32:58.12500,1928.000,5
02:32:58.48800,1928.000,3
02:32:59.18300,1928.000,8
02:33:05.74600,1927.750,18
02:33:08.41400,1927.750,37
02:33:10.57800,1927.750,13
02:33:10.94100,1927.750,5
02:33:11.33200,1927.750,1
02:33:11.76100,1927.750,4
02:33:14.46000,1927.750,3
02:33:15.10900,1927.750,20
02:33:17.01900,1927.750,7
02:33:25.55800,1927.500,12
02:33:30.30000,1928.000,24
02:33:30.60900,1928.000,40
02:33:30.66400,1928.000,7
02:33:31.64000,1928.000,9
02:33:38.39400,1928.250,16
02:33:38.47600,1928.250,6
02:33:41.19500,1928.250,1
02:33:44.03500,1928.250,1
02:33:47.41000,1928.500,1
02:33:49.44100,1928.250,2
02:33:50.62800,1928.500,45
02:33:51.69100,1928.500,27
02:33:51.95700,1928.250,10
02:33:52.43300,1928.250,2
02:33:53.78100,1928.750,157
02:33:53.89400,1928.750,223
02:33:54.14800,1928.500,4
02:33:54.87800,1928.500,1
02:33:55.25700,1928.750,10
02:33:56.71400,1928.500,117
02:33:57.47200,1928.500,1
02:33:58.50300,1928.250,10
02:33:59.00000,1928.250,10
02:33:59.33500,1928.250,20
02:34:02.00000,1928.000,26
02:34:02.41400,1928.000,16
02:34:03.41700,1928.000,24
02:34:06.35500,1928.000,1
02:34:07.52300,1927.750,7
02:34:08.34300,1927.750,19
02:34:09.91700,1927.750,2
02:34:10.40200,1927.750,27
02:34:11.53100,1928.000,57
02:34:14.92500,1928.000,7
02:34:23.39800,1928.000,1
02:34:29.47600,1928.000,47
02:34:35.95700,1928.250,21
02:34:37.83200,1928.500,45
02:34:37.87100,1928.500,19
02:34:38.27300,1928.500,11
02:34:38.32400,1928.500,2
02:34:43.81200,1928.500,3
02:34:48.74600,1928.500,6
02:34:51.14000,1928.250,21
02:34:53.14000,1928.500,10
02:34:54.33200,1928.250,12
02:34:55.11300,1928.250,5
02:34:55.94100,1928.500,6
02:34:56.05000,1928.000,10
02:34:56.45700,1928.250,12
02:34:58.77300,1928.250,7
02:34:59.70300,1928.250,1
02:35:05.39800,1928.250,2
02:35:06.40600,1928.000,20
02:35:07.89800,1928.000,5
02:35:14.61700,1928.000,1
02:35:18.39400,1928.250,10
02:35:20.54200,1928.000,7
02:35:32.31200,1928.250,13
02:35:32.80400,1928.250,6
02:35:33.52700,1928.500,10
02:35:34.93700,1928.250,2
02:35:35.52700,1928.250,5
02:35:36.13600,1928.500,1
02:35:44.50000,1928.500,1
02:35:45.91000,1928.500,10
02:35:51.29200,1928.500,1
02:35:53.85900,1928.250,2
02:35:56.21400,1928.500,1
02:36:04.59300,1928.500,19
02:36:05.57400,1928.750,1
02:36:05.81200,1928.750,1
02:36:15.20700,1928.750,103
02:36:16.47200,1928.750,23
02:36:16.78900,1928.750,13
02:36:17.52700,1929.000,124
02:36:17.64800,1929.500,75
02:36:17.88600,1929.500,4
02:36:18.36700,1929.500,1
02:36:18.65600,1929.500,64
02:36:19.30400,1929.250,3
02:36:20.46000,1929.250,5
02:36:20.96800,1929.500,1
02:36:21.31600,1929.250,54
02:36:21.50700,1929.250,4
02:36:22.44100,1929.250,10
02:36:22.74600,1929.250,5
02:36:23.01100,1929.000,1
02:36:23.12100,1929.000,57
02:36:24.60100,1929.000,11
02:36:25.21000,1929.000,5
02:36:28.14000,1929.000,35
02:36:29.60100,1929.000,30
02:36:29.97200,1929.000,6
02:36:34.79200,1929.250,1
02:36:35.79600,1929.000,38
02:36:37.33900,1929.000,4
02:36:38.54200,1929.000,34
02:36:44.60900,1929.250,27
02:36:46.15200,1929.250,2
02:36:46.35500,1929.250,1
02:36:46.92100,1929.250,58
02:36:49.70700,1929.250,22
02:36:50.00000,1929.500,5
02:36:51.68300,1929.500,72
02:36:52.55000,1929.500,33
02:36:52.62500,1929.500,7
02:36:54.12100,1929.250,1
02:36:55.40600,1929.250,4
02:36:56.00300,1929.250,52
02:36:56.94100,1929.000,1
02:36:59.55400,1929.250,2
02:37:01.90600,1929.000,3
02:37:02.63200,1929.000,1
02:37:02.94500,1929.250,1
02:37:03.20700,1929.250,1
02:37:03.69500,1929.000,1
02:37:04.62100,1929.250,1
02:37:05.44900,1929.250,1
02:37:08.10100,1929.250,4
02:37:08.68300,1929.000,1
02:37:09.33200,1929.250,58
02:37:12.65200,1929.000,50
02:37:14.08500,1929.000,1
02:37:16.75300,1929.000,10
02:37:20.56600,1929.000,60
02:37:24.59300,1929.000,2
02:37:25.86700,1929.000,20
02:37:26.09300,1929.250,2
02:37:32.48000,1929.000,1
02:37:34.25700,1929.000,1
02:37:43.32000,1929.250,51
02:37:47.57000,1929.250,19
02:37:51.32800,1929.250,1
02:37:53.69100,1929.250,41
02:37:54.54200,1929.250,25
02:37:54.80400,1929.500,4
02:37:55.12800,1929.250,1
02:37:56.79600,1929.500,2
02:37:57.68700,1929.250,11
02:38:00.00700,1929.000,52
02:38:00.46800,1928.750,2
02:38:00.77300,1929.000,51
02:38:02.65200,1929.250,5
02:38:04.90200,1929.000,3
02:38:06.14000,1929.000,1
02:38:07.37800,1929.000,1
02:38:08.74200,1929.250,1
02:38:09.26100,1929.000,1
02:38:17.94500,1929.250,1
02:38:20.48800,1929.000,1
02:38:22.84700,1929.250,1
02:38:24.90600,1929.000,1
02:38:28.35900,1929.250,13
02:38:28.53900,1929.250,1
02:38:29.37800,1929.250,1
02:38:32.80000,1929.250,50
02:38:33.55800,1929.250,1
02:38:34.83900,1929.250,7
02:38:35.66000,1929.500,1
02:38:36.96000,1929.500,1
02:38:37.12100,1929.500,39
02:38:38.20700,1929.750,17
02:38:39.56600,1929.500,5
02:38:40.97200,1929.500,2
02:38:41.57000,1929.500,1
02:38:42.25000,1929.500,1
02:38:43.35500,1929.750,2
02:38:43.64800,1929.500,2
02:38:45.21400,1929.500,37
02:38:45.48400,1929.750,6
02:38:52.95700,1929.750,3
02:38:53.52300,1929.750,61
02:38:53.69500,1929.750,3
02:38:55.53900,1929.750,2
02:38:55.72200,1930.250,829
02:38:55.73000,1929.000,30
02:38:55.73000,1929.250,6
02:38:55.73000,1929.250,7
02:38:55.73000,1929.000,27
02:38:55.73000,1929.250,7
02:38:55.73400,1929.000,11
02:38:55.73400,1929.250,2
02:38:55.73400,1929.250,5
02:38:55.73800,1929.000,36
02:38:55.84700,1929.500,460
02:38:55.92500,1929.750,49
02:38:55.96400,1929.750,7
02:38:56.03500,1929.750,1
02:38:56.26100,1929.750,6
02:38:56.75000,1929.750,70
02:38:56.82000,1930.000,69
02:38:57.07000,1930.000,1
02:38:57.12800,1930.000,24
02:38:57.96400,1930.250,49
02:38:58.89000,1930.000,2
02:38:59.23800,1929.750,21
02:38:59.59300,1930.000,1
02:38:59.75000,1930.000,1
02:39:00.65200,1929.750,90
02:39:00.84700,1929.500,11
02:39:01.19100,1929.500,3
02:39:04.10100,1929.500,19
02:39:04.44500,1929.500,9
02:39:04.68300,1929.500,7
02:39:04.78100,1929.750,2
02:39:05.83500,1929.750,2
02:39:06.30800,1929.500,1
02:39:07.76900,1929.500,1
02:39:08.87100,1929.500,5
02:39:09.42500,1929.500,5
02:39:10.18300,1929.500,4
02:39:10.43700,1929.250,1
02:39:12.49200,1929.250,15
02:39:14.45300,1929.500,55
02:39:15.03900,1929.500,2
02:39:16.05000,1929.500,5
02:39:20.54600,1929.500,31
02:39:24.31600,1929.750,3
02:39:30.51100,1929.500,14
02:39:32.35900,1929.500,9
02:39:40.36300,1929.250,3
02:39:40.70700,1929.250,43
02:39:41.01900,1929.000,44
02:39:42.63200,1929.250,10
02:39:43.12100,1929.250,1
02:39:43.30400,1929.250,1
02:39:45.31600,1929.000,3
02:39:48.88200,1929.000,1
02:39:49.57400,1929.000,2
02:39:52.00000,1929.000,1
02:39:53.95700,1929.000,10
02:39:54.54200,1929.000,3
02:39:54.88200,1929.000,4
02:39:56.15600,1929.000,2
02:39:58.33200,1929.000,4
02:40:01.73800,1929.000,2
02:40:07.76900,1929.000,15
02:40:09.32000,1929.000,1
02:40:11.72200,1929.000,19
02:40:13.42500,1929.000,1
02:40:14.13600,1929.000,1
02:40:16.14800,1929.000,1
02:40:18.20700,1929.000,2
02:40:22.14400,1929.000,1
02:40:26.61300,1929.000,1
02:40:30.15200,1929.000,26
02:40:35.45300,1929.000,5
02:40:37.40200,1928.750,70
02:40:38.41000,1928.750,1
02:40:38.72600,1928.750,2
02:40:39.65200,1928.750,33
02:40:43.22200,1928.750,5
02:40:45.64000,1928.750,6
02:40:48.27300,1928.750,4
02:40:49.07000,1928.750,3
02:40:50.48000,1928.750,5
02:40:51.85900,1928.750,5
02:40:55.77300,1928.750,1
02:40:56.13200,1928.750,2
02:40:57.27700,1928.500,3
02:40:58.74200,1928.750,2
02:41:02.53100,1928.500,32
02:41:05.23000,1929.000,118
02:41:07.76100,1928.750,12
02:41:09.57000,1928.750,1
02:41:12.72600,1928.750,3
02:41:19.17100,1928.750,88
02:41:22.37800,1928.500,1
02:41:22.85500,1928.750,11
02:41:24.12800,1928.750,22
02:41:24.22200,1928.750,1
02:41:25.72600,1928.500,20
02:41:29.05800,1928.500,3
02:41:33.78100,1928.500,90
02:41:36.83200,1928.500,3
02:41:38.35900,1928.500,18
02:41:38.92900,1928.750,1
02:41:39.01500,1928.750,1
02:41:39.32000,1928.500,1
02:41:39.57400,1928.750,1
02:41:40.14000,1928.750,1
02:41:40.31200,1928.750,2
02:41:41.53100,1928.750,1
02:41:50.57800,1928.500,43
02:41:54.78100,1928.500,2
02:41:57.51500,1928.500,1
02:42:00.78900,1928.500,3
02:42:01.82000,1928.500,2
02:42:02.93700,1928.750,1
02:42:05.80800,1928.500,1
02:42:14.09700,1928.500,1
02:42:15.49200,1928.500,1
02:42:19.22200,1928.500,2
02:42:23.26900,1928.750,52
02:42:23.66400,1929.000,49
02:42:24.19500,1928.750,2
02:42:30.42900,1928.750,2
02:42:31.80400,1929.000,22
02:42:32.30000,1928.750,2
02:42:37.51500,1929.000,13
02:42:39.33200,1929.000,13
02:42:43.43300,1929.000,17
02:42:44.16700,1929.000,23
02:42:44.66700,1929.000,65
02:42:44.71800,1929.000,3
02:42:44.86300,1929.250,6
02:42:46.73000,1929.250,1
02:42:51.97200,1929.250,20
02:42:52.56600,1929.250,10
02:42:54.27700,1929.250,21
02:42:56.10100,1929.500,114
02:42:58.41400,1929.500,9
02:43:03.22200,1929.500,9
02:43:03.86300,1929.500,1
02:43:05.16000,1929.750,13
02:43:06.43300,1929.500,19
02:43:09.47600,1929.500,2
02:43:11.97200,1929.500,16
02:43:13.04200,1929.500,25
02:43:13.26900,1929.500,12
02:43:13.96000,1929.500,10
02:43:15.33500,1929.500,8
02:43:16.01500,1929.500,1
02:43:17.57400,1929.750,1
02:43:18.73400,1929.500,1
02:43:19.03500,1929.500,1
02:43:25.55000,1929.500,1
02:43:25.70300,1929.500,1
02:43:27.91000,1929.750,1
02:43:36.11700,1929.750,24
02:43:36.39400,1930.000,6
02:43:36.76100,1930.000,100
02:43:37.36700,1930.000,1
02:43:39.85100,1930.000,30
02:43:41.92500,1929.750,1
02:43:42.27700,1929.750,1
02:43:43.12500,1929.750,1
02:43:43.58500,1929.750,7
02:43:44.15200,1930.000,10
02:43:44.66700,1930.000,29
02:43:44.84700,1930.000,3
02:43:45.29600,1929.750,15
02:43:48.70300,1929.750,1
02:43:49.54600,1929.750,1
02:43:51.26100,1929.500,41
02:43:51.40600,1929.750,2
02:43:54.14800,1929.500,1
02:43:54.77700,1929.750,12
02:43:57.51100,1929.750,5
02:43:58.28100,1929.750,7
02:43:59.07000,1929.750,9
02:44:00.40600,1929.750,2
02:44:00.75000,1929.750,6
02:44:01.09700,1929.750,11
02:44:02.26900,1929.750,5
02:44:02.61700,1929.750,2
02:44:03.60100,1930.000,62
02:44:03.78500,1930.250,14
02:44:04.41400,1930.250,38
02:44:04.57000,1930.000,6
02:44:04.70300,1930.250,1
02:44:04.94900,1930.000,1
02:44:08.48000,1930.000,3
02:44:09.30800,1930.000,1
02:44:10.81600,1930.250,1
02:44:11.80800,1930.250,1
02:44:16.27300,1930.000,1
02:44:19.57000,1930.250,5
02:44:20.50700,1930.000,2
02:44:22.22600,1930.000,97
02:44:22.83500,1930.000,2
02:44:23.16700,1930.000,2
02:44:28.28100,1930.000,1
02:44:29.80800,1929.750,43
02:44:43.83200,1929.500,42
02:44:43.91000,1929.500,21
02:44:44.09700,1929.500,1
02:44:44.21000,1929.750,1
02:44:53.37800,1929.500,1
02:44:59.78900,1929.750,7
02:45:05.14400,1930.000,33
02:45:05.74200,1930.000,2
02:45:06.44900,1930.000,1
02:45:07.44500,1930.000,1
02:45:07.57000,1930.000,15
02:45:09.91000,1930.000,1
02:45:11.25000,1929.750,2
02:45:16.24600,1930.000,31
02:45:17.08900,1930.000,4
02:45:18.40200,1930.000,6
02:45:18.80800,1930.000,4
02:45:19.43300,1930.000,10
02:45:19.79200,1930.000,18
02:45:21.09300,1930.000,16
02:45:22.30800,1930.000,14
02:45:22.67500,1930.000,5
02:45:22.82000,1930.000,5
02:45:23.16700,1930.000,14
02:45:23.85900,1929.750,10
02:45:25.87800,1930.000,60
02:45:33.21400,1930.000,2
02:45:35.48000,1930.000,1
02:45:36.74200,1929.750,92
02:45:39.28500,1929.750,2
02:45:43.42100,1929.500,2
02:45:43.85500,1929.500,7
02:45:44.38600,1929.500,1
02:45:45.31600,1929.500,1
02:45:45.62500,1929.500,6
02:45:47.69500,1929.500,1
02:45:48.39400,1929.500,1
02:45:49.02700,1929.500,1
02:45:50.68300,1929.500,1
02:45:51.16700,1929.750,1
02:45:54.29600,1929.500,1
02:45:58.67100,1929.500,2
02:45:59.13200,1929.000,299
02:45:59.25000,1929.250,4
02:45:59.57800,1929.000,1
02:46:08.21900,1929.250,29
02:46:08.66400,1929.000,368
02:46:08.78900,1929.000,21
02:46:12.18300,1929.000,31
02:46:13.17500,1929.000,1
02:46:14.90600,1929.000,2
02:46:16.22200,1929.250,14
02:46:16.52700,1929.000,4
02:46:17.54200,1929.000,6
02:46:18.28100,1928.750,1
02:46:21.44500,1929.000,6
02:46:22.19900,1928.750,2
02:46:23.85100,1929.000,27
02:46:24.49200,1929.000,2
02:46:25.37800,1929.000,12
02:46:25.75000,1929.000,39
02:46:26.10100,1929.000,10
02:46:27.63200,1929.000,21
02:46:31.00300,1929.250,130
02:46:31.00700,1929.500,21
02:46:31.07400,1929.500,16
02:46:31.14400,1929.500,9
02:46:31.21400,1929.500,2
02:46:31.95700,1929.500,10
02:46:32.10500,1929.500,1
02:46:34.34300,1929.500,19
02:46:35.46800,1929.500,1
02:46:43.74000,1929.500,26
02:46:43.82800,1929.500,15
02:46:45.62500,1929.500,8
02:46:47.37800,1929.500,10
02:46:49.42900,1929.500,1
02:46:52.09300,1929.500,11
02:46:53.62100,1929.500,31
02:46:54.02300,1929.500,1
02:46:55.93700,1929.500,43
02:46:56.19100,1929.500,17
02:46:56.55400,1929.500,1
02:46:59.64400,1929.250,94
02:46:59.75300,1929.000,17
02:47:07.50700,1929.250,24
02:47:07.93300,1929.250,16
02:47:08.79600,1929.250,1
02:47:10.02700,1929.250,2
02:47:11.00300,1929.250,5
02:47:13.62800,1929.250,20
02:47:16.16400,1929.250,5
02:47:21.24600,1929.250,36
02:47:29.13600,1929.250,3
02:47:31.72600,1929.250,2
02:47:34.92100,1929.250,1
02:47:37.89000,1929.250,51
02:47:38.84700,1929.250,4
02:47:40.75300,1929.250,1
02:47:41.62500,1929.250,2
02:47:45.03100,1929.000,2
02:47:45.61300,1929.250,1
02:47:46.40600,1929.250,8
02:47:49.16400,1929.250,5
02:47:51.48800,1929.250,27
02:47:56.66400,1929.500,1
02:48:01.28100,1929.500,79
02:48:09.57000,1929.250,56
02:48:09.93300,1929.250,2
02:48:10.19100,1929.250,1
02:48:20.50300,1929.000,1
02:48:24.34300,1929.250,2
02:48:25.08200,1929.250,23
02:48:26.54600,1929.250,12
02:48:26.83200,1929.250,1
02:48:35.25000,1929.500,1
02:48:35.97200,1929.250,2
02:48:46.46400,1929.250,1
02:48:50.65600,1929.250,1
02:48:56.53900,1929.500,132
02:48:56.78500,1929.250,1
02:48:57.29200,1929.500,11
02:49:13.77700,1929.500,44
02:49:36.48000,1929.500,37
02:49:42.82400,1929.500,42
02:49:46.48000,1929.500,58
02:49:46.61700,1929.500,10
02:49:57.19900,1929.500,6
02:49:57.46400,1929.500,15
02:49:57.92900,1929.500,5
02:49:58.37100,1929.500,3
02:50:04.83500,1929.750,2
02:50:05.58500,1929.500,1
02:50:07.08500,1929.500,2
02:50:09.83200,1929.750,159
02:50:18.02300,1930.000,3
02:50:18.60900,1929.750,3
02:50:21.41400,1930.000,1
02:50:21.87500,1930.000,59
02:50:21.89000,1930.000,4
02:50:22.19500,1930.000,5
02:50:22.41000,1930.000,9
02:50:26.20700,1930.000,9
02:50:28.50000,1930.000,5
02:50:31.83200,1930.000,1
02:50:33.80000,1930.250,2
02:50:36.08500,1930.250,21
02:50:38.78500,1930.250,1
02:50:46.79600,1930.250,2
02:50:51.29200,1930.250,62
02:50:51.54200,1930.250,1
02:50:52.17500,1930.250,44
02:50:54.35500,1930.250,1
02:50:55.95300,1930.250,4
02:50:56.55800,1930.250,1
02:50:58.19900,1930.250,2
02:50:59.65200,1930.250,10
02:51:04.82000,1930.250,3
02:51:05.69500,1930.250,13
02:51:08.28500,1930.000,1
02:51:09.75000,1930.250,30
02:51:10.91700,1930.000,1
02:51:13.16700,1930.000,111
02:51:13.36700,1930.000,23
02:51:15.48800,1930.000,7
02:51:20.41400,1929.750,6
02:51:20.85900,1929.750,42
02:51:21.38200,1929.500,1
02:51:21.84700,1929.750,1
02:51:22.39800,1929.500,1
02:51:23.21800,1929.500,1
02:51:24.63600,1929.500,2
02:51:28.70300,1929.500,1
02:51:30.00700,1929.500,3
02:51:32.63600,1929.750,39
02:51:37.13600,1929.500,22
02:51:39.10900,1929.500,1
02:51:45.23800,1929.750,59
02:51:45.46000,1929.750,9
02:51:46.84300,1929.500,10
02:51:58.02300,1929.750,1
02:52:00.69500,1929.750,16
02:52:08.42500,1930.000,17
02:52:10.91400,1930.000,1
02:52:11.72600,1929.750,51
02:52:14.45300,1930.000,147
02:52:15.29600,1930.000,2
02:52:15.88600,1930.000,4
02:52:16.15600,1930.000,12
02:52:18.58500,1930.000,10
02:52:19.92100,1930.000,5
02:52:21.27700,1930.000,5
02:52:22.58200,1930.000,1
02:52:23.96000,1930.000,5
02:52:24.83200,1930.000,15
02:52:25.09300,1930.000,1
02:52:25.75300,1930.000,2
02:52:32.93300,1930.000,32
02:52:33.92100,1930.000,10
02:52:34.08500,1930.250,3
02:52:34.34300,1930.000,10
02:52:34.51900,1930.000,2
02:52:35.22600,1930.000,8
02:52:35.37800,1930.000,8
02:52:40.06200,1930.000,2
02:52:41.66400,1930.250,84
02:52:41.80000,1930.250,10
02:52:42.67500,1930.250,19
02:52:45.79600,1930.500,226
02:52:45.91400,1930.750,15
02:52:45.95300,1930.750,24
02:52:46.10100,1930.500,16
02:52:46.44100,1930.500,5
02:52:47.44500,1930.750,3
02:52:47.52700,1930.250,1
02:52:47.90600,1930.500,5
02:52:48.90200,1930.500,7
02:52:49.94500,1930.500,10
02:52:50.69500,1930.500,33
02:52:51.41700,1930.500,1
02:52:54.24600,1930.500,1
02:52:54.59700,1930.500,20
02:52:57.49200,1930.500,29
02:52:57.84300,1930.500,5
02:52:59.58500,1930.750,78
02:52:59.82400,1930.500,2
02:53:04.16700,1930.750,27
02:53:05.41000,1930.750,18
02:53:05.62100,1930.750,3
02:53:05.87100,1930.750,5
02:53:07.41000,1931.000,26
02:53:07.52700,1931.000,7
02:53:07.76100,1931.000,2
02:53:09.33500,1930.750,2
02:53:16.74600,1930.750,1
02:53:18.09300,1930.750,2
02:53:18.48800,1931.000,6
02:53:18.79600,1931.000,1
02:53:22.23400,1931.000,6
02:53:25.22200,1930.750,20
02:53:25.35900,1931.000,1
02:53:35.76800,1931.000,3
02:53:35.76800,1930.750,1
02:53:35.76800,1931.000,10
02:53:35.76800,1930.750,124
02:53:35.76800,1930.750,3
02:53:35.76800,1930.750,1
02:53:36.25000,1930.750,1
02:53:36.60900,1930.750,1
02:53:39.11300,1930.750,1
02:53:40.91000,1930.750,5
02:53:41.30000,1930.500,3
02:53:42.40600,1930.750,1
02:53:43.10100,1930.500,3
02:53:44.21800,1930.500,2
02:53:49.42900,1930.500,107
02:53:54.63600,1930.500,26
02:53:54.87500,1930.500,14
02:53:56.14000,1930.500,1
02:53:59.65200,1930.250,3
02:54:14.30800,1930.500,2
02:54:18.67100,1930.250,1
02:54:20.32000,1930.250,1
02:54:20.46000,1930.250,111
02:54:22.07400,1930.250,12
02:54:23.27700,1930.000,1
02:54:24.00000,1930.250,1
02:54:27.03100,1930.250,1
02:54:27.30400,1930.500,25
02:54:27.46000,1930.500,8
02:54:28.81200,1930.250,1
02:54:30.09700,1930.500,4
02:54:33.55400,1930.500,5
02:54:40.04200,1930.250,10
02:54:50.94100,1930.500,21
02:54:51.48800,1930.250,1
02:54:54.44100,1930.500,11
02:54:54.57800,1930.500,1
02:54:57.02700,1930.500,1
02:54:59.31600,1930.750,47
02:54:59.47200,1930.500,1
02:54:59.85100,1931.000,79
02:55:00.17100,1930.500,313
02:55:00.26900,1930.250,1
02:55:02.39800,1930.750,463
02:55:02.46800,1930.750,1
02:55:03.32000,1930.750,1
02:55:05.60100,1931.000,1
02:55:05.82400,1930.750,109
02:55:06.42500,1930.750,16
02:55:06.80400,1930.750,1
02:55:07.07000,1930.750,1
02:55:09.69500,1931.000,6
02:55:12.23400,1930.750,5
02:55:14.65600,1931.000,69
02:55:14.91000,1931.250,27
02:55:15.07400,1931.000,5
02:55:15.58500,1931.000,11
02:55:16.62500,1931.000,1
02:55:17.16000,1931.000,2
02:55:18.42500,1931.000,2
02:55:20.40200,1931.000,14
02:55:20.71000,1931.000,29
02:55:22.47600,1930.750,3
02:55:23.66400,1930.750,21
02:55:25.05400,1930.750,7
02:55:25.22200,1931.000,1
02:55:26.03500,1930.750,1
02:55:27.39800,1930.750,2
02:55:27.87800,1930.500,2
02:55:28.89400,1931.000,226
02:55:29.07400,1931.000,2
02:55:29.44500,1931.000,16
02:55:30.02300,1930.750,2
02:55:30.28100,1930.750,1
02:55:31.26900,1931.000,49
02:55:31.43300,1931.000,1
02:55:31.89400,1931.000,5
02:55:32.37500,1931.000,1
02:55:32.52700,1931.000,1
02:55:33.67500,1931.000,4
02:55:34.49600,1931.000,1
02:55:34.62800,1931.000,7
02:55:34.94500,1931.000,4
02:55:35.83500,1931.000,3
02:55:37.47200,1931.000,7
02:55:38.10100,1931.250,186
02:55:38.28100,1931.250,1
02:55:39.70300,1931.250,22
02:55:40.16700,1931.000,1
02:55:40.73000,1931.250,19
02:55:40.84700,1931.250,4
02:55:41.25700,1931.000,40
02:55:42.75000,1931.000,5
02:55:43.07800,1931.000,1
02:55:47.01500,1931.000,53
02:55:48.12100,1931.000,1
02:55:52.06600,1930.750,2
02:55:53.23400,1931.000,5
02:55:59.73800,1931.000,5
02:56:09.92100,1931.000,6
02:56:10.87800,1931.000,9
02:56:12.61300,1931.000,4
02:56:12.97200,1931.000,4
02:56:13.21400,1931.000,6
02:56:13.32000,1931.000,7
02:56:13.76500,1931.000,8
02:56:14.02700,1931.000,1
02:56:17.72600,1931.000,1
02:56:18.23400,1931.000,1
02:56:19.79600,1931.000,1
02:56:20.52700,1931.000,2
02:56:22.35500,1931.000,1
02:56:23.37500,1931.000,17
02:56:27.81600,1931.250,2
02:56:29.17500,1931.250,6
02:56:29.64400,1931.250,56
02:56:30.25300,1931.250,2
02:56:30.67900,1931.500,42
02:56:30.75700,1931.500,2
02:56:34.30000,1931.500,1
02:56:34.89400,1931.250,3
02:56:34.96800,1931.500,177
02:56:35.26500,1931.500,7
02:56:35.51100,1931.750,10
02:56:35.72200,1931.750,24
02:56:35.76500,1931.750,38
02:56:36.80400,1931.500,1
02:56:37.19900,1931.500,1
02:56:37.33500,1931.750,5
02:56:42.83900,1931.500,11
02:56:44.30800,1931.250,88
02:56:44.36300,1931.500,48
02:56:44.76500,1931.500,13
02:56:45.13600,1931.500,10
02:56:45.85900,1931.500,13
02:56:46.41700,1931.500,12
02:56:47.36700,1931.500,2
02:56:47.55000,1931.500,1
02:56:48.16400,1931.250,2
02:56:48.85100,1931.250,1
02:56:49.60900,1931.250,2
02:56:50.85900,1931.500,10
02:56:51.12500,1931.250,8
02:56:54.30000,1931.250,3
02:56:54.40600,1931.250,1
02:56:55.71400,1931.250,2
02:56:56.64800,1931.250,1
02:56:57.34700,1931.250,55
02:56:57.73800,1931.250,9
02:56:57.86700,1931.250,3
02:56:58.62800,1931.250,2
02:57:00.65200,1931.250,3
02:57:04.33200,1931.500,46
02:57:04.39400,1931.500,12
02:57:06.62500,1931.250,1
02:57:08.33500,1931.500,2
02:57:08.65200,1931.500,6
02:57:09.10500,1931.500,18
02:57:10.10500,1931.500,16
02:57:12.10500,1931.500,17
02:57:13.73000,1931.500,10
02:57:14.25000,1931.500,8
02:57:14.48400,1931.500,1
02:57:15.81600,1931.500,2
02:57:18.52300,1931.500,1
02:57:18.93300,1931.750,1
02:57:20.40600,1931.500,17
02:57:20.61700,1931.500,1
02:57:21.25000,1931.500,1
02:57:23.92100,1931.500,2
02:57:25.32800,1931.500,35
02:57:25.86700,1931.500,8
02:57:27.07400,1931.250,3
02:57:29.94500,1931.250,49
02:57:31.44100,1931.250,2
02:57:31.69500,1931.250,1
02:57:33.26900,1931.500,39
02:57:35.88200,1931.500,2
02:57:37.18700,1931.500,20
02:57:39.84700,1931.250,2
02:57:39.95300,1931.500,5
02:57:40.41700,1931.500,76
02:57:41.09700,1931.500,1
02:57:42.21400,1931.500,1
02:57:42.73400,1931.750,2
02:57:42.87800,1931.500,2
02:57:45.25300,1931.750,1
02:57:47.37500,1931.750,1
02:57:49.03500,1931.500,10
02:57:50.94900,1931.750,1
02:57:51.44500,1931.750,1
02:57:53.45300,1931.500,38
02:57:53.61300,1931.500,1
02:57:57.31600,1931.500,5
02:57:58.73000,1931.750,1
02:58:06.68300,1931.500,89
02:58:10.84300,1931.500,5
02:58:12.60100,1931.500,1
02:58:16.16000,1931.250,1
02:58:20.58900,1931.250,6
02:58:21.44500,1931.250,2
02:58:22.44900,1931.250,80
02:58:23.12500,1931.250,1
02:58:25.35100,1931.000,120
02:58:28.13200,1931.000,24
02:58:30.12800,1931.000,4
02:58:33.21400,1931.000,11
02:58:33.36300,1931.000,2
02:58:36.01900,1931.000,3
02:58:36.60900,1931.000,3
02:58:39.10100,1931.000,1
02:58:42.55400,1931.000,1
02:58:45.57800,1931.000,1
02:58:46.51900,1931.250,50
02:58:47.72200,1931.250,1
02:58:50.70700,1931.000,2
02:58:51.87100,1931.000,72
02:58:54.17500,1931.000,1
02:58:54.85100,1931.000,5
02:59:02.55400,1930.750,2
02:59:02.71000,1930.750,1
02:59:02.94900,1930.750,25
02:59:05.40200,1930.750,1
02:59:05.82000,1930.750,1
02:59:08.24600,1930.750,1
02:59:10.19900,1930.750,1
02:59:10.91700,1931.000,2
02:59:13.50000,1930.750,1
02:59:14.34300,1931.000,75
02:59:16.46800,1931.000,15
02:59:24.26900,1930.750,2
02:59:25.52700,1931.250,106
02:59:31.45700,1931.250,1
02:59:32.35500,1931.000,3
02:59:33.62800,1931.500,12
02:59:33.91700,1931.250,4
02:59:35.23000,1931.250,9
02:59:38.55000,1931.250,2
02:59:42.00000,1931.500,33
02:59:43.00000,1931.750,11
02:59:44.19900,1931.500,2
02:59:45.89400,1931.500,20
02:59:49.12100,1931.500,43
02:59:49.82400,1931.500,1
02:59:50.04600,1931.500,17
02:59:50.90600,1931.500,2
02:59:54.78900,1931.750,1
02:59:56.32400,1931.500,1
02:59:59.23800,1931.750,49
02:59:59.27300,1931.750,2
02:59:59.38200,1931.750,11
02:59:59.47600,1931.750,2
02:59:59.94900,1932.000,22
03:00:00.05400,1932.000,0
03:00:00.07000,1931.750,34
03:00:00.30000,1931.750,51
03:00:00.41000,1931.750,76
03:00:00.51900,1931.750,9
03:00:00.75000,1931.500,1
03:00:01.19500,1931.500,51
03:00:01.32400,1931.500,3
03:00:01.41700,1931.500,29
03:00:02.04600,1931.500,17
03:00:02.31600,1931.750,1
03:00:02.79600,1931.500,10
03:00:03.79600,1931.750,1
03:00:04.01500,1931.500,2
03:00:04.50700,1931.750,57
03:00:04.52300,1931.750,4
03:00:04.77700,1931.750,5
03:00:05.01900,1931.750,12
03:00:05.42100,1931.750,1
03:00:05.48800,1931.750,8
03:00:05.69100,1931.750,2
03:00:06.67100,1932.000,2
03:00:06.81600,1932.000,2
03:00:08.82000,1931.750,1
03:00:09.03900,1931.750,1
03:00:09.72200,1931.750,1
03:00:10.40600,1931.750,3
03:00:11.76100,1931.750,28
03:00:12.12100,1931.750,4
03:00:12.19500,1931.750,1
03:00:12.69500,1931.500,4
03:00:13.31200,1931.750,1
03:00:13.77300,1931.500,1
03:00:14.33500,1931.750,10
03:00:14.64400,1931.750,10
03:00:15.34700,1931.750,1
03:00:16.08900,1931.750,1
03:00:16.50300,1931.750,28
03:00:18.27700,1931.750,2
03:00:20.64000,1931.500,20
03:00:23.13600,1931.750,17
03:00:23.15600,1931.750,1
03:00:25.91700,1931.500,2
03:00:27.30800,1931.500,100
03:00:27.52700,1931.750,12
03:00:28.10100,1931.500,1
03:00:28.35900,1931.500,1
03:00:28.53900,1931.750,2
03:00:29.23800,1931.500,3
03:00:30.71000,1931.750,36
03:00:30.76900,1931.750,29
03:00:30.84700,1931.750,6
03:00:30.94100,1931.500,2
03:00:31.50000,1931.500,1
03:00:31.69100,1931.750,5
03:00:31.86300,1931.750,60
03:00:32.30400,1931.750,3
03:00:33.17900,1932.000,2
03:00:33.85500,1931.750,25
03:00:34.57400,1931.750,1
03:00:35.60100,1931.750,10
03:00:35.85900,1931.750,15
03:00:35.93300,1931.750,3
03:00:36.06200,1931.750,1
03:00:36.47200,1931.750,12
03:00:36.80800,1932.000,1
03:00:37.58200,1931.750,3
03:00:37.90200,1931.750,3
03:00:38.19100,1931.750,9
03:00:38.40600,1931.500,9
03:00:38.89800,1931.500,4
03:00:40.09700,1931.500,2
03:00:40.47600,1931.750,1
03:00:42.50700,1931.500,39
03:00:42.58900,1931.500,3
03:00:42.61700,1931.500,6
03:00:42.75700,1931.500,1
03:00:47.21800,1931.500,2
03:00:47.48800,1931.500,10
03:00:47.57800,1931.500,1
03:00:48.40200,1931.500,1
03:00:48.75000,1931.500,1
03:00:49.62100,1931.500,6
03:00:49.86700,1931.500,1
03:00:50.58200,1931.500,1
03:00:53.39800,1931.250,2
03:00:55.04200,1931.250,90
03:00:55.15600,1931.250,1
03:00:55.71400,1931.250,1
03:00:57.40600,1931.000,8
03:00:57.67900,1931.000,1
03:00:58.21800,1931.000,1
03:00:58.58200,1931.250,9
03:00:59.61700,1931.000,2
03:01:02.17100,1931.250,45
03:01:02.80000,1931.250,26
03:01:03.13200,1931.250,1
03:01:04.22200,1931.250,5
03:01:04.37800,1931.250,1
03:01:05.06200,1931.000,15
03:01:05.67900,1931.250,2
03:01:05.86700,1931.250,12
03:01:06.46000,1931.000,1
03:01:08.70300,1931.250,8
03:01:12.14800,1931.250,15
03:01:12.30400,1931.250,6
03:01:13.25300,1931.250,1
03:01:14.43700,1931.500,45
03:01:15.06600,1931.750,2
03:01:15.67500,1931.500,2
03:01:16.19900,1931.750,86
03:01:16.89000,1931.500,3
03:01:17.45300,1931.750,20
03:01:17.54600,1931.750,3
03:01:18.69100,1931.750,46
03:01:19.89800,1931.750,11
03:01:22.73800,1932.000,11
03:01:23.66400,1932.000,1
03:01:24.52300,1931.750,2
03:01:25.24600,1931.750,5
03:01:25.51100,1932.000,20
03:01:25.92100,1932.000,14
03:01:27.25700,1931.750,76
03:01:27.94500,1931.750,1
03:01:28.83200,1931.500,4
03:01:29.67500,1931.500,30
03:01:32.41400,1931.750,2
03:01:32.90200,1931.500,54
03:01:33.01500,1931.500,8
03:01:33.07800,1931.500,1
03:01:34.21000,1931.500,13
03:01:34.94900,1931.500,4
03:01:35.13600,1931.750,38
03:01:38.08200,1932.000,11
03:01:38.26900,1931.750,1
03:01:40.56600,1931.750,21
03:01:41.14400,1931.750,8
03:01:43.50000,1932.000,26
03:01:45.71800,1932.000,1
03:01:46.52700,1931.750,4
03:01:47.94100,1932.250,262
03:01:48.07800,1932.250,27
03:01:49.16700,1932.500,18
03:01:49.28500,1932.500,2
03:01:49.81200,1932.250,20
03:01:50.39400,1932.500,2
03:01:50.83900,1932.250,3
03:01:51.13600,1932.500,1
03:01:51.46000,1932.500,2
03:01:52.02300,1932.500,1
03:01:53.46400,1932.500,5
03:01:53.59300,1932.250,1
03:01:54.10500,1932.500,1
03:01:54.50000,1932.250,3
03:01:54.89800,1932.500,5
03:01:56.32400,1932.500,1
03:01:57.28900,1932.500,12
03:01:57.82800,1932.250,91
03:01:58.05000,1932.500,15
03:01:58.12500,1932.500,4
03:01:58.74600,1932.500,3
03:01:59.24600,1932.500,4
03:02:00.19500,1932.500,2
03:02:00.30400,1932.250,5
03:02:01.28100,1932.500,1
03:02:02.91700,1932.250,77
03:02:03.19100,1932.000,2
03:02:04.22600,1932.000,4
03:02:04.32400,1932.000,1
03:02:04.42100,1932.000,1
03:02:04.73400,1932.000,5
03:02:06.02700,1932.250,5
03:02:06.35900,1932.000,2
03:02:07.55800,1932.250,2
03:02:08.67500,1932.250,1
03:02:09.89800,1932.000,72
03:02:10.12800,1932.000,41
03:02:11.35900,1932.000,18
03:02:11.94500,1932.000,7
03:02:14.02700,1932.000,1
03:02:14.40600,1932.000,2
03:02:17.58200,1932.000,38
03:02:17.70700,1932.000,40
03:02:18.39000,1932.000,2
03:02:19.07800,1932.000,5
03:02:19.57800,1932.000,1
03:02:20.16400,1932.000,21
03:02:20.27300,1931.750,1
03:02:20.93300,1931.750,3
03:02:21.22200,1932.000,1
03:02:22.46800,1931.750,2
03:02:22.86300,1931.500,27
03:02:26.33200,1931.500,1
03:02:26.55400,1931.750,13
03:02:26.62100,1931.750,4
03:02:27.22600,1931.750,5
03:02:27.46000,1931.750,1
03:02:28.10100,1931.750,5
03:02:28.53900,1931.750,1
03:02:29.91700,1931.750,6
03:02:30.10500,1932.000,4
03:02:30.60100,1932.000,31
03:02:31.20700,1932.000,2
03:02:31.32800,1932.000,1
03:02:32.50300,1932.000,2
03:02:32.85900,1932.000,54
03:02:33.71000,1932.000,6
03:02:34.15600,1932.000,1
03:02:34.39000,1931.750,1
03:02:34.78100,1931.750,5
03:02:38.39800,1931.750,1
03:02:41.18700,1932.000,44
03:02:41.34700,1932.000,17
03:02:41.57800,1932.000,8
03:02:41.75000,1932.000,1
03:02:42.48800,1932.000,7
03:02:42.79600,1932.000,1
03:02:43.26100,1932.000,2
03:02:43.56200,1931.750,15
03:02:44.26100,1932.000,7
03:02:47.89000,1932.000,5
03:02:48.55000,1932.000,4
03:02:48.62500,1932.250,1
03:02:51.05800,1932.250,16
03:02:52.44500,1932.500,1
03:02:53.09700,1932.500,11
03:02:53.49200,1932.250,30
03:02:55.39400,1932.000,1
03:02:56.44900,1932.000,53
03:02:57.10100,1932.000,31
03:02:57.73400,1932.000,5
03:02:58.26900,1932.000,2
03:03:01.47200,1931.750,3
03:03:03.03900,1932.000,3
03:03:04.96400,1931.750,2
03:03:07.05000,1931.750,2
03:03:09.56200,1931.750,1
03:03:10.66000,1931.750,1
03:03:11.49200,1931.750,1
03:03:14.92100,1932.000,1
03:03:18.69500,1931.750,8
03:03:19.50700,1931.750,59
03:03:20.06200,1931.750,1
03:03:20.25300,1931.750,6
03:03:20.46400,1931.750,3
03:03:23.13200,1931.750,1
03:03:26.64400,1931.750,1
03:03:28.07400,1931.750,1
03:03:28.26100,1932.000,46
03:03:31.30000,1932.000,3
03:03:31.57400,1932.000,3
03:03:32.80400,1932.000,27
03:03:32.83200,1932.000,1
03:03:34.72600,1932.250,50
03:03:39.30000,1932.000,4
03:03:39.81600,1932.250,1
03:03:40.64800,1932.250,2
03:03:45.06600,1932.250,1
03:03:48.48400,1932.000,114
03:03:49.71400,1932.250,5
03:03:50.54200,1932.000,1
03:03:51.47600,1932.000,2
03:04:01.17100,1932.000,4
03:04:01.45300,1932.250,37
03:04:01.76100,1932.250,7
03:04:01.89800,1932.500,2
03:04:02.67900,1932.250,18
03:04:03.07000,1932.250,2
03:04:03.28900,1932.250,1
03:04:04.04600,1932.000,1
03:04:04.78500,1932.250,37
03:04:05.22200,1932.250,24
03:04:05.51900,1932.250,6
03:04:09.33200,1931.750,127
03:04:10.63600,1932.250,99
03:04:10.68700,1932.250,1
03:04:12.12100,1932.250,4
03:04:12.46400,1932.250,2
03:04:16.49200,1932.250,1
03:04:18.31600,1932.250,44
03:04:19.35100,1932.250,80
03:04:19.59700,1932.250,4
03:04:20.53500,1932.250,5
03:04:21.33500,1932.250,96
03:04:21.51900,1932.000,69
03:04:21.58900,1932.250,25
03:04:23.12500,1932.000,10
03:04:23.53500,1932.250,1
03:04:24.14800,1932.250,1
03:04:24.30000,1932.000,1
03:04:24.34700,1932.000,1
03:04:25.05000,1932.000,1
03:04:26.49200,1932.000,26
03:04:27.26900,1932.250,16
03:04:27.89000,1932.500,2
03:04:28.17500,1932.500,1
03:04:28.83900,1932.500,1
03:04:29.61300,1932.500,1
03:04:29.83200,1932.500,243
03:04:30.07800,1932.750,150
03:04:30.71800,1933.000,185
03:04:30.80000,1933.000,199
03:04:30.94900,1933.250,3
03:04:31.23400,1933.250,1
03:04:31.41000,1933.250,38
03:04:31.48400,1933.250,29
03:04:31.56600,1933.000,1
03:04:31.93300,1933.000,1
03:04:32.09700,1933.250,1
03:04:32.19900,1933.000,1
03:04:32.73800,1933.250,1
03:04:33.92100,1933.000,6
03:04:34.18700,1933.000,2
03:04:35.74200,1933.000,4
03:04:36.41000,1933.000,10
03:04:36.90200,1933.000,2
03:04:37.46400,1933.250,2
03:04:37.60500,1933.000,55
03:04:38.25700,1933.000,2
03:04:38.59700,1933.000,2
03:04:39.03900,1933.000,1
03:04:39.69100,1932.750,53
03:04:40.29200,1932.750,14
03:04:41.05400,1932.750,3
03:04:41.72200,1932.750,11
03:04:42.03900,1932.750,2
03:04:42.60900,1932.750,10
03:04:42.62800,1932.750,12
03:04:42.97200,1932.500,3
03:04:44.33200,1932.750,1
03:04:44.62500,1932.500,2
03:04:45.12500,1932.750,2
03:04:45.58900,1932.500,112
03:04:47.07400,1932.500,2
03:04:47.58500,1932.500,47
03:04:47.66400,1932.500,7
03:04:47.87100,1932.250,9
03:04:48.47600,1932.250,4
03:04:48.77700,1932.250,2
03:04:49.31200,1932.500,1
03:04:49.80400,1932.250,13
03:04:50.55000,1932.250,2
03:04:51.06600,1932.500,14
03:04:51.21400,1932.500,1
03:04:51.51500,1932.250,10
03:04:52.31600,1932.250,5
03:04:55.09700,1932.250,67
03:04:57.63200,1932.500,61
03:04:57.74200,1932.500,1
03:04:58.29200,1932.500,1
03:04:59.57800,1932.500,14
03:05:00.33900,1932.750,28
03:05:00.61700,1932.750,3
03:05:01.22600,1932.750,14
03:05:01.35500,1932.750,1
03:05:03.37100,1932.750,1
03:05:05.03100,1933.000,31
03:05:05.37500,1933.000,25
03:05:05.63200,1933.000,9
03:05:06.06200,1932.750,10
03:05:10.70300,1932.750,1
03:05:11.01900,1932.750,89
03:05:12.28500,1932.750,24
03:05:12.51500,1933.000,6
03:05:12.69500,1932.750,1
03:05:12.75300,1933.000,5
03:05:16.21800,1932.750,64
03:05:17.96000,1933.000,1
03:05:18.97200,1933.000,24
03:05:19.76900,1933.000,2
03:05:19.96800,1933.250,1
03:05:21.09300,1933.000,15
03:05:21.17900,1933.250,2
03:05:21.45300,1933.000,1
03:05:21.55400,1933.000,19
03:05:21.65200,1933.000,1
03:05:24.73000,1933.000,20
03:05:25.70300,1933.000,2
03:05:25.81600,1933.000,7
03:05:26.24200,1933.000,3
03:05:26.62800,1933.000,1
03:05:26.91400,1933.000,1
03:05:27.23000,1933.000,1
03:05:27.33900,1933.000,1
03:05:27.80000,1933.000,13
03:05:27.92900,1933.000,1
03:05:28.66000,1933.000,2
03:05:28.81600,1933.000,2
03:05:29.05400,1933.000,3
03:05:29.16000,1932.750,1
03:05:29.51900,1933.000,8
03:05:30.82800,1933.000,1
03:05:31.34700,1933.250,3
03:05:32.13200,1933.000,1
03:05:32.37500,1933.250,1
03:05:32.72200,1933.250,4
03:05:32.91000,1933.000,5
03:05:33.75000,1933.250,1
03:05:33.91400,1933.250,45
03:05:34.11300,1933.250,19
03:05:34.37100,1933.250,2
03:05:36.04600,1933.000,5
03:05:37.46400,1933.000,15
03:05:38.88200,1933.000,3
03:05:39.44900,1933.000,61
03:05:39.53500,1933.000,18
03:05:40.31200,1933.000,9
03:05:41.53900,1933.000,3
03:05:42.34300,1933.000,29
03:05:43.45300,1933.000,28
03:05:44.59700,1933.000,2
03:05:44.75300,1933.000,2
03:05:45.59700,1933.000,1
03:05:46.21000,1933.250,1
03:05:46.35900,1933.000,1
03:05:46.66000,1933.000,3
03:05:46.80800,1933.000,1
03:05:48.68300,1932.750,3
03:05:49.01100,1933.000,1
03:05:49.90200,1932.750,1
03:05:50.91000,1932.750,1
03:05:51.50700,1932.750,2
03:05:52.00300,1933.000,4
03:05:53.15200,1933.000,14
03:05:57.73000,1933.000,7
03:05:58.29200,1933.000,10
03:05:58.66400,1932.750,3
03:05:59.02300,1933.000,1
03:06:01.29600,1933.000,5
03:06:01.60100,1933.000,2
03:06:01.68300,1933.000,13
03:06:01.97200,1933.000,10
03:06:02.84700,1933.000,3
03:06:04.25300,1933.000,2
03:06:04.84700,1933.000,9
03:06:06.23000,1933.000,8
03:06:07.37100,1933.000,37
03:06:07.86300,1933.000,5
03:06:07.92900,1933.000,8
03:06:08.45700,1933.000,1
03:06:10.30800,1933.000,1
03:06:10.63600,1933.250,4
03:06:10.92100,1933.250,2
03:06:12.40600,1933.250,1
03:06:13.14800,1933.250,36
03:06:13.56200,1933.250,5
03:06:14.04200,1933.000,105
03:06:15.73800,1933.000,80
03:06:16.26500,1933.250,5
03:06:17.16000,1933.000,123
03:06:20.14000,1933.250,1
03:06:20.90600,1933.000,19
03:06:26.69900,1933.000,1
03:06:28.34700,1932.750,149
03:06:29.12800,1933.000,2
03:06:29.77300,1932.750,19
03:06:29.84700,1932.750,1
03:06:29.97200,1932.500,2
03:06:30.52300,1932.750,10
03:06:32.33200,1932.500,1
03:06:32.53500,1932.750,1
03:06:34.14800,1932.500,1
03:06:34.24600,1932.500,17
03:06:34.48800,1932.500,5
03:06:34.89000,1932.750,2
03:06:38.26100,1932.500,73
03:06:40.10900,1932.500,8
03:06:41.26900,1932.250,2
03:06:42.33900,1932.500,53
03:06:42.41700,1932.500,24
03:06:42.89800,1932.250,1
03:06:43.52700,1932.500,30
03:06:43.73000,1932.500,1
03:06:44.08900,1932.250,3
03:06:44.39000,1932.250,1
03:06:44.81600,1932.250,1
03:06:45.31600,1932.500,1
03:06:45.63200,1932.500,1
03:06:45.81600,1932.500,9
03:06:45.81600,1932.500,15
03:06:46.10900,1932.500,1
03:06:47.21000,1932.500,1
03:06:47.57000,1932.500,1
03:06:47.96000,1932.500,8
03:06:49.63600,1932.500,24
03:06:50.16400,1932.500,9
03:06:51.77700,1932.750,10
03:06:52.34700,1932.500,22
03:06:54.28500,1932.500,23
03:06:54.92900,1932.500,3
03:06:56.55000,1932.250,10
03:06:57.34700,1932.500,3
03:06:58.42900,1932.500,1
03:06:58.86700,1932.500,13
03:06:59.73400,1932.500,1
03:07:02.59700,1932.750,68
03:07:03.17500,1933.000,3
03:07:06.12500,1932.750,38
03:07:07.39400,1932.750,1
03:07:07.66700,1932.750,17
03:07:07.80000,1932.500,1
03:07:08.23000,1932.500,1
03:07:08.60100,1932.500,24
03:07:09.46000,1932.500,3
03:07:09.60900,1932.500,1
03:07:10.14800,1932.500,4
03:07:10.32400,1932.750,1
03:07:10.64000,1932.750,4
03:07:12.16700,1932.750,1
03:07:13.86700,1932.750,36
03:07:15.11700,1932.500,1
03:07:15.76500,1932.500,26
03:07:16.67100,1932.750,1
03:07:19.58500,1932.750,29
03:07:20.53900,1932.750,9
03:07:21.78900,1932.750,17
03:07:22.00000,1932.750,16
03:07:22.57000,1932.750,1
03:07:23.43700,1932.500,15
03:07:24.32800,1932.500,7
03:07:26.28900,1932.500,2
03:07:27.47600,1932.500,2
03:07:28.10500,1932.500,5
03:07:29.58500,1932.750,6
03:07:29.75300,1932.500,1
03:07:30.46800,1933.000,7
03:07:31.96800,1933.000,1
03:07:35.92900,1933.000,1
03:07:38.08200,1932.750,1
03:07:39.90200,1933.250,316
03:07:40.44100,1933.000,9
03:07:40.49200,1933.000,8
03:07:41.14800,1933.000,26
03:07:42.70700,1933.000,3
03:07:43.50000,1932.750,27
03:07:43.55000,1932.750,3
03:07:44.76100,1932.750,1
03:07:45.31200,1932.750,2
03:07:48.45700,1933.000,33
03:07:48.55400,1933.000,1
03:07:52.68700,1933.250,1
03:07:53.87100,1933.000,26
03:07:55.10100,1933.000,3
03:07:57.78100,1933.250,3
03:07:58.53100,1933.000,27
03:07:59.10900,1933.000,1
03:08:00.79200,1933.250,12
03:08:01.55000,1933.000,33
03:08:02.23800,1933.000,5
03:08:03.33200,1933.000,12
03:08:04.49600,1932.750,1
03:08:05.25700,1932.750,5
03:08:05.94900,1932.750,12
03:08:07.87500,1933.000,1
03:08:13.78100,1933.000,1
03:08:17.94500,1933.000,1
03:08:18.25700,1932.750,24
03:08:19.55800,1932.750,1
03:08:20.27300,1933.000,2
03:08:20.48400,1932.750,2
03:08:25.05000,1932.750,1
03:08:26.58900,1932.750,2
03:08:27.32800,1933.000,2
03:08:29.01900,1932.750,1
03:08:30.06600,1933.250,24
03:08:30.20300,1933.250,29
03:08:30.54600,1933.500,114
03:08:30.64000,1933.500,13
03:08:31.07400,1933.500,1
03:08:32.12800,1933.500,4
03:08:33.01500,1933.500,1
03:08:34.83500,1933.500,1
03:08:36.25700,1933.250,55
03:08:38.38600,1933.250,104
03:08:38.76100,1933.250,2
03:08:39.02700,1933.250,10
03:08:39.71400,1933.000,1
03:08:40.69900,1933.250,116
03:08:44.57800,1933.250,39
03:08:45.87100,1933.000,29
03:08:45.87500,1933.000,4
03:08:46.07000,1933.000,1
03:08:46.30400,1933.000,3
03:08:46.78900,1933.000,1
03:08:51.67100,1933.000,1
03:08:53.95300,1932.750,1
03:08:54.48400,1932.750,36
03:08:55.11300,1932.750,8
03:08:56.89400,1933.000,12
03:08:56.93700,1933.000,4
03:08:57.51100,1933.000,4
03:08:58.13600,1933.000,5
03:08:58.19900,1933.250,1
03:08:59.69900,1933.250,5
03:08:59.96400,1933.250,21
03:09:00.40200,1933.500,20
03:09:00.66400,1933.250,2
03:09:00.84300,1933.500,10
03:09:01.05000,1933.250,1
03:09:03.80800,1933.500,2
03:09:03.96400,1933.500,1
03:09:06.00000,1933.250,1
03:09:06.12800,1933.250,51
03:09:06.35100,1933.250,13
03:09:06.37500,1933.250,2
03:09:06.71000,1933.000,1
03:09:07.94100,1933.250,12
03:09:09.49600,1933.250,1
03:09:09.92900,1933.250,1
03:09:11.10900,1933.250,2
03:09:12.22200,1933.250,2
03:09:13.04200,1933.000,2
03:09:13.55400,1933.250,19
03:09:13.76100,1933.000,139
03:09:13.76900,1933.000,79
03:09:13.83900,1933.000,25
03:09:14.05800,1933.000,1
03:09:14.30800,1933.250,1
03:09:15.17900,1933.000,1
03:09:15.71400,1933.250,2
03:09:16.77300,1933.000,1
03:09:18.08500,1933.000,25
03:09:18.30000,1933.000,1
03:09:18.73400,1933.000,12
03:09:19.07800,1933.000,1
03:09:21.01500,1933.000,14
03:09:24.83500,1933.000,1
03:09:25.13200,1933.000,2
03:09:25.37500,1933.000,32
03:09:26.83900,1933.000,1
03:09:29.05400,1933.000,18
03:09:29.18700,1933.000,12
03:09:29.60500,1933.000,1
03:09:32.01900,1933.250,23
03:09:33.07400,1933.750,130
03:09:33.35500,1933.500,7
03:09:33.59300,1933.500,49
03:09:33.81200,1933.500,1
03:09:34.14000,1933.500,20
03:09:34.59700,1933.500,13
03:09:37.20700,1933.500,29
03:09:37.59700,1933.750,5
03:09:37.95300,1933.500,1
03:09:38.65600,1933.500,3
03:09:38.80400,1933.250,4
03:09:40.24200,1933.500,8
03:09:40.78100,1933.500,2
03:09:41.72600,1933.750,29
03:09:42.74200,1933.500,2
03:09:43.70300,1933.750,1
03:09:45.69900,1933.500,4
03:09:46.12800,1933.500,43
03:09:46.45300,1933.500,5
03:09:48.18300,1933.250,2
03:09:49.69500,1933.250,2
03:09:50.05800,1933.500,1
03:09:50.32400,1933.500,32
03:09:50.58200,1933.500,1
03:09:52.39400,1933.750,11
03:09:53.19500,1933.750,1
03:09:53.60500,1933.750,54
03:09:53.97200,1933.500,1
03:09:54.15200,1933.500,8
03:09:55.04200,1933.750,1
03:09:57.75700,1933.500,3
03:09:58.78500,1933.750,2
03:09:59.64400,1933.750,5
03:09:59.87500,1933.500,1
03:10:00.17900,1934.000,313
03:10:00.22600,1934.000,2
03:10:00.40600,1934.000,1
03:10:00.43300,1934.000,1
03:10:00.55800,1934.000,6
03:10:00.82000,1934.000,395
03:10:00.82400,1934.000,22
03:10:00.82400,1934.000,53
03:10:00.89400,1934.000,16
03:10:00.89400,1934.000,22
03:10:00.90600,1934.000,28
03:10:01.06600,1934.000,6
03:10:01.18700,1933.750,85
03:10:01.64800,1934.000,2
03:10:01.73400,1934.000,4
03:10:02.15600,1934.000,3
03:10:02.22200,1934.000,1
03:10:02.57000,1934.000,15
03:10:03.00700,1934.000,1
03:10:03.42500,1934.000,36
03:10:04.01900,1934.000,39
03:10:04.62100,1934.000,4
03:10:04.73000,1933.750,1
03:10:04.88600,1934.000,1
03:10:05.32800,1934.000,25
03:10:06.17500,1934.000,1
03:10:06.42100,1934.000,1
03:10:07.09300,1934.000,1
03:10:07.30400,1933.750,1
03:10:07.91400,1933.750,1
03:10:09.00000,1934.000,2
03:10:10.47200,1934.000,5
03:10:11.80400,1933.750,3
03:10:12.16700,1933.750,5
03:10:12.67500,1933.750,2
03:10:15.96000,1934.000,10
03:10:16.47600,1934.250,112
03:10:16.56200,1934.250,7
03:10:16.64800,1934.250,3
03:10:17.16000,1934.250,3
03:10:17.25700,1934.000,1
03:10:17.59300,1934.000,1
03:10:18.54600,1934.000,2
03:10:18.96000,1934.250,25
03:10:19.44900,1934.250,1
03:10:19.62800,1934.000,4
03:10:20.13200,1934.000,1
03:10:20.42100,1934.250,2
03:10:20.90200,1934.250,24
03:10:21.19500,1934.000,4
03:10:21.36300,1934.250,4
03:10:21.47200,1934.250,3
03:10:21.71800,1933.750,50
03:10:21.75700,1934.000,13
03:10:21.96000,1934.000,2
03:10:22.02700,1934.000,1
03:10:22.25300,1934.000,1
03:10:22.47200,1934.000,15
03:10:23.07800,1934.000,1
03:10:23.28900,1934.000,15
03:10:23.54600,1934.000,24
03:10:23.76100,1934.250,1
03:10:25.42900,1934.000,4
03:10:25.86300,1934.250,1
03:10:26.15200,1934.250,57
03:10:26.16700,1934.250,1
03:10:26.33900,1934.250,1
03:10:26.49600,1934.250,1
03:10:26.65600,1934.250,71
03:10:26.77700,1934.250,1
03:10:27.21800,1934.250,11
03:10:27.70300,1934.250,115
03:10:28.36300,1934.500,2
03:10:28.85500,1934.500,4
03:10:29.13200,1934.500,6
03:10:29.54200,1934.250,2
03:10:30.55000,1934.500,2
03:10:30.76500,1934.500,185
03:10:30.93300,1934.750,21
03:10:31.04200,1934.750,2
03:10:31.06600,1934.750,1
03:10:31.19500,1934.750,3
03:10:31.55400,1934.500,20
03:10:31.83500,1934.750,1
03:10:31.96400,1934.500,1
03:10:32.17100,1934.500,12
03:10:32.66700,1934.500,2
03:10:32.83500,1934.500,25
03:10:33.05400,1934.500,12
03:10:33.20300,1934.500,2
03:10:35.13200,1934.500,1
03:10:35.38600,1934.500,5
03:10:37.13200,1934.500,24
03:10:37.18700,1934.250,2
03:10:37.51500,1934.250,3
03:10:38.03500,1934.250,3
03:10:38.14400,1934.250,150
03:10:38.89400,1934.500,1
03:10:39.12100,1934.500,1
03:10:39.79600,1934.250,6
03:10:40.00300,1934.250,2
03:10:41.78500,1934.250,3
03:10:42.01500,1934.250,14
03:10:42.12800,1934.000,4
03:10:42.57000,1934.250,1
03:10:43.30800,1934.000,2
03:10:43.69900,1933.750,32
03:10:44.00700,1934.000,5
03:10:45.00700,1934.000,2
03:10:45.26500,1934.250,6
03:10:45.49200,1934.000,1
03:10:47.21400,1934.000,2
03:10:47.69500,1934.000,1
03:10:48.30800,1934.000,1
03:10:48.51100,1934.000,2
03:10:49.27700,1934.000,43
03:10:49.87800,1934.000,1
03:10:50.00000,1934.000,15
03:10:50.04600,1934.000,7
03:10:50.14400,1934.000,1
03:10:50.28100,1934.000,3
03:10:50.48000,1934.000,1
03:10:50.82800,1934.250,15
03:10:51.00000,1934.000,3
03:10:52.01500,1934.000,1
03:10:52.30800,1934.000,26
03:10:52.89400,1934.000,5
03:10:53.11300,1934.000,2
03:10:54.04200,1934.000,2
03:10:55.15200,1933.750,1
03:10:55.76500,1934.000,3
03:10:57.42500,1934.000,30
03:10:57.86300,1934.000,1
03:10:58.58200,1934.000,1
03:11:01.55000,1933.750,323
03:11:01.73800,1933.750,2
03:11:01.90200,1933.500,7
03:11:02.03900,1933.500,2
03:11:02.42100,1933.750,1
03:11:03.15200,1933.500,1
03:11:03.35500,1933.750,1
03:11:03.51900,1933.750,1
03:11:04.41000,1933.750,8
03:11:04.88200,1933.750,15
03:11:06.68300,1934.000,62
03:11:06.88600,1934.000,2
03:11:06.96800,1933.750,4
03:11:09.91700,1933.750,19
03:11:10.45300,1933.750,2
03:11:11.33900,1933.750,1
03:11:12.12500,1933.750,7
03:11:13.10100,1933.500,50
03:11:13.11300,1933.500,8
03:11:13.30000,1933.500,2
03:11:14.74600,1933.500,1
03:11:15.33200,1933.500,5
03:11:15.47600,1933.500,7
03:11:16.35900,1933.500,1
03:11:16.83500,1933.500,2
