08:30:00,1413.75,1
08:30:00,1413.50,1
08:30:00,1413.75,31
08:30:00,1413.50,21
08:30:00,1413.75,1
08:30:00,1413.50,1
08:30:00,1413.75,1
08:30:00,1413.50,4
08:30:00,1413.75,1
08:30:00,1413.50,8
08:30:00,1413.75,4
08:30:00,1413.50,1
08:30:00,1413.75,1
08:30:00,1413.50,1
08:30:00,1413.75,1
08:30:00,1413.50,3
08:30:00,1413.25,2
08:30:00,1413.50,1
08:30:00,1413.75,1
08:30:00,1413.50,3
08:30:00,1413.75,5
08:30:00,1413.50,44
08:30:00,1413.75,1
08:30:00,1413.25,2
08:30:00,1413.50,1
08:30:00,1413.75,1
08:30:00,1413.50,8
08:30:00,1413.25,1
08:30:00,1413.50,1
08:30:00,1413.75,1
08:30:00,1413.50,26
08:30:00,1413.75,5
08:30:00,1413.50,1
08:30:00,1413.75,1
08:30:00,1413.50,1
08:30:00,1413.25,5
08:30:00,1413.50,18
08:30:00,1413.75,1
08:30:00,1413.50,23
08:30:00,1413.75,4
08:30:00,1413.50,20
08:30:00,1413.75,1
08:30:00,1413.50,1
08:30:00,1413.75,1
08:30:00,1413.50,2
08:30:00,1413.75,2
08:30:00,1413.50,14
08:30:00,1413.75,1
08:30:00,1413.50,1
08:30:00,1413.75,1
08:30:00,1413.50,1
08:30:00,1413.75,1
08:30:00,1413.50,19
08:30:00,1413.75,1
08:30:00,1413.50,2
08:30:00,1413.75,1
08:30:00,1413.50,1
08:30:00,1413.75,1
08:30:00,1413.50,1
08:30:00,1413.75,1
08:30:00,1413.50,1
08:30:00,1413.25,53
08:30:00,1413.50,1
08:30:00,1413.75,2
08:30:00,1413.50,4
08:30:00,1413.75,11
08:30:00,1413.50,2
08:30:00,1413.75,1
08:30:00,1413.50,5
08:30:00,1413.25,2
08:30:00,1413.50,38
08:30:00,1413.75,2
08:30:00,1413.50,5
08:30:00,1413.75,1
08:30:00,1413.50,9
08:30:00,1413.75,5
08:30:00,1413.50,1
08:30:00,1413.75,1
08:30:00,1413.50,1
08:30:00,1413.75,1
08:30:00,1413.50,1
08:30:00,1413.75,1
08:30:00,1413.50,7
08:30:00,1413.75,4
08:30:00,1413.50,39
08:30:00,1413.25,4
08:30:00,1413.50,1
08:30:00,1413.75,2
08:30:00,1413.50,1
08:30:01,1413.75,1
08:30:01,1413.50,1
08:30:01,1413.75,1
08:30:01,1413.50,2
08:30:01,1413.75,8
08:30:01,1413.50,9
08:30:01,1413.75,3
08:30:01,1413.50,2
08:30:01,1413.75,1
08:30:02,1413.75,3
08:30:02,1413.50,9
08:30:02,1413.75,3
08:30:03,1413.75,3
08:30:04,1413.50,3
08:30:04,1413.75,3
08:30:04,1413.50,1
08:30:04,1413.75,1
08:30:05,1413.75,2
08:30:05,1414.00,20
08:30:05,1413.75,1
08:30:05,1414.00,1
08:30:05,1413.75,1
08:30:05,1414.00,1
08:30:05,1413.75,2
08:30:06,1413.75,4
08:30:07,1413.75,1
08:30:07,1413.50,2
08:30:07,1413.75,1
08:30:07,1414.00,2
08:30:07,1413.75,1
08:30:08,1413.75,1
08:30:08,1414.00,1
08:30:09,1414.00,1
08:30:09,1413.75,1
08:30:09,1414.00,1
08:30:10,1413.75,20
08:30:10,1414.00,1
08:30:11,1414.00,1
08:30:12,1414.00,1
08:30:12,1413.75,13
08:30:12,1414.00,1
08:30:12,1413.75,1
08:30:12,1414.00,1
08:30:13,1414.00,1
08:30:13,1413.75,1
08:30:13,1414.00,1
08:30:13,1413.75,3
08:30:13,1414.00,1
08:30:13,1413.75,2
08:30:14,1414.00,1
08:30:15,1413.75,4
08:30:15,1414.00,1
08:30:15,1413.75,1
08:30:15,1414.00,1
08:30:16,1413.75,1
08:30:16,1414.00,1
08:30:16,1413.75,1
08:30:17,1413.75,1
08:30:17,1414.00,1
08:30:17,1413.75,1
08:30:17,1414.00,2
08:30:18,1414.00,1
08:30:18,1413.75,12
08:30:18,1414.00,2
08:30:18,1413.75,1
08:30:19,1414.00,1
08:30:20,1414.00,1
08:30:21,1414.00,1
08:30:22,1414.00,10
08:30:22,1413.75,1
08:30:22,1414.00,13
08:30:23,1413.75,1
08:30:23,1414.00,1
08:30:23,1413.75,1
08:30:23,1414.00,2
08:30:23,1413.75,1
08:30:24,1413.75,1
08:30:24,1414.00,1
08:30:24,1413.75,1
08:30:25,1414.00,1
08:30:25,1413.75,2
08:30:26,1414.00,13
08:30:26,1413.75,4
08:30:26,1414.00,1
08:30:26,1413.75,10
08:30:27,1413.75,1
08:30:27,1414.00,1
08:30:28,1413.75,1
08:30:28,1414.00,1
08:30:29,1414.00,1
08:30:29,1413.75,1
08:30:30,1413.75,2
08:30:30,1413.50,3
08:30:30,1413.75,3
08:30:30,1414.00,1
08:30:30,1413.75,1
08:30:30,1413.50,3
08:30:30,1413.75,1
08:30:30,1414.00,1
08:30:31,1413.75,1
08:30:32,1413.50,1
08:30:32,1413.75,1
08:30:33,1413.50,8
08:30:33,1413.75,1
08:30:34,1413.50,1
08:30:34,1413.75,1
08:30:34,1413.50,1
08:30:35,1413.50,1
08:30:35,1413.75,1
08:30:35,1413.50,1
08:30:36,1413.50,1
08:30:36,1413.75,1
08:30:36,1413.50,1
08:30:36,1413.75,1
08:30:36,1413.50,1
08:30:37,1413.50,1
08:30:37,1413.75,1
08:30:38,1413.75,1
08:30:39,1413.50,2
08:30:39,1413.75,1
08:30:40,1413.75,26
08:30:40,1413.50,1
08:30:41,1413.50,1
08:30:41,1413.75,5
08:30:41,1413.50,2
08:30:42,1413.50,3
08:30:42,1413.75,1
08:30:42,1413.50,2
08:30:43,1413.75,1
08:30:43,1413.50,1
08:30:44,1413.75,1
08:30:44,1413.50,2
08:30:44,1413.75,1
08:30:45,1413.75,2
08:30:45,1413.50,1
08:30:45,1413.75,1
08:30:46,1413.75,1
08:30:46,1413.50,13
08:30:46,1413.75,1
08:30:46,1413.50,20
08:30:47,1413.75,16
08:30:48,1413.50,2
08:30:48,1413.75,1
08:30:49,1413.75,1
08:30:49,1413.50,2
08:30:49,1413.75,90
08:30:49,1413.50,1
08:30:50,1413.75,1
08:30:51,1413.75,6
08:30:52,1413.75,1
08:30:53,1413.75,1
08:30:53,1413.50,1
08:30:54,1413.50,1
08:30:54,1413.75,1
08:30:55,1413.50,1
08:30:55,1413.75,1
08:30:55,1413.50,1
08:30:56,1413.75,1
08:30:57,1413.50,4
08:30:57,1413.75,1
08:30:58,1413.75,5
08:30:59,1413.75,1
08:31:00,1413.75,1
08:31:00,1414.00,1
08:31:00,1413.75,8
08:31:00,1414.00,3
08:31:00,1413.75,1
08:31:00,1414.00,1
08:31:00,1413.75,3
08:31:00,1414.00,2
08:31:00,1413.75,2
08:31:00,1414.00,1
08:31:00,1413.75,3
08:31:01,1414.00,2
08:31:02,1414.00,1
08:31:03,1414.25,1
08:31:03,1414.00,1
08:31:03,1414.25,2
08:31:04,1414.25,1
08:31:05,1414.25,4
08:31:05,1414.00,1
08:31:06,1414.25,3
08:31:06,1414.00,1
08:31:06,1414.25,1
08:31:06,1414.00,1
08:31:07,1414.25,1
08:31:07,1414.00,3
08:31:07,1414.25,1
08:31:08,1414.00,8
08:31:08,1414.25,1
08:31:08,1414.00,21
08:31:09,1414.00,1
08:31:10,1414.00,1
08:31:11,1414.00,1
08:31:12,1414.00,10
08:31:12,1414.25,1
08:31:12,1414.00,3
08:31:13,1414.00,4
08:31:13,1414.25,1
08:31:13,1414.00,1
08:31:13,1414.25,5
08:31:14,1414.00,2
08:31:15,1414.00,1
08:31:15,1414.25,1
08:31:15,1414.00,3
08:31:15,1414.25,2
08:31:15,1414.00,2
08:31:16,1414.25,1
08:31:17,1414.00,9
08:31:17,1414.25,1
08:31:17,1414.00,2
08:31:18,1414.25,1
08:31:18,1414.00,2
08:31:18,1414.25,3
08:31:19,1414.25,94
08:31:19,1414.00,1
08:31:19,1414.25,2
08:31:20,1414.00,1
08:31:21,1414.00,1
08:31:21,1414.25,2
08:31:22,1414.25,2
08:31:22,1414.00,1
08:31:22,1414.25,1
08:31:22,1414.00,3
08:31:23,1414.25,2
08:31:23,1414.00,1
08:31:23,1414.25,1
08:31:23,1414.00,1
08:31:23,1414.25,2
08:31:24,1414.00,1
08:31:24,1414.25,1
08:31:25,1414.25,6
08:31:26,1414.25,1
08:31:27,1414.00,1
08:31:27,1414.25,1
08:31:28,1414.25,6
08:31:30,1414.00,1
08:31:31,1414.25,13
08:31:31,1414.00,2
08:31:31,1414.25,1
08:31:32,1414.00,1
08:31:33,1414.25,1
08:31:33,1414.00,1
08:31:35,1414.25,1
08:31:35,1414.00,1
08:31:36,1414.00,1
08:31:37,1414.00,1
08:31:38,1413.75,3
08:31:39,1413.75,1
08:31:40,1414.00,1
08:31:41,1414.00,1
08:31:42,1414.00,2
08:31:43,1414.00,1
08:31:43,1413.75,2
08:31:43,1414.00,4
08:31:44,1414.00,1
08:31:44,1413.75,1
08:31:45,1413.75,3
08:31:46,1414.00,2
08:31:46,1413.75,2
08:31:46,1414.00,1
08:31:47,1413.75,4
08:31:47,1414.00,1
08:31:47,1413.75,1
08:31:48,1413.75,1
08:31:48,1414.00,33
08:31:48,1413.75,1
08:31:49,1414.00,1
08:31:50,1414.00,1
08:31:51,1414.00,1
08:31:52,1414.00,1
08:31:52,1413.75,25
08:31:52,1414.00,1
08:31:53,1414.00,2
08:31:54,1414.00,1
08:31:55,1414.00,4
08:31:55,1414.25,1
08:31:55,1414.00,1
08:31:55,1414.25,1
08:31:55,1414.00,1
08:31:56,1414.25,1
08:31:57,1414.00,7
08:31:58,1413.75,8
08:31:58,1414.00,16
08:31:59,1414.00,3
08:32:00,1414.00,1
08:32:00,1413.75,2
08:32:00,1414.00,8
08:32:00,1413.75,1
08:32:01,1414.00,2
08:32:02,1414.00,5
08:32:04,1414.00,2
08:32:04,1413.75,1
08:32:04,1414.00,8
08:32:05,1414.00,4
08:32:06,1414.00,2
08:32:07,1414.00,1
08:32:07,1413.75,1
08:32:08,1414.00,1
08:32:09,1414.00,1
08:32:09,1413.75,1
08:32:10,1414.00,1
08:32:10,1413.75,1
08:32:10,1414.00,1
08:32:10,1413.75,8
08:32:10,1414.00,1
08:32:11,1414.00,2
08:32:12,1414.00,16
08:32:13,1414.00,5
08:32:13,1413.75,1
08:32:13,1414.00,10
08:32:13,1413.75,1
08:32:14,1414.00,1
08:32:15,1414.25,1
08:32:15,1414.00,1
08:32:15,1414.25,1
08:32:15,1414.00,1
08:32:15,1414.25,17
08:32:15,1414.00,1
08:32:15,1414.25,5
08:32:15,1414.00,14
08:32:15,1414.25,1
08:32:15,1414.00,1
08:32:15,1414.25,67
08:32:15,1414.00,1
08:32:15,1414.25,1
08:32:15,1414.00,1
08:32:15,1414.25,1
08:32:16,1414.00,2
08:32:16,1414.25,1
08:32:17,1414.00,3
08:32:17,1414.25,5
08:32:17,1414.00,3
08:32:18,1414.00,1
08:32:18,1414.25,1
08:32:19,1414.00,2
08:32:19,1414.25,2
08:32:19,1414.00,3
08:32:19,1414.25,3
08:32:21,1414.25,1
08:32:22,1414.25,4
08:32:23,1414.00,1
08:32:23,1414.25,1
08:32:23,1414.00,1
08:32:23,1414.25,1
08:32:23,1414.00,1
08:32:24,1414.25,1
08:32:24,1414.00,1
08:32:24,1414.25,19
08:32:24,1414.00,4
08:32:24,1414.25,1
08:32:25,1414.25,1
08:32:26,1414.25,2
08:32:26,1414.00,1
08:32:27,1414.25,6
08:32:27,1414.50,2
08:32:27,1414.25,2
08:32:27,1414.50,1
08:32:27,1414.25,1
08:32:27,1414.50,1
08:32:27,1414.25,1
08:32:27,1414.50,1
08:32:27,1414.25,4
08:32:27,1414.50,1
08:32:27,1414.25,1
08:32:27,1414.50,3
08:32:27,1414.25,1
08:32:27,1414.50,1
08:32:27,1414.25,2
08:32:27,1414.50,1
08:32:27,1414.25,20
08:32:27,1414.50,1
08:32:27,1414.25,2
08:32:28,1414.25,1
08:32:28,1414.50,1
08:32:28,1414.25,1
08:32:28,1414.50,1
08:32:28,1414.25,1
08:32:29,1414.25,1
08:32:29,1414.50,1
08:32:29,1414.25,2
08:32:29,1414.50,2
08:32:31,1414.25,4
08:32:31,1414.50,1
08:32:31,1414.25,2
08:32:31,1414.50,5
08:32:31,1414.25,1
08:32:32,1414.25,1
08:32:32,1414.50,1
08:32:32,1414.25,1
08:32:32,1414.50,1
08:32:32,1414.25,1
08:32:32,1414.50,1
08:32:32,1414.25,5
08:32:32,1414.50,1
08:32:32,1414.25,1
08:32:32,1414.50,3
08:32:33,1414.50,1
08:32:33,1414.25,1
08:32:34,1414.25,1
08:32:34,1414.50,1
08:32:34,1414.25,1
08:32:34,1414.50,1
08:32:34,1414.25,5
08:32:34,1414.50,1
08:32:34,1414.25,2
08:32:34,1414.50,1
08:32:34,1414.25,3
08:32:35,1414.25,1
08:32:36,1414.25,2
08:32:36,1414.00,2
08:32:36,1414.25,2
08:32:36,1414.00,1
08:32:36,1414.25,2
08:32:37,1414.25,1
08:32:38,1414.25,5
08:32:39,1414.25,5
08:32:40,1414.25,1
08:32:42,1414.00,2
08:32:42,1414.25,1
08:32:43,1414.00,1
08:32:44,1414.00,1
08:32:44,1414.25,2
08:32:45,1414.25,18
08:32:47,1414.25,1
08:32:47,1414.00,3
08:32:48,1414.25,3
08:32:49,1414.25,3
08:32:50,1414.25,1
08:32:52,1414.25,1
08:32:53,1414.25,1
08:32:54,1414.25,8
08:32:55,1414.25,9
08:32:55,1414.00,1
08:32:55,1414.25,10
08:32:58,1414.00,1
08:32:58,1414.25,10
08:32:58,1414.00,1
08:32:58,1414.25,10
08:32:59,1414.25,2
08:33:00,1414.00,1
08:33:01,1414.25,1
08:33:02,1414.25,1
08:33:03,1414.25,1
08:33:04,1414.25,1
08:33:04,1414.50,1
08:33:04,1414.25,1
08:33:06,1414.50,1
08:33:06,1414.25,1
08:33:06,1414.50,1
08:33:07,1414.50,1
08:33:08,1414.25,1
08:33:08,1414.50,1
08:33:09,1414.50,1
08:33:10,1414.25,2
08:33:11,1414.25,1
08:33:11,1414.50,4
08:33:12,1414.50,1
08:33:13,1414.50,1
08:33:14,1414.75,1
08:33:14,1414.50,5
08:33:14,1414.75,2
08:33:14,1414.50,1
08:33:14,1414.75,1
08:33:14,1414.50,15
08:33:14,1414.75,2
08:33:14,1414.50,1
08:33:14,1414.75,1
08:33:14,1414.50,1
08:33:14,1414.75,2
08:33:14,1414.50,5
08:33:14,1414.75,1
08:33:15,1414.50,1
08:33:15,1414.75,1
08:33:15,1414.50,1
08:33:15,1414.75,1
08:33:15,1414.50,1
08:33:15,1414.75,1
08:33:15,1414.50,5
08:33:15,1414.75,2
08:33:15,1414.50,1
08:33:15,1414.75,1
08:33:16,1414.50,20
08:33:16,1414.75,1
08:33:16,1414.50,10
08:33:16,1414.75,1
08:33:16,1414.50,10
08:33:16,1414.75,2
08:33:16,1414.50,10
08:33:17,1414.75,1
08:33:18,1414.75,10
08:33:18,1414.50,3
08:33:18,1414.75,6
08:33:19,1414.75,1
08:33:19,1414.50,13
08:33:19,1414.75,1
08:33:19,1414.50,1
08:33:19,1414.75,9
08:33:20,1414.50,1
08:33:20,1414.75,1
08:33:20,1414.50,1
08:33:21,1414.50,1
08:33:22,1414.50,1
08:33:23,1414.50,1
08:33:24,1414.50,5
08:33:25,1414.50,2
08:33:27,1414.25,10
08:33:28,1414.50,2
08:33:29,1414.50,2
08:33:29,1414.25,8
08:33:29,1414.50,20
08:33:30,1414.50,1
08:33:31,1414.25,1
08:33:31,1414.50,10
08:33:32,1414.50,1
08:33:33,1414.50,1
08:33:34,1414.50,1
08:33:35,1414.50,1
08:33:35,1414.25,1
08:33:35,1414.50,1
08:33:36,1414.50,1
08:33:37,1414.25,1
08:33:38,1414.25,1
08:33:40,1414.50,2
08:33:41,1414.50,1
08:33:42,1414.25,1
08:33:42,1414.50,2
08:33:43,1414.50,1
08:33:43,1414.25,1
08:33:44,1414.50,1
08:33:44,1414.25,10
08:33:45,1414.25,8
08:33:45,1414.00,1
08:33:45,1414.25,1
08:33:45,1414.00,1
08:33:45,1414.25,4
08:33:45,1414.00,3
08:33:45,1414.25,1
08:33:46,1414.25,1
08:33:48,1414.25,2
08:33:51,1414.00,2
08:33:52,1414.25,9
08:33:52,1414.50,6
08:33:52,1414.25,1
08:33:52,1414.50,1
08:33:52,1414.25,3
08:33:52,1414.00,1
08:33:52,1414.25,1
08:33:52,1414.00,1
08:33:52,1414.25,10
08:33:52,1414.00,3
08:33:52,1414.25,1
08:33:54,1414.25,1
08:33:54,1414.50,1
08:33:55,1414.25,17
08:33:56,1414.25,5
08:33:58,1414.25,1
08:33:59,1414.25,1
08:34:00,1414.25,1
08:34:00,1414.50,3
08:34:00,1414.25,2
08:34:00,1414.50,2
08:34:00,1414.25,1
08:34:00,1414.50,1
08:34:01,1414.25,4
08:34:01,1414.50,1
08:34:02,1414.50,1
08:34:03,1414.00,3
08:34:03,1414.25,100
08:34:03,1414.00,2
08:34:03,1414.25,1
08:34:03,1414.00,36
08:34:03,1414.25,20
08:34:03,1414.00,5
08:34:03,1414.25,2
08:34:03,1414.00,1
08:34:03,1413.75,1
08:34:03,1414.00,2
08:34:03,1414.25,20
08:34:03,1414.00,5
08:34:03,1414.25,16
08:34:03,1414.00,10
08:34:03,1414.25,1
08:34:03,1414.00,1
08:34:03,1414.25,2
08:34:03,1414.00,1
08:34:03,1414.25,3
08:34:03,1414.00,2
08:34:03,1413.75,4
08:34:03,1414.00,5
08:34:03,1414.25,2
08:34:03,1414.00,10
08:34:03,1414.25,1
08:34:03,1414.00,1
08:34:03,1413.75,1
08:34:03,1414.00,1
08:34:03,1414.25,1
08:34:03,1414.00,2
08:34:03,1413.75,1
08:34:03,1414.25,2
08:34:03,1414.00,1
08:34:03,1414.25,2
08:34:04,1414.00,5
08:34:04,1413.75,1
08:34:05,1413.75,2
08:34:05,1413.50,4
08:34:05,1413.75,4
08:34:05,1413.50,2
08:34:05,1413.75,2
08:34:05,1413.50,4
08:34:05,1413.75,1
08:34:05,1414.00,1
08:34:05,1413.75,1
08:34:05,1414.00,1
08:34:05,1413.75,1
08:34:06,1413.75,6
08:34:07,1413.75,60
08:34:07,1414.00,1
08:34:07,1413.50,20
08:34:07,1413.75,1
08:34:07,1414.00,2
08:34:07,1413.50,1
08:34:07,1413.75,2
08:34:07,1414.00,10
08:34:07,1413.75,1
08:34:08,1413.75,11
08:34:08,1414.00,6
08:34:08,1413.75,1
08:34:08,1414.00,2
08:34:08,1413.75,2
08:34:09,1413.75,2
08:34:10,1414.00,13
08:34:11,1413.75,1
08:34:12,1414.00,3
08:34:12,1413.75,1
08:34:12,1414.00,1
08:34:13,1413.75,1
08:34:14,1413.75,1
08:34:15,1413.75,10
08:34:16,1413.75,1
08:34:17,1413.75,2
08:34:18,1413.75,1
08:34:19,1413.75,1
08:34:20,1414.00,1
08:34:21,1413.75,1
08:34:22,1414.00,5
08:34:23,1413.75,2
08:34:23,1414.00,1
08:34:23,1413.75,3
08:34:24,1413.75,7
08:34:25,1414.00,3
08:34:25,1413.75,2
08:34:25,1414.00,5
08:34:25,1413.75,1
08:34:25,1414.00,5
08:34:27,1413.75,1
08:34:28,1413.75,1
08:34:29,1414.00,1
08:34:29,1413.75,3
08:34:29,1414.00,2
08:34:30,1413.75,6
08:34:31,1413.75,1
08:34:31,1414.00,1
08:34:31,1413.75,2
08:34:32,1413.75,1
08:34:32,1414.00,5
08:34:33,1414.00,1
08:34:34,1414.00,1
08:34:35,1413.75,1
08:34:35,1414.00,1
08:34:36,1414.00,1
08:34:37,1413.75,7
08:34:38,1414.00,4
08:34:39,1413.75,1
08:34:40,1413.75,2
08:34:41,1413.75,1
08:34:42,1414.00,5
08:34:42,1413.75,1
08:34:42,1414.00,1
08:34:42,1413.75,1
08:34:42,1414.00,1
08:34:46,1413.75,1
08:34:47,1414.00,1
08:34:47,1413.75,1
08:34:48,1413.75,3
08:34:50,1414.00,1
08:34:52,1414.00,5
08:34:52,1413.75,1
08:34:52,1414.00,1
08:34:52,1413.75,10
08:34:53,1414.00,1
08:34:54,1413.75,1
08:34:54,1414.00,1
08:34:54,1413.75,9
08:34:54,1414.00,2
08:34:56,1414.00,1
08:34:57,1413.75,1
08:34:57,1414.00,1
08:34:59,1414.00,1
08:35:00,1414.00,1
08:35:00,1413.75,3
08:35:00,1414.00,2
08:35:00,1413.75,10
08:35:00,1414.00,2
08:35:01,1414.00,1
08:35:02,1414.00,1
08:35:03,1414.00,1
08:35:04,1414.00,1
08:35:05,1414.00,1
08:35:05,1413.75,1
08:35:05,1414.00,1
08:35:05,1413.75,1
08:35:06,1414.00,1
08:35:07,1414.00,48
08:35:08,1413.75,1
08:35:08,1414.00,1
08:35:09,1413.75,1
08:35:10,1413.75,1
08:35:11,1413.50,2
08:35:11,1413.75,1
08:35:11,1413.50,3
08:35:12,1413.50,1
08:35:13,1413.25,1
08:35:13,1413.50,1
08:35:13,1413.25,1
08:35:13,1413.50,2
08:35:13,1413.25,1
08:35:13,1413.50,2
08:35:13,1413.25,1
08:35:13,1413.50,2
08:35:13,1413.25,1
08:35:13,1413.50,1
08:35:13,1413.25,2
08:35:14,1413.25,4
08:35:14,1413.50,3
08:35:14,1413.25,1
08:35:15,1413.25,1
08:35:16,1413.25,1
08:35:17,1413.25,2
08:35:18,1413.25,3
08:35:18,1413.50,1
08:35:18,1413.25,1
08:35:18,1413.50,1
08:35:19,1413.50,1
08:35:19,1413.25,4
08:35:19,1413.50,1
08:35:20,1413.25,1
08:35:20,1413.50,1
08:35:20,1413.25,4
08:35:21,1413.25,1
08:35:21,1413.50,1
08:35:22,1413.25,1
08:35:22,1413.50,1
08:35:22,1413.25,5
08:35:22,1413.50,1
08:35:22,1413.25,8
08:35:23,1413.25,2
08:35:24,1413.25,4
08:35:25,1413.25,2
08:35:25,1413.50,1
08:35:25,1413.25,6
08:35:26,1413.50,3
08:35:26,1413.25,10
08:35:27,1413.25,6
08:35:28,1413.25,2
08:35:28,1413.50,1
08:35:28,1413.25,5
08:35:28,1413.50,1
08:35:28,1413.25,1
08:35:28,1413.50,1
08:35:28,1413.25,1
08:35:28,1413.50,1
08:35:28,1413.25,2
08:35:28,1413.50,1
08:35:29,1413.50,2
08:35:29,1413.25,8
08:35:29,1413.50,1
08:35:29,1413.25,1
08:35:29,1413.50,1
08:35:29,1413.25,5
08:35:29,1413.50,2
08:35:29,1413.25,1
08:35:29,1413.50,2
08:35:29,1413.25,4
08:35:29,1413.50,4
08:35:29,1413.25,1
08:35:30,1413.25,7
08:35:31,1413.00,1
08:35:31,1413.25,1
08:35:31,1413.00,1
08:35:31,1413.25,1
08:35:31,1413.00,1
08:35:31,1413.25,3
08:35:31,1413.50,2
08:35:31,1413.00,1
08:35:31,1413.50,7
08:35:31,1413.25,10
08:35:31,1413.00,1
08:35:31,1413.25,2
08:35:31,1413.00,2
08:35:31,1413.50,5
08:35:31,1413.25,1
08:35:31,1413.00,1
08:35:31,1413.25,50
08:35:31,1413.00,1
08:35:31,1413.25,1
08:35:32,1413.25,1
08:35:32,1413.00,1
08:35:32,1413.25,1
08:35:32,1413.00,1
08:35:33,1413.00,3
08:35:33,1413.25,1
08:35:33,1413.00,1
08:35:34,1413.00,4
08:35:34,1413.25,50
08:35:34,1413.00,1
08:35:34,1413.25,5
08:35:34,1413.00,4
08:35:34,1413.25,1
08:35:34,1413.00,10
08:35:35,1413.00,1
08:35:36,1413.00,15
08:35:36,1413.25,1
08:35:37,1413.25,1
08:35:37,1413.00,22
08:35:37,1413.25,1
08:35:37,1413.00,5
08:35:38,1413.00,1
08:35:39,1413.25,20
08:35:39,1413.00,2
08:35:39,1413.25,1
08:35:39,1413.00,3
08:35:39,1413.25,13
08:35:39,1413.00,25
08:35:39,1413.25,1
08:35:39,1413.00,1
08:35:39,1413.25,5
08:35:39,1413.00,36
08:35:39,1413.25,2
08:35:40,1413.25,3
08:35:41,1413.25,2
08:35:41,1413.50,1
08:35:42,1413.25,1
08:35:43,1413.25,1
08:35:44,1413.25,2
08:35:45,1413.25,1
08:35:45,1413.50,2
08:35:45,1413.25,2
08:35:46,1413.25,1
08:35:47,1413.50,1
08:35:49,1413.50,1
08:35:49,1413.25,2
08:35:50,1413.25,8
08:35:51,1413.50,1
08:35:51,1413.25,9
08:35:51,1413.50,1
08:35:53,1413.50,2
08:35:54,1413.50,1
08:35:54,1413.25,2
08:35:54,1413.50,9
08:35:55,1413.25,10
08:35:55,1413.50,1
08:35:56,1413.25,2
08:35:56,1413.50,2
08:35:56,1413.25,1
08:35:57,1413.25,1
08:35:57,1413.50,1
08:35:59,1413.25,1
08:36:00,1413.50,2
08:36:00,1413.25,4
08:36:00,1413.50,1
08:36:00,1413.25,1
08:36:00,1413.50,1
08:36:00,1413.25,1
08:36:02,1413.25,1
08:36:03,1413.50,1
08:36:03,1413.25,1
08:36:04,1413.25,1
08:36:04,1413.50,1
08:36:04,1413.25,7
08:36:04,1413.50,1
08:36:05,1413.25,1
08:36:05,1413.50,1
08:36:05,1413.25,1
08:36:06,1413.50,1
08:36:07,1413.50,1
08:36:08,1413.25,2
08:36:08,1413.50,1
08:36:09,1413.50,3
08:36:10,1413.25,1
08:36:11,1413.25,1
08:36:12,1413.50,2
08:36:13,1413.50,1
08:36:13,1413.25,1
08:36:13,1413.50,3
08:36:14,1413.25,5
08:36:14,1413.50,4
08:36:14,1413.25,2
08:36:14,1413.50,2
08:36:14,1413.25,50
08:36:14,1413.50,8
08:36:14,1413.25,1
08:36:14,1413.50,1
08:36:14,1413.25,1
08:36:14,1413.50,2
08:36:14,1413.25,2
08:36:14,1413.50,1
08:36:14,1413.25,1
08:36:15,1413.25,2
08:36:16,1413.25,1
08:36:16,1413.00,2
08:36:16,1413.25,1
08:36:17,1413.25,1
08:36:18,1413.25,1
08:36:20,1413.00,6
08:36:21,1413.25,6
08:36:21,1413.00,2
08:36:22,1413.00,2
08:36:23,1413.00,1
08:36:25,1413.25,1
08:36:26,1413.25,1
08:36:26,1413.00,10
08:36:26,1413.25,4
08:36:27,1413.00,1
08:36:27,1413.25,1
08:36:27,1413.00,7
08:36:27,1413.25,8
08:36:28,1413.00,5
08:36:28,1412.75,5
08:36:28,1413.00,1
08:36:28,1412.75,9
08:36:28,1413.00,1
08:36:28,1412.75,1
08:36:28,1413.00,18
08:36:28,1412.75,12
08:36:28,1413.00,1
08:36:28,1412.75,4
08:36:28,1413.00,1
08:36:28,1412.75,3
08:36:28,1413.00,1
08:36:28,1412.75,1
08:36:28,1412.50,3
08:36:28,1412.75,6
08:36:28,1413.00,1
08:36:28,1412.75,1
08:36:28,1413.00,1
08:36:28,1412.75,4
08:36:28,1413.00,2
08:36:28,1412.75,16
08:36:28,1413.00,1
08:36:28,1412.75,1
08:36:28,1413.00,1
08:36:28,1412.75,1
08:36:28,1413.00,3
08:36:28,1412.75,30
08:36:28,1413.00,2
08:36:28,1412.75,5
08:36:28,1413.00,3
08:36:28,1412.75,1
08:36:28,1412.50,1
08:36:28,1413.00,1
08:36:28,1412.75,1
08:36:28,1413.00,3
08:36:28,1412.75,1
08:36:28,1413.00,1
08:36:28,1412.75,1
08:36:28,1413.00,1
08:36:28,1412.75,9
08:36:28,1412.50,1
08:36:28,1412.75,9
08:36:28,1413.00,17
08:36:28,1412.75,1
08:36:28,1413.00,4
08:36:28,1412.75,1
08:36:28,1413.00,1
08:36:28,1412.75,18
08:36:29,1412.75,1
08:36:29,1413.00,1
08:36:29,1412.75,2
08:36:30,1412.75,1
08:36:30,1413.00,1
08:36:30,1412.75,2
08:36:31,1412.75,1
08:36:31,1413.00,1
08:36:31,1412.75,7
08:36:32,1412.75,1
08:36:32,1413.00,1
08:36:33,1412.75,3
08:36:34,1412.75,2
08:36:36,1412.75,1
08:36:36,1413.00,21
08:36:37,1413.00,4
08:36:37,1412.75,1
08:36:37,1413.00,9
08:36:38,1413.00,10
08:36:39,1412.75,3
08:36:39,1413.00,1
08:36:39,1412.75,1
08:36:39,1413.00,1
08:36:39,1412.75,1
08:36:40,1412.75,1
08:36:40,1413.00,1
08:36:40,1412.75,2
08:36:41,1413.00,1
08:36:42,1412.75,2
08:36:43,1412.75,2
08:36:44,1412.75,1
08:36:44,1413.00,1
08:36:45,1412.75,1
08:36:45,1413.00,1
08:36:45,1412.75,3
08:36:46,1412.75,1
08:36:47,1413.00,1
08:36:47,1412.75,1
08:36:48,1412.75,4
08:36:49,1412.75,2
08:36:50,1412.75,1
08:36:51,1412.75,10
08:36:52,1412.75,3
08:36:52,1412.50,1
08:36:52,1412.75,1
08:36:52,1412.50,1
08:36:52,1412.75,6
08:36:53,1412.75,1
08:36:53,1412.50,10
08:36:53,1412.75,1
08:36:54,1412.75,1
08:36:54,1412.50,5
08:36:54,1412.75,1
08:36:54,1412.50,1
08:36:54,1412.75,1
08:36:54,1412.50,1
08:36:55,1412.50,15
08:36:56,1412.50,7
08:36:56,1412.75,2
08:36:56,1412.50,2
08:36:56,1412.75,1
08:36:56,1412.50,1
08:36:57,1412.50,1
08:36:57,1412.75,1
08:36:57,1412.50,1
08:36:58,1412.75,2
08:36:58,1413.00,2
08:36:58,1412.75,1
08:36:58,1412.50,1
08:36:58,1412.75,1
08:36:59,1413.00,2
08:36:59,1412.75,1
08:36:59,1413.00,4
08:36:59,1412.75,1
08:37:00,1412.75,5
08:37:01,1412.75,13
08:37:01,1413.00,2
08:37:01,1412.75,1
08:37:02,1412.75,2
08:37:02,1412.50,1
08:37:02,1412.75,1
08:37:02,1412.50,1
08:37:02,1412.75,1
08:37:02,1412.50,7
08:37:02,1412.75,5
08:37:02,1412.50,1
08:37:02,1412.75,1
08:37:03,1412.50,2
08:37:03,1412.75,1
08:37:03,1412.50,4
08:37:04,1412.75,1
08:37:05,1412.75,1
08:37:06,1412.75,1
08:37:07,1412.75,1
08:37:07,1413.00,1
08:37:08,1413.00,20
08:37:08,1412.75,1
08:37:08,1413.00,1
08:37:10,1413.00,5
08:37:10,1412.75,1
08:37:11,1412.75,10
08:37:11,1413.00,1
08:37:11,1412.75,1
08:37:11,1413.00,3
08:37:11,1412.75,1
08:37:11,1413.00,1
08:37:11,1412.75,5
08:37:11,1413.00,2
08:37:11,1412.75,7
08:37:12,1413.00,1
08:37:12,1412.75,1
08:37:13,1412.75,5
08:37:15,1413.00,2
08:37:15,1413.25,1
08:37:15,1413.00,1
08:37:16,1413.00,1
08:37:17,1413.00,1
08:37:18,1413.00,2
08:37:19,1413.00,4
08:37:19,1413.25,1
08:37:19,1413.00,2
08:37:20,1412.75,1
08:37:20,1413.00,1
08:37:21,1412.75,2
08:37:22,1413.00,1
08:37:23,1413.00,1
08:37:23,1412.75,2
08:37:23,1413.00,3
08:37:24,1413.00,1
08:37:25,1413.00,1
08:37:26,1413.00,1
08:37:27,1413.00,1
08:37:28,1413.00,2
08:37:28,1412.75,1
08:37:28,1413.00,1
08:37:29,1412.75,3
08:37:30,1412.75,1
08:37:31,1413.00,2
08:37:31,1412.75,2
08:37:31,1413.00,2
08:37:31,1412.75,1
08:37:31,1413.00,1
08:37:31,1412.75,1
08:37:32,1412.75,4
08:37:33,1413.00,9
08:37:34,1412.75,1
08:37:35,1412.75,2
08:37:36,1412.75,1
08:37:36,1412.50,4
08:37:36,1412.75,1
08:37:38,1412.75,1
08:37:39,1412.75,1
08:37:40,1412.50,1
08:37:40,1412.75,1
08:37:40,1412.50,4
08:37:40,1412.75,1
08:37:40,1412.50,1
08:37:40,1412.75,5
08:37:41,1412.50,2
08:37:41,1412.75,1
08:37:41,1412.50,1
08:37:42,1412.50,15
08:37:43,1412.50,1
08:37:43,1412.75,5
08:37:43,1412.50,1
08:37:43,1412.75,1
08:37:43,1412.50,1
08:37:44,1412.75,2
08:37:44,1412.50,1
08:37:46,1412.50,1
08:37:48,1412.50,1
08:37:49,1412.50,1
08:37:49,1412.75,2
08:37:49,1412.50,7
08:37:50,1412.50,1
08:37:51,1412.50,3
08:37:51,1412.75,1
08:37:51,1412.50,1
08:37:52,1412.75,1
08:37:54,1412.50,1
08:37:55,1412.50,30
08:37:56,1412.50,2
08:37:56,1412.75,1
08:37:57,1412.50,1
08:37:59,1412.50,1
08:38:00,1412.75,1
08:38:00,1412.50,5
08:38:00,1412.75,1
08:38:00,1412.50,4
08:38:00,1412.75,1
08:38:00,1412.50,1
08:38:02,1412.75,2
08:38:03,1412.75,1
08:38:04,1412.75,2
08:38:05,1412.50,1
08:38:05,1412.75,1
08:38:06,1412.75,1
08:38:06,1413.00,4
08:38:06,1412.75,1
08:38:06,1412.50,2
08:38:06,1412.75,2
08:38:07,1413.00,5
08:38:08,1412.75,3
08:38:09,1412.75,5
08:38:10,1413.00,1
08:38:10,1412.75,2
08:38:11,1412.75,1
08:38:13,1413.00,4
08:38:14,1413.00,50
08:38:15,1413.25,2
08:38:16,1413.25,4
08:38:16,1413.00,1
08:38:16,1413.25,1
08:38:17,1413.00,5
08:38:17,1413.25,1
08:38:18,1413.25,9
08:38:18,1413.00,2
08:38:18,1413.25,6
08:38:19,1413.25,1
08:38:19,1413.00,6
08:38:19,1413.25,2
08:38:19,1413.00,10
08:38:19,1413.25,1
08:38:20,1413.00,5
08:38:21,1413.25,4
08:38:21,1413.00,4
08:38:21,1413.25,1
08:38:22,1413.00,1
08:38:23,1413.25,1
08:38:23,1413.00,10
08:38:24,1413.25,1
08:38:26,1413.25,3
08:38:28,1413.25,1
08:38:29,1413.25,1
08:38:29,1413.00,21
08:38:29,1413.25,1
08:38:30,1413.25,2
08:38:31,1413.25,1
08:38:31,1413.00,25
08:38:32,1413.25,3
08:38:33,1413.25,1
08:38:33,1413.00,1
08:38:34,1413.25,1
08:38:35,1413.25,1
08:38:35,1413.00,3
08:38:35,1413.25,8
08:38:35,1413.00,3
08:38:36,1413.25,3
08:38:37,1413.25,1
08:38:38,1413.25,1
08:38:38,1413.00,1
08:38:40,1413.00,1
08:38:41,1413.25,2
08:38:42,1413.25,1
08:38:43,1413.25,1
08:38:43,1413.00,15
08:38:43,1413.25,7
08:38:44,1413.25,1
08:38:45,1413.25,1
08:38:45,1413.50,1
08:38:45,1413.25,9
08:38:45,1413.50,1
08:38:45,1413.25,5
08:38:45,1413.50,1
08:38:45,1413.25,2
08:38:45,1413.50,1
08:38:45,1413.25,5
08:38:46,1413.25,10
08:38:47,1413.00,1
08:38:47,1413.25,1
08:38:47,1413.00,452
08:38:47,1413.25,1
08:38:47,1413.00,1
08:38:48,1413.25,1
08:38:49,1413.00,2
08:38:49,1413.25,8
08:38:50,1413.25,20
08:38:50,1413.00,1
08:38:50,1413.25,5
08:38:52,1413.25,10
08:38:53,1413.00,1
08:38:54,1413.00,1
08:38:54,1413.25,3
08:38:55,1413.00,1
08:38:57,1413.25,1
08:38:59,1413.00,1
08:38:59,1413.25,2
08:39:00,1413.25,1
08:39:00,1413.00,1
08:39:00,1413.25,1
08:39:00,1413.00,1
08:39:00,1413.25,2
08:39:00,1413.00,5
08:39:00,1413.25,10
08:39:01,1413.25,1
08:39:04,1413.25,1
08:39:05,1413.25,1
08:39:07,1413.25,1
08:39:08,1413.00,2
08:39:08,1413.25,2
08:39:08,1413.00,1
08:39:08,1413.25,1
08:39:08,1413.00,1
08:39:09,1413.25,1
08:39:10,1413.00,1
08:39:13,1413.00,1
08:39:15,1413.25,2
08:39:15,1413.00,1
08:39:15,1413.25,2
08:39:15,1413.00,10
08:39:15,1413.25,1
08:39:15,1413.00,1
08:39:15,1413.25,1
08:39:15,1413.00,1
08:39:15,1413.25,1
08:39:15,1413.00,9
08:39:16,1413.25,12
08:39:18,1413.00,8
08:39:19,1413.00,1
08:39:19,1413.25,17
08:39:20,1413.00,9
08:39:22,1413.00,1
08:39:23,1413.25,8
08:39:23,1413.00,2
08:39:24,1413.25,1
08:39:25,1413.00,5
08:39:28,1413.25,1
08:39:29,1413.00,1
08:39:30,1413.00,2
08:39:30,1413.25,14
08:39:30,1413.00,1
08:39:32,1413.00,1
08:39:34,1413.00,2
08:39:34,1412.75,49
08:39:34,1413.00,1
08:39:34,1412.75,1
08:39:34,1413.00,1
08:39:35,1413.00,1
08:39:35,1412.75,6
08:39:36,1412.75,1
08:39:36,1413.00,2
08:39:37,1412.75,5
08:39:38,1412.75,1
08:39:40,1412.75,10
08:39:42,1412.75,6
08:39:42,1413.00,3
08:39:42,1412.75,4
08:39:42,1413.00,6
08:39:44,1412.75,3
08:39:45,1412.75,1
08:39:46,1412.75,1
08:39:46,1412.50,47
08:39:46,1412.75,1
08:39:46,1412.50,1
08:39:46,1412.75,40
08:39:47,1412.50,1
08:39:47,1412.75,2
08:39:49,1412.75,6
08:39:50,1412.75,4
08:39:50,1412.50,5
08:39:50,1412.75,28
08:39:50,1412.50,3
08:39:50,1412.75,1
08:39:50,1412.50,2
08:39:50,1412.75,1
08:39:51,1412.75,1
08:39:51,1413.00,3
08:39:52,1412.75,1
08:39:53,1413.00,1
08:39:54,1412.75,6
08:39:55,1413.00,1
08:39:55,1412.75,10
08:39:56,1412.75,1
08:39:57,1412.75,1
08:39:58,1413.00,2
08:39:58,1412.75,4
08:39:58,1413.00,6
08:39:59,1413.00,1
08:39:59,1413.25,1
08:40:00,1413.00,1
08:40:00,1412.75,4
08:40:00,1413.00,10
08:40:00,1412.75,3
08:40:00,1413.00,2
08:40:00,1413.25,1
08:40:00,1413.00,10
08:40:01,1412.75,1
08:40:02,1412.75,1
08:40:02,1413.00,20
08:40:03,1412.75,1
08:40:03,1413.00,5
08:40:04,1413.00,1
08:40:05,1412.75,10
08:40:09,1413.00,2
08:40:10,1412.75,1
08:40:10,1412.50,1
08:40:10,1412.75,38
08:40:11,1412.75,1
08:40:12,1412.50,3
08:40:12,1412.75,4
08:40:12,1412.50,3
08:40:13,1412.75,1
08:40:14,1412.50,1
08:40:14,1412.75,2
08:40:15,1412.75,1
08:40:15,1412.50,2
08:40:17,1412.75,2
08:40:18,1412.75,1
08:40:19,1412.75,1
08:40:19,1413.00,1
08:40:19,1412.75,1
08:40:20,1412.75,3
08:40:21,1412.75,1
08:40:22,1412.75,1
08:40:23,1412.50,3
08:40:23,1412.75,1
08:40:23,1412.50,1
08:40:23,1412.75,5
08:40:23,1412.50,3
08:40:23,1412.75,1
08:40:23,1412.50,2
08:40:23,1412.75,1
08:40:23,1412.50,1
08:40:23,1412.75,1
08:40:23,1412.50,2
08:40:23,1412.75,5
08:40:23,1412.50,3
08:40:23,1412.75,1
08:40:23,1412.50,2
08:40:23,1412.75,1
08:40:23,1412.50,1
08:40:23,1412.75,1
08:40:24,1412.25,70
08:40:24,1412.50,1
08:40:24,1412.25,8
08:40:24,1412.50,1
08:40:24,1412.25,3
08:40:24,1412.50,2
08:40:24,1412.25,2
08:40:24,1412.50,3
08:40:24,1412.25,3
08:40:24,1412.50,2
08:40:24,1412.25,1
08:40:24,1412.50,1
08:40:24,1412.25,1
08:40:24,1412.50,1
08:40:25,1412.50,1
08:40:25,1412.25,2
08:40:25,1412.50,1
08:40:26,1412.50,1
08:40:26,1412.25,1
08:40:26,1412.50,1
08:40:27,1412.25,1
08:40:27,1412.50,10
08:40:27,1412.25,1
08:40:28,1412.50,1
08:40:28,1412.25,1
08:40:28,1412.50,9
08:40:28,1412.25,1
08:40:29,1412.25,1
08:40:29,1412.50,10
08:40:29,1412.25,1
08:40:30,1412.25,8
08:40:30,1412.50,10
08:40:30,1412.25,30
08:40:31,1412.50,5
08:40:31,1412.25,4
08:40:31,1412.50,2
08:40:31,1412.25,5
08:40:31,1412.50,3
08:40:32,1412.50,1
08:40:33,1412.25,1
08:40:34,1412.50,1
08:40:35,1412.50,1
08:40:35,1412.25,1
08:40:36,1412.50,3
08:40:36,1412.25,1
08:40:36,1412.50,1
08:40:36,1412.25,5
08:40:36,1412.50,1
08:40:37,1412.25,1
08:40:37,1412.50,1
08:40:37,1412.25,1
08:40:37,1412.50,3
08:40:37,1412.25,2
08:40:37,1412.50,1
08:40:37,1412.25,5
08:40:37,1412.50,36
08:40:37,1412.25,20
08:40:37,1412.50,1
08:40:37,1412.25,31
08:40:37,1412.50,2
08:40:37,1412.25,1
08:40:37,1412.50,8
08:40:37,1412.25,15
08:40:37,1412.50,1
08:40:37,1412.25,4
08:40:37,1412.50,1
08:40:37,1412.25,5
08:40:37,1412.50,1
08:40:37,1412.25,1
08:40:37,1412.50,1
08:40:37,1412.25,3
08:40:37,1412.50,1
08:40:37,1412.25,3
08:40:37,1412.50,1
08:40:37,1412.25,1
08:40:37,1412.50,1
08:40:37,1412.25,1
08:40:37,1412.50,10
08:40:37,1412.25,4
08:40:37,1412.50,1
08:40:37,1412.25,24
08:40:37,1412.50,3
08:40:37,1412.25,14
08:40:37,1412.50,3
08:40:37,1412.25,12
08:40:38,1412.25,1
08:40:39,1412.25,1
08:40:39,1412.50,1
08:40:40,1412.50,13
08:40:41,1412.25,1
08:40:42,1412.25,2
08:40:43,1412.50,1
08:40:44,1412.25,9
08:40:44,1412.50,1
08:40:45,1412.25,1
08:40:46,1412.25,2
08:40:46,1412.50,1
08:40:46,1412.25,3
08:40:47,1412.25,2
08:40:48,1412.25,1
08:40:48,1412.50,6
08:40:48,1412.25,1
08:40:48,1412.50,1
08:40:48,1412.25,1
08:40:49,1412.25,1
08:40:50,1412.25,4
08:40:50,1412.50,1
08:40:50,1412.25,8
08:40:50,1412.50,1
08:40:51,1412.25,5
08:40:51,1412.00,1
08:40:51,1412.25,1
08:40:51,1412.00,1
08:40:51,1412.25,1
08:40:51,1412.00,1
08:40:51,1412.25,1
08:40:51,1412.00,2
08:40:51,1412.25,4
08:40:51,1412.00,2
08:40:51,1412.25,1
08:40:51,1412.00,1
08:40:51,1412.25,5
08:40:51,1412.00,2
08:40:51,1412.25,2
08:40:52,1412.25,6
08:40:52,1412.00,3
08:40:52,1412.25,1
08:40:52,1412.00,5
08:40:52,1412.25,10
08:40:52,1412.00,5
08:40:52,1412.25,2
08:40:52,1412.00,2
08:40:53,1412.50,1
08:40:53,1412.25,1
08:40:54,1412.25,1
08:40:55,1412.25,1
08:40:56,1412.25,1
08:40:58,1412.25,2
08:40:59,1412.25,9
08:41:00,1412.25,7
08:41:00,1412.50,1
08:41:00,1412.25,1
08:41:01,1412.25,2
08:41:01,1412.50,1
08:41:01,1412.25,1
08:41:02,1412.50,4
08:41:02,1412.25,1
08:41:03,1412.25,4
08:41:03,1412.50,1
08:41:03,1412.25,2
08:41:04,1412.25,1
08:41:05,1412.25,2
08:41:07,1412.25,1
08:41:09,1412.25,1
08:41:10,1412.25,1
08:41:11,1412.25,2
08:41:12,1412.25,1
08:41:12,1412.50,1
08:41:13,1412.25,1
08:41:14,1412.25,4
08:41:15,1412.25,29
08:41:16,1412.25,1
08:41:17,1412.25,10
08:41:18,1412.50,1
08:41:19,1412.50,10
08:41:19,1412.75,1
08:41:19,1412.50,1
08:41:20,1412.75,1
08:41:20,1412.50,1
08:41:22,1412.50,2
08:41:23,1412.50,1
08:41:24,1412.50,1
08:41:24,1412.25,9
08:41:24,1412.50,2
08:41:24,1412.25,1
08:41:25,1412.50,1
08:41:27,1412.50,1
08:41:28,1412.50,40
08:41:29,1412.50,1
08:41:30,1412.50,2
08:41:31,1412.50,1
08:41:32,1412.75,5
08:41:33,1412.50,3
08:41:33,1412.75,1
08:41:33,1412.50,1
08:41:34,1412.75,1
08:41:35,1412.75,1
08:41:37,1412.50,1
08:41:38,1412.75,3
08:41:39,1412.50,1
08:41:40,1412.50,4
08:41:41,1412.50,2
08:41:42,1412.75,2
08:41:43,1412.75,1
08:41:44,1412.75,14
08:41:45,1412.75,7
08:41:45,1412.50,2
08:41:45,1412.75,9
08:41:46,1412.75,2
08:41:46,1412.50,2
08:41:46,1412.75,10
08:41:47,1412.50,1
08:41:47,1412.75,1
08:41:48,1412.75,2
08:41:48,1412.50,4
08:41:48,1412.75,25
08:41:49,1412.50,1
08:41:51,1412.75,1
08:41:52,1412.75,4
08:41:53,1412.75,6
08:41:53,1412.50,1
08:41:53,1412.75,1
08:41:54,1412.75,7
08:41:54,1412.50,10
08:41:54,1412.75,14
08:41:55,1412.75,1
08:41:56,1412.50,1
08:41:56,1412.75,1
08:41:56,1412.50,2
08:41:56,1412.75,1
08:41:56,1412.50,10
08:41:56,1412.75,1
08:41:56,1412.50,3
08:41:56,1412.75,2
08:41:56,1412.50,1
08:41:56,1412.75,1
08:41:56,1412.50,1
08:41:57,1412.50,3
08:41:57,1412.75,1
08:41:58,1412.50,1
08:41:58,1412.75,1
08:41:59,1412.50,2
08:41:59,1412.75,1
08:41:59,1412.50,3
08:41:59,1412.75,1
08:42:00,1412.50,2
08:42:00,1412.75,1
08:42:00,1412.50,1
08:42:00,1412.75,13
08:42:00,1412.50,2
08:42:01,1412.50,1
08:42:02,1412.75,3
08:42:03,1412.75,1
08:42:03,1412.50,1
08:42:03,1412.75,5
08:42:03,1412.50,1
08:42:05,1412.75,1
08:42:06,1412.50,2
08:42:08,1412.50,1
08:42:08,1412.75,1
08:42:09,1412.50,4
08:42:10,1412.50,1
08:42:12,1412.75,1
08:42:13,1412.75,15
08:42:14,1412.75,1
08:42:15,1412.50,1
08:42:15,1412.75,4
08:42:15,1412.50,2
08:42:15,1412.75,1
08:42:15,1412.50,4
08:42:15,1412.75,1
08:42:15,1412.50,1
08:42:15,1412.75,1
08:42:15,1412.50,1
08:42:16,1412.75,1
08:42:16,1412.50,1
08:42:17,1412.75,1
08:42:19,1412.75,1
08:42:20,1412.75,2
08:42:20,1413.00,1
08:42:20,1412.75,5
08:42:20,1413.00,1
08:42:20,1412.75,1
08:42:20,1413.00,1
08:42:20,1412.75,2
08:42:20,1413.00,1
08:42:20,1412.75,8
08:42:21,1412.75,1
08:42:22,1413.00,1
08:42:23,1413.00,1
08:42:24,1413.00,10
08:42:26,1413.00,1
08:42:27,1413.00,1
08:42:28,1413.00,1
08:42:29,1413.00,1
08:42:30,1413.00,1
08:42:31,1413.00,1
08:42:32,1413.00,1
08:42:33,1413.00,10
08:42:34,1413.00,5
08:42:35,1413.00,1
08:42:35,1413.25,1
08:42:35,1413.00,1
08:42:35,1413.25,1
08:42:35,1413.00,9
08:42:35,1413.25,1
08:42:35,1413.00,5
08:42:35,1413.25,1
08:42:35,1413.00,13
08:42:35,1413.25,1
08:42:35,1413.00,1
08:42:36,1413.00,3
08:42:38,1413.25,1
08:42:39,1413.25,1
08:42:40,1413.25,1
08:42:41,1413.25,1
08:42:42,1413.25,1
08:42:43,1413.25,1
08:42:43,1413.00,10
08:42:45,1413.25,1
08:42:46,1413.25,1
08:42:49,1413.25,2
08:42:50,1413.25,1
08:42:51,1413.25,2
08:42:53,1413.25,4
08:42:54,1413.25,2
08:42:55,1413.50,3
08:42:55,1413.25,9
08:42:55,1413.50,1
08:42:55,1413.25,1
08:42:55,1413.50,1
08:42:55,1413.25,1
08:42:55,1413.50,1
08:42:55,1413.25,1
08:42:55,1413.50,1
08:42:55,1413.25,3
08:42:55,1413.50,1
08:42:55,1413.25,1
08:42:55,1413.50,1
08:42:55,1413.25,5
08:42:55,1413.50,1
08:42:55,1413.25,4
08:42:56,1413.50,1
08:42:57,1413.50,1
08:42:57,1413.25,1
08:42:57,1413.50,1
08:42:57,1413.25,1
08:42:58,1413.50,1
08:42:59,1413.25,1
08:42:59,1413.50,1
08:42:59,1413.25,1
08:42:59,1413.50,1
08:42:59,1413.25,1
08:43:00,1413.25,11
08:43:00,1413.50,1
08:43:00,1413.25,18
08:43:00,1413.50,1
08:43:00,1413.25,1
08:43:01,1413.50,1
08:43:01,1413.25,1
08:43:01,1413.50,2
08:43:01,1413.25,1
08:43:01,1413.50,1
08:43:02,1413.50,1
08:43:02,1413.25,1
08:43:02,1413.50,1
08:43:03,1413.50,1
08:43:04,1413.25,5
08:43:04,1413.50,5
08:43:05,1413.50,2
08:43:06,1413.50,9
08:43:07,1413.25,1
08:43:08,1413.50,1
08:43:08,1413.25,15
08:43:08,1413.50,1
08:43:09,1413.50,5
08:43:09,1413.25,1
08:43:09,1413.50,1
08:43:10,1413.50,2
08:43:10,1413.25,1
08:43:10,1413.50,1
08:43:10,1413.25,3
08:43:10,1413.50,2
08:43:11,1413.50,1
08:43:11,1413.75,1
08:43:11,1413.50,2
08:43:11,1413.75,2
08:43:11,1413.50,10
08:43:11,1413.75,1
08:43:11,1413.50,1
08:43:11,1413.75,1
08:43:11,1413.50,10
08:43:11,1413.75,1
08:43:11,1413.50,12
08:43:11,1413.75,4
08:43:11,1413.50,1
08:43:11,1413.75,1
08:43:11,1413.50,2
08:43:11,1413.75,1
08:43:11,1413.50,2
08:43:11,1413.75,1
08:43:11,1413.50,10
08:43:11,1413.75,1
08:43:11,1413.50,1
08:43:12,1413.50,13
08:43:12,1413.75,1
08:43:12,1413.50,1
08:43:12,1413.75,1
08:43:12,1413.50,1
08:43:12,1413.75,1
08:43:12,1413.50,1
08:43:13,1413.50,2
08:43:14,1413.50,3
08:43:14,1413.75,1
08:43:14,1413.50,1
08:43:14,1413.75,2
08:43:14,1413.50,2
08:43:15,1413.75,1
08:43:16,1413.75,2
08:43:16,1413.50,1
08:43:16,1413.75,1
08:43:17,1413.75,1
08:43:18,1413.50,1
08:43:18,1413.25,1
08:43:18,1413.50,1
08:43:18,1413.25,1
08:43:18,1413.50,2
08:43:19,1413.50,19
08:43:19,1413.75,1
08:43:19,1413.50,3
08:43:19,1413.75,1
08:43:19,1413.50,2
08:43:19,1413.75,1
08:43:19,1413.50,6
08:43:20,1413.50,1
08:43:20,1413.75,1
08:43:20,1413.50,1
08:43:21,1413.75,1
08:43:22,1413.50,1
08:43:23,1413.50,3
08:43:23,1413.75,1
08:43:23,1413.50,1
08:43:23,1413.75,1
08:43:23,1413.50,2
08:43:23,1413.75,1
08:43:23,1413.50,1
08:43:24,1413.50,1
08:43:24,1413.75,1
08:43:24,1413.50,1
08:43:24,1413.75,1
08:43:24,1413.50,1
08:43:25,1413.75,1
08:43:26,1413.50,2
08:43:27,1413.75,2
08:43:27,1413.50,1
08:43:28,1413.50,14
08:43:28,1413.75,1
08:43:28,1413.50,1
08:43:28,1413.75,1
08:43:28,1413.50,1
08:43:28,1413.75,2
08:43:28,1413.50,10
08:43:28,1413.75,1
08:43:29,1413.50,1
08:43:30,1413.50,1
08:43:30,1413.75,1
08:43:30,1413.50,1
08:43:30,1413.75,1
08:43:33,1413.50,1
08:43:34,1413.50,1
08:43:35,1413.25,1
08:43:35,1413.50,1
08:43:36,1413.25,1
08:43:38,1413.50,1
08:43:39,1413.50,1
08:43:39,1413.25,1
08:43:40,1413.50,1
08:43:41,1413.25,4
08:43:41,1413.50,1
08:43:41,1413.25,4
08:43:41,1413.00,1
08:43:41,1413.25,1
08:43:41,1413.50,1
08:43:41,1413.25,1
08:43:42,1413.25,1
08:43:43,1413.00,1
08:43:43,1413.25,1
08:43:45,1413.25,1
08:43:46,1413.25,1
08:43:47,1413.25,1
08:43:48,1413.25,1
08:43:49,1413.50,2
08:43:49,1413.25,266
08:43:50,1413.50,1
08:43:51,1413.50,5
08:43:52,1413.50,1
08:43:53,1413.50,4
08:43:54,1413.50,20
08:43:54,1413.75,1
08:43:54,1413.50,2
08:43:54,1413.75,1
08:43:54,1413.50,42
08:43:55,1413.50,11
08:43:56,1413.75,2
08:43:56,1413.50,1
08:43:56,1413.75,20
08:43:56,1413.50,1
08:43:56,1413.75,1
08:43:57,1413.75,2
08:43:57,1414.00,1
08:43:57,1413.75,1
08:43:57,1414.00,1
08:43:57,1413.75,4
08:43:57,1414.00,1
08:43:57,1413.75,4
08:43:57,1414.00,1
08:43:57,1413.75,8
08:43:57,1414.00,1
08:43:57,1413.75,12
08:43:57,1414.00,1
08:43:57,1413.75,1
08:43:57,1414.00,1
08:43:57,1413.75,3
08:43:57,1414.00,1
08:43:58,1413.75,1
08:43:59,1413.75,4
08:43:59,1414.00,1
08:43:59,1413.75,1
08:44:00,1414.00,3
08:44:00,1413.75,1
08:44:00,1414.00,3
08:44:01,1414.25,9
08:44:01,1414.00,5
08:44:01,1414.25,1
08:44:01,1414.00,1
08:44:01,1414.25,20
08:44:01,1414.00,15
08:44:01,1414.25,1
08:44:01,1414.00,1
08:44:01,1414.25,3
08:44:01,1414.00,2
08:44:01,1414.25,10
08:44:01,1414.00,1
08:44:01,1414.25,1
08:44:01,1414.00,3
08:44:01,1414.25,5
08:44:01,1414.00,1
08:44:01,1414.25,1
08:44:01,1414.00,2
08:44:01,1414.25,1
08:44:02,1414.25,1
08:44:02,1414.00,50
08:44:02,1414.25,1
08:44:02,1414.00,1
08:44:02,1414.25,1
08:44:03,1414.00,35
08:44:03,1414.25,4
08:44:03,1414.00,50
08:44:03,1414.25,1
08:44:04,1414.25,1
08:44:04,1414.00,2
08:44:04,1414.25,5
08:44:05,1414.00,1
08:44:05,1414.25,2
08:44:05,1414.00,50
08:44:06,1414.25,2
08:44:06,1414.00,6
08:44:06,1414.25,1
08:44:07,1414.25,1
08:44:08,1414.25,1
08:44:08,1414.00,7
08:44:09,1414.25,1
08:44:09,1414.00,3
08:44:10,1414.25,1
08:44:11,1414.25,1
08:44:11,1414.00,1
08:44:11,1414.25,1
08:44:11,1414.00,1
08:44:11,1414.25,2
08:44:12,1414.00,1
08:44:12,1414.25,1
08:44:12,1414.00,1
08:44:12,1414.25,1
08:44:12,1414.00,1
08:44:12,1414.25,1
08:44:13,1414.00,5
08:44:13,1414.25,1
08:44:13,1414.00,10
08:44:14,1414.25,1
08:44:14,1414.00,1
08:44:14,1414.25,1
08:44:14,1414.00,1
08:44:14,1414.25,1
08:44:15,1414.00,7
08:44:16,1414.25,1
08:44:17,1414.25,1
08:44:17,1414.00,2
08:44:18,1414.25,1
08:44:18,1414.00,3
08:44:18,1414.25,1
08:44:19,1414.25,2
08:44:19,1414.00,10
08:44:20,1414.25,1
08:44:21,1414.00,1
08:44:22,1414.00,1
08:44:22,1414.25,2
08:44:22,1414.00,10
08:44:22,1414.25,2
08:44:23,1414.25,1
08:44:23,1414.00,16
08:44:23,1414.25,1
08:44:24,1414.25,1
08:44:25,1414.50,2
08:44:25,1414.25,6
08:44:25,1414.50,1
08:44:26,1414.25,1
08:44:26,1414.50,1
08:44:27,1414.25,4
08:44:29,1414.50,2
08:44:29,1414.25,10
08:44:30,1414.50,1
08:44:30,1414.25,31
08:44:30,1414.50,3
08:44:31,1414.25,8
08:44:31,1414.50,2
08:44:31,1414.25,15
08:44:31,1414.50,2
08:44:31,1414.25,27
08:44:32,1414.25,1
08:44:33,1414.50,1
08:44:33,1414.25,1
08:44:34,1414.25,43
08:44:35,1414.25,1
08:44:36,1414.25,1
08:44:36,1414.50,1
08:44:37,1414.50,9
08:44:37,1414.25,1
08:44:37,1414.50,4
08:44:37,1414.25,1
08:44:37,1414.50,2
08:44:38,1414.50,1
08:44:38,1414.25,1
08:44:38,1414.50,1
08:44:38,1414.25,1
08:44:38,1414.50,1
08:44:38,1414.25,1
08:44:39,1414.50,3
08:44:39,1414.25,3
08:44:40,1414.25,1
08:44:41,1414.50,1
08:44:41,1414.25,1
08:44:41,1414.50,1
08:44:42,1414.50,1
08:44:42,1414.25,1
08:44:43,1414.50,1
08:44:44,1414.50,1
08:44:45,1414.25,1
08:44:45,1414.50,1
08:44:45,1414.25,1
08:44:46,1414.50,1
08:44:46,1414.75,1
08:44:46,1414.50,10
08:44:46,1414.75,1
08:44:46,1414.50,2
08:44:46,1414.75,3
08:44:46,1414.50,3
08:44:46,1414.75,1
08:44:46,1414.50,1
08:44:47,1414.75,1
08:44:47,1414.50,4
08:44:47,1414.75,1
08:44:47,1414.50,1
08:44:48,1414.50,1
08:44:48,1414.75,1
08:44:48,1414.50,27
08:44:49,1414.50,2
08:44:49,1414.75,4
08:44:49,1414.50,1
08:44:49,1414.75,16
08:44:49,1414.50,1
08:44:50,1414.75,1
08:44:50,1414.50,1
08:44:50,1414.75,1
08:44:51,1414.50,1
08:44:51,1414.75,2
08:44:52,1414.75,1
08:44:52,1414.50,1
08:44:55,1414.50,1
08:44:55,1414.75,1
08:44:55,1414.50,2
08:44:56,1414.75,1
08:44:57,1414.75,1
08:44:58,1414.50,1
08:44:58,1414.75,4
08:44:58,1414.50,3
08:44:58,1414.75,1
08:44:58,1414.50,3
08:44:58,1414.75,1
08:44:58,1414.50,2
08:44:58,1414.75,1
08:44:59,1414.75,1
08:44:59,1414.50,1
08:45:00,1414.75,3
08:45:00,1414.50,1
08:45:00,1414.75,1
08:45:00,1414.50,1
08:45:00,1414.75,2
08:45:00,1414.50,1
08:45:00,1414.75,1
08:45:01,1414.75,1
08:45:01,1414.50,1
08:45:01,1414.75,1
08:45:02,1414.75,1
08:45:03,1414.75,1
08:45:03,1414.50,1
08:45:03,1414.75,1
08:45:04,1414.50,2
08:45:04,1414.75,1
08:45:04,1414.50,1
08:45:04,1414.75,5
08:45:04,1414.50,8
08:45:04,1414.75,1
08:45:04,1414.50,2
08:45:05,1414.50,3
08:45:05,1414.75,1
08:45:05,1414.50,4
08:45:06,1414.75,5
08:45:06,1414.50,1
08:45:06,1414.75,2
08:45:06,1414.50,3
08:45:08,1414.50,1
08:45:08,1414.75,2
08:45:09,1414.75,1
08:45:10,1414.50,5
08:45:10,1414.25,5
08:45:10,1414.50,8
08:45:11,1414.50,2
08:45:11,1414.25,1
08:45:11,1414.50,2
08:45:12,1414.50,1
08:45:12,1414.75,2
08:45:12,1414.50,1
08:45:12,1414.75,1
08:45:12,1414.50,2
08:45:12,1414.25,1
08:45:12,1414.50,1
08:45:13,1414.50,5
08:45:13,1414.75,4
08:45:13,1414.50,1
08:45:13,1414.75,5
08:45:14,1414.50,1
08:45:15,1414.75,1
08:45:15,1414.50,12
08:45:16,1414.75,1
08:45:18,1414.75,1
08:45:20,1414.50,5
08:45:20,1414.75,1
08:45:20,1414.50,1
08:45:21,1414.50,1
08:45:22,1414.50,3
08:45:23,1414.50,1
08:45:24,1414.50,1
08:45:25,1414.50,1
08:45:26,1414.50,1
08:45:27,1414.50,1
08:45:27,1414.25,1
08:45:28,1414.50,1
08:45:30,1414.25,3
08:45:30,1414.50,10
08:45:30,1414.25,1
08:45:30,1414.50,2
08:45:30,1414.25,7
08:45:30,1414.50,5
08:45:31,1414.25,1
08:45:31,1414.50,2
08:45:32,1414.25,2
08:45:33,1414.25,14
08:45:33,1414.00,1
08:45:33,1414.25,1
08:45:33,1414.00,4
08:45:33,1414.25,2
08:45:33,1414.00,1
08:45:33,1414.25,5
08:45:33,1414.00,1
08:45:33,1414.25,1
08:45:33,1414.00,30
08:45:33,1414.25,1
08:45:33,1414.00,1
08:45:33,1414.25,1
08:45:33,1414.00,70
08:45:33,1414.25,4
08:45:34,1414.00,1
08:45:35,1414.25,2
08:45:35,1414.00,8
08:45:35,1414.25,1
08:45:36,1414.00,5
08:45:37,1414.00,1
08:45:37,1414.25,1
08:45:37,1414.00,1
08:45:38,1414.00,1
08:45:38,1414.25,1
08:45:39,1414.25,1
08:45:39,1414.00,1
08:45:40,1414.00,5
08:45:41,1414.25,2
08:45:41,1414.00,1
08:45:41,1414.25,1
08:45:42,1414.25,2
08:45:42,1414.00,5
08:45:42,1414.25,1
08:45:42,1414.00,1
08:45:42,1414.25,2
08:45:42,1414.00,2
08:45:42,1414.25,3
08:45:43,1414.25,1
08:45:44,1414.25,2
08:45:45,1414.25,1
08:45:46,1414.25,1
08:45:46,1414.00,1
08:45:46,1414.25,1
08:45:46,1414.00,1
08:45:47,1414.00,13
08:45:47,1414.25,2
08:45:47,1414.00,3
08:45:48,1414.25,11
08:45:50,1414.25,2
08:45:51,1414.25,1
08:45:52,1414.25,2
08:45:53,1414.25,1
08:45:54,1414.00,1
08:45:54,1414.25,1
08:45:55,1414.25,2
08:45:56,1414.00,1
08:45:57,1414.25,1
08:45:57,1414.00,1
08:45:58,1414.25,1
08:45:59,1414.25,1
08:46:00,1414.25,1
08:46:01,1414.25,4
08:46:02,1414.00,1
08:46:02,1414.25,3
08:46:02,1414.00,3
08:46:02,1414.25,25
08:46:02,1414.00,1
08:46:02,1414.25,4
08:46:02,1414.00,2
08:46:03,1414.25,1
08:46:04,1414.50,1
08:46:04,1414.25,1
08:46:04,1414.50,3
08:46:05,1414.50,1
08:46:06,1414.50,1
08:46:07,1414.25,2
08:46:08,1414.50,1
08:46:09,1414.50,1
08:46:09,1414.25,10
08:46:11,1414.25,1
08:46:12,1414.25,1
08:46:13,1414.25,1
08:46:14,1414.25,1
08:46:15,1414.25,6
08:46:16,1414.50,2
08:46:16,1414.75,4
08:46:16,1414.50,26
08:46:16,1414.25,1
08:46:16,1414.50,1
08:46:16,1414.75,6
08:46:16,1414.50,5
08:46:17,1414.50,1
08:46:18,1414.75,1
08:46:19,1414.75,1
08:46:20,1414.50,1
08:46:20,1414.75,1
08:46:20,1414.50,1
08:46:21,1414.50,2
08:46:21,1414.25,1
08:46:21,1414.50,1
08:46:21,1414.25,1
08:46:23,1414.50,2
08:46:24,1414.50,1
08:46:25,1414.50,1
08:46:28,1414.50,3
08:46:29,1414.50,1
08:46:29,1414.25,59
08:46:29,1414.50,1
08:46:29,1414.25,16
08:46:30,1414.50,1
08:46:31,1414.50,1
08:46:31,1414.25,3
08:46:33,1414.50,1
08:46:34,1414.50,4
08:46:35,1414.50,1
08:46:36,1414.50,1
08:46:37,1414.50,1
08:46:39,1414.50,200
08:46:41,1414.50,3
08:46:42,1414.50,1
08:46:44,1414.50,1
08:46:45,1414.50,3
08:46:47,1414.25,1
08:46:53,1414.25,1
08:46:53,1414.50,1
08:46:53,1414.25,1
08:46:55,1414.50,1
08:46:56,1414.25,2
08:46:57,1414.25,2
08:46:58,1414.25,20
08:46:59,1414.25,20
08:47:01,1414.25,5
08:47:02,1414.50,1
08:47:03,1414.25,1
08:47:04,1414.25,2
08:47:04,1414.50,1
08:47:04,1414.25,2
08:47:05,1414.50,1
08:47:06,1414.25,1
08:47:08,1414.25,1
08:47:10,1414.25,3
08:47:12,1414.50,1
08:47:13,1414.25,1
08:47:14,1414.25,10
08:47:15,1414.25,3
08:47:16,1414.25,4
08:47:17,1414.25,2
08:47:20,1414.25,2
08:47:21,1414.25,1
08:47:22,1414.25,1
08:47:23,1414.25,2
08:47:25,1414.25,1
08:47:26,1414.25,2
08:47:27,1414.25,1
08:47:28,1414.25,2
08:47:29,1414.25,5
08:47:30,1414.25,1
08:47:34,1414.25,1
08:47:36,1414.25,5
08:47:37,1414.25,12
08:47:38,1414.25,6
08:47:39,1414.25,1
08:47:40,1414.25,1
08:47:40,1414.50,2
08:47:40,1414.25,1
08:47:41,1414.25,1
08:47:42,1414.25,10
08:47:43,1414.50,1
08:47:43,1414.25,1
08:47:43,1414.50,1
08:47:43,1414.25,2
08:47:44,1414.25,1
08:47:45,1414.25,5
08:47:46,1414.25,5
08:47:47,1414.25,2
08:47:48,1414.25,5
08:47:49,1414.25,1
08:47:50,1414.25,1
08:47:51,1414.25,2
08:47:52,1414.25,20
08:47:54,1414.25,1
08:47:55,1414.25,1
08:47:59,1414.50,1
08:48:00,1414.25,1
08:48:00,1414.50,1
08:48:01,1414.25,1
08:48:01,1414.50,1
08:48:01,1414.25,1
08:48:01,1414.50,6
08:48:01,1414.25,1
08:48:01,1414.50,3
08:48:01,1414.25,4
08:48:02,1414.25,2
08:48:02,1414.50,1
08:48:03,1414.25,3
08:48:05,1414.50,4
08:48:05,1414.25,2
08:48:05,1414.50,1
08:48:06,1414.25,1
08:48:07,1414.25,3
08:48:09,1414.50,1
08:48:10,1414.25,2
08:48:12,1414.25,1
08:48:13,1414.25,1
08:48:16,1414.25,2
08:48:21,1414.25,1
08:48:23,1414.50,1
08:48:26,1414.25,1
08:48:28,1414.25,5
08:48:29,1414.25,2
08:48:29,1414.50,4
08:48:29,1414.25,15
08:48:31,1414.00,1
08:48:32,1414.25,2
08:48:32,1414.00,12
08:48:33,1414.25,1
08:48:33,1414.00,1
08:48:35,1414.00,1
08:48:36,1414.00,1
08:48:38,1414.00,6
08:48:39,1414.00,3
08:48:40,1414.00,1
08:48:40,1413.75,3
08:48:40,1414.00,40
08:48:40,1413.75,3
08:48:40,1414.00,4
08:48:40,1413.75,1
08:48:40,1414.00,10
08:48:40,1413.75,1
08:48:40,1414.00,1
08:48:40,1413.75,3
08:48:40,1414.00,1
08:48:40,1413.75,4
08:48:40,1414.00,10
08:48:40,1413.75,2
08:48:40,1414.00,1
08:48:40,1413.75,1
08:48:40,1414.00,1
08:48:40,1413.75,1
08:48:40,1414.00,1
08:48:40,1413.75,1
08:48:40,1414.00,2
08:48:40,1413.75,1
08:48:40,1414.00,5
08:48:40,1413.75,2
08:48:40,1414.00,6
08:48:40,1413.75,1
08:48:40,1414.00,4
08:48:40,1413.75,4
08:48:40,1414.00,1
08:48:41,1413.75,1
08:48:42,1413.75,1
08:48:43,1413.75,1
08:48:44,1413.75,1
08:48:46,1413.50,1
08:48:46,1413.25,1
08:48:46,1413.50,3
08:48:46,1413.25,1
08:48:46,1413.50,1
08:48:46,1413.25,1
08:48:46,1413.50,11
08:48:46,1413.25,3
08:48:46,1413.50,1
08:48:46,1413.25,1
08:48:46,1413.50,5
08:48:46,1413.25,1
08:48:46,1413.50,7
08:48:46,1413.25,1
08:48:46,1413.50,1
08:48:46,1413.75,1
08:48:46,1413.50,4
08:48:46,1413.25,1
08:48:47,1413.25,3
08:48:47,1413.50,2
08:48:47,1413.25,1
08:48:48,1413.25,1
08:48:48,1413.50,1
08:48:48,1413.25,1
08:48:48,1413.50,1
08:48:48,1413.25,1
08:48:48,1413.50,3
08:48:48,1413.25,1
08:48:49,1413.50,1
08:48:49,1413.25,4
08:48:50,1413.25,3
08:48:50,1413.50,1
08:48:50,1413.25,1
08:48:51,1413.25,1
08:48:51,1413.50,1
08:48:51,1413.25,1
08:48:52,1413.25,4
08:48:53,1413.00,1
08:48:53,1413.25,1
08:48:53,1413.00,2
08:48:53,1413.25,1
08:48:53,1413.00,1
08:48:53,1413.25,2
08:48:53,1413.00,1
08:48:53,1413.25,1
08:48:53,1413.00,1
08:48:53,1413.25,1
08:48:53,1413.00,1
08:48:53,1413.25,1
08:48:53,1413.00,1
08:48:53,1413.25,16
08:48:53,1413.00,1
08:48:53,1413.25,2
08:48:53,1413.00,1
08:48:53,1413.25,2
08:48:53,1413.00,1
08:48:53,1413.25,1
08:48:53,1413.00,1
08:48:53,1413.25,2
08:48:53,1413.00,1
08:48:53,1413.25,1
08:48:54,1413.00,3
08:48:55,1413.25,7
08:48:55,1413.00,1
08:48:55,1413.25,1
08:48:56,1413.25,1
08:48:57,1413.25,10
08:48:58,1413.50,1
08:48:59,1413.25,1
08:49:00,1413.00,1
08:49:00,1413.25,9
08:49:00,1413.00,1
08:49:00,1413.25,1
08:49:01,1413.00,1
08:49:01,1413.25,1
08:49:02,1413.00,1
08:49:03,1413.00,5
08:49:03,1413.25,1
08:49:03,1413.00,1
08:49:04,1413.00,1
08:49:04,1413.25,1
08:49:04,1413.00,1
08:49:04,1413.25,6
08:49:05,1413.00,3
08:49:05,1413.25,1
08:49:05,1413.00,7
08:49:06,1413.00,1
08:49:07,1413.00,5
08:49:08,1413.00,2
08:49:08,1413.25,6
08:49:09,1413.25,1
08:49:09,1413.00,1
08:49:09,1413.25,3
08:49:09,1413.00,1
08:49:10,1413.25,1
08:49:10,1413.00,6
08:49:10,1413.25,10
08:49:10,1413.00,1
08:49:12,1413.25,4
08:49:12,1413.00,2
08:49:13,1413.25,4
08:49:13,1413.50,1
08:49:13,1413.25,3
08:49:14,1413.25,4
08:49:15,1413.50,2
08:49:16,1413.50,1
08:49:16,1413.25,1
08:49:18,1413.50,5
08:49:19,1413.50,1
08:49:19,1413.25,9
08:49:19,1413.50,1
08:49:20,1413.50,5
08:49:20,1413.25,1
08:49:20,1413.50,20
08:49:22,1413.50,5
08:49:22,1413.25,1
08:49:23,1413.50,2
08:49:23,1413.25,1
08:49:24,1413.50,2
08:49:25,1413.50,3
08:49:28,1413.50,3
08:49:28,1413.25,40
08:49:29,1413.50,2
08:49:30,1413.50,1
08:49:31,1413.50,3
08:49:31,1413.75,1
08:49:31,1413.50,1
08:49:32,1413.50,1
08:49:33,1413.75,1
08:49:35,1413.50,1
08:49:36,1413.50,1
08:49:37,1413.50,1
08:49:37,1413.75,1
08:49:37,1413.50,8
08:49:38,1413.25,2
08:49:39,1413.50,3
08:49:40,1413.50,1
08:49:41,1413.50,1
08:49:42,1413.50,1
08:49:43,1413.50,1
08:49:44,1413.50,1
08:49:45,1413.50,1
08:49:47,1413.50,1
08:49:47,1413.25,1
08:49:48,1413.50,18
08:49:50,1413.50,1
08:49:52,1413.50,1
08:49:53,1413.50,1
08:49:54,1413.50,1
08:49:55,1413.50,1
08:49:56,1413.50,1
08:49:56,1413.75,1
08:49:56,1413.50,1
08:49:56,1413.75,2
08:49:56,1413.50,1
08:49:57,1413.50,2
08:49:57,1413.75,1
08:49:57,1413.50,15
08:49:58,1413.50,1
08:49:59,1413.75,9
08:50:00,1413.50,1
08:50:00,1413.75,1
08:50:00,1413.50,5
08:50:00,1413.75,1
08:50:00,1413.50,1
08:50:01,1413.50,1
08:50:02,1413.50,5
08:50:02,1413.25,1
08:50:02,1413.50,3
08:50:03,1413.50,2
08:50:04,1413.50,10
08:50:05,1413.25,1
08:50:05,1413.50,1
08:50:05,1413.25,2
08:50:06,1413.25,1
08:50:07,1413.50,3
08:50:08,1413.50,2
08:50:09,1413.50,10
08:50:13,1413.25,1
08:50:13,1413.00,1
08:50:13,1413.25,1
08:50:13,1413.00,2
08:50:13,1413.25,1
08:50:14,1413.25,1
08:50:14,1413.00,1
08:50:14,1413.25,10
08:50:15,1413.00,1
08:50:16,1413.00,10
08:50:17,1413.00,1
08:50:18,1413.00,1
08:50:19,1413.00,1
08:50:19,1413.25,10
08:50:19,1413.00,1
08:50:20,1413.00,10
08:50:21,1413.00,1
08:50:22,1413.00,3
08:50:24,1413.00,2
08:50:24,1413.25,10
08:50:25,1413.00,1
08:50:25,1413.25,8
08:50:27,1413.00,1
08:50:27,1413.25,1
08:50:28,1413.00,1
08:50:28,1413.25,2
08:50:29,1413.25,1
08:50:30,1413.25,1
08:50:31,1413.00,1
08:50:31,1413.25,1
08:50:31,1413.00,16
08:50:32,1413.00,1
08:50:32,1413.25,1
08:50:32,1413.00,1
08:50:33,1413.00,1
08:50:34,1413.00,1
08:50:35,1413.00,1
08:50:36,1413.00,4
08:50:37,1413.00,1
08:50:38,1413.00,1
08:50:41,1413.25,1
08:50:43,1413.25,1
08:50:46,1413.50,3
08:50:48,1413.25,3
08:50:51,1413.25,15
08:50:52,1413.50,2
08:50:55,1413.50,13
08:50:56,1413.50,2
08:50:56,1413.25,1
08:50:59,1413.50,1
08:51:00,1413.50,1
08:51:01,1413.50,2
08:51:02,1413.50,2
08:51:03,1413.50,2
08:51:03,1413.75,2
08:51:03,1413.50,2
08:51:03,1413.75,1
08:51:03,1413.50,10
08:51:03,1413.75,1
08:51:03,1413.50,1
08:51:04,1413.50,1
08:51:05,1413.50,2
08:51:08,1413.50,1
08:51:08,1413.25,1
08:51:08,1413.50,14
08:51:09,1413.50,7
08:51:09,1413.25,1
08:51:10,1413.50,1
08:51:11,1413.50,28
08:51:13,1413.50,1
08:51:15,1413.75,2
08:51:16,1413.50,1
08:51:16,1413.75,1
08:51:16,1413.50,16
08:51:17,1413.75,1
08:51:18,1413.50,1
08:51:18,1413.75,5
08:51:18,1413.50,2
08:51:18,1413.75,1
08:51:18,1413.50,2
08:51:18,1413.75,4
08:51:18,1413.50,5
08:51:18,1413.75,1
08:51:18,1413.50,1
08:51:18,1413.75,3
08:51:18,1413.50,5
08:51:19,1413.75,1
08:51:20,1413.75,1
08:51:21,1413.75,1
08:51:22,1413.50,1
08:51:23,1413.50,2
08:51:24,1413.75,2
08:51:25,1413.75,2
08:51:26,1413.75,1
08:51:28,1413.75,2
08:51:30,1413.75,1
08:51:30,1413.50,2
08:51:30,1413.75,1
08:51:31,1413.75,1
08:51:32,1413.75,2
08:51:33,1413.75,1
08:51:34,1413.75,1
08:51:35,1413.75,1
08:51:35,1414.00,5
08:51:35,1413.75,1
08:51:35,1414.00,1
08:51:35,1413.75,7
08:51:35,1414.00,2
08:51:35,1413.75,1
08:51:36,1413.75,1
08:51:36,1414.00,1
08:51:36,1413.75,1
08:51:38,1413.75,1
08:51:39,1414.00,1
08:51:39,1413.75,1
08:51:40,1413.75,2
08:51:40,1414.00,3
08:51:40,1413.75,1
08:51:40,1414.00,7
08:51:40,1413.75,4
08:51:41,1414.00,10
08:51:41,1413.75,2
08:51:41,1414.00,9
08:51:41,1413.75,1
08:51:44,1414.00,5
08:51:45,1414.00,2
08:51:45,1413.75,2
08:51:45,1414.00,10
08:51:46,1413.75,7
08:51:46,1414.00,1
08:51:48,1414.00,2
08:51:49,1414.00,1
08:51:50,1414.00,1
08:51:51,1414.00,2
08:51:52,1414.00,1
08:51:52,1413.75,1
08:51:53,1414.00,2
08:51:53,1413.75,1
08:51:56,1414.00,6
08:51:59,1414.00,1
08:51:59,1413.75,3
08:52:00,1413.75,5
08:52:00,1414.00,1
08:52:01,1414.00,1
08:52:02,1413.75,2
08:52:05,1414.00,1
08:52:06,1413.75,1
08:52:07,1413.75,2
08:52:08,1413.75,1
08:52:09,1413.75,1
08:52:09,1413.50,2
08:52:09,1413.75,4
08:52:12,1413.75,2
08:52:14,1413.75,1
08:52:14,1413.50,1
08:52:15,1413.75,1
08:52:18,1413.50,1
08:52:19,1413.75,1
08:52:20,1413.75,1
08:52:20,1414.00,1
08:52:20,1413.75,2
08:52:20,1414.00,2
08:52:20,1413.75,5
08:52:20,1414.00,3
08:52:20,1413.75,20
08:52:22,1414.00,2
08:52:22,1413.75,1
08:52:23,1414.00,2
08:52:25,1413.75,1
08:52:26,1414.00,1
08:52:32,1414.00,1
08:52:33,1414.00,1
08:52:33,1414.25,1
08:52:33,1414.00,8
08:52:33,1414.25,1
08:52:33,1414.00,1
08:52:33,1414.25,1
08:52:33,1414.00,1
08:52:34,1414.00,2
08:52:34,1414.25,1
08:52:34,1414.00,15
08:52:34,1414.25,4
08:52:35,1414.25,1
08:52:36,1414.25,2
08:52:36,1414.00,1
08:52:36,1414.25,2
08:52:37,1414.25,1
08:52:38,1414.25,1
08:52:38,1414.00,1
08:52:38,1414.25,1
08:52:40,1414.25,1
08:52:40,1414.00,1
08:52:40,1414.25,1
08:52:41,1414.25,35
08:52:42,1414.25,3
08:52:44,1414.00,1
08:52:45,1413.75,2
08:52:45,1414.00,1
08:52:47,1414.00,2
08:52:48,1414.00,1
08:52:48,1413.75,1
08:52:49,1414.00,8
08:52:51,1414.00,1
08:52:52,1414.00,1
08:52:53,1414.00,1
08:52:54,1414.00,2
08:52:55,1414.00,2
08:52:57,1413.75,1
08:52:57,1414.00,3
08:52:57,1413.75,1
08:52:57,1414.00,1
08:52:58,1414.00,1
08:52:58,1413.75,12
08:52:58,1414.00,1
08:52:59,1414.00,1
08:53:00,1413.75,40
08:53:00,1414.00,1
08:53:00,1413.75,1
08:53:01,1414.00,5
08:53:01,1413.75,2
08:53:03,1413.75,1
08:53:04,1414.00,1
08:53:06,1413.75,1
08:53:08,1414.00,13
08:53:08,1413.75,1
08:53:08,1414.00,5
08:53:09,1414.00,20
08:53:12,1414.00,1
08:53:12,1413.75,1
08:53:13,1414.00,1
08:53:14,1414.00,1
08:53:14,1414.25,2
08:53:14,1414.00,1
08:53:15,1414.25,10
08:53:15,1414.00,5
08:53:15,1414.25,1
08:53:16,1414.50,1
08:53:16,1414.25,2
08:53:16,1414.50,1
08:53:16,1414.25,2
08:53:16,1414.00,5
08:53:16,1414.25,53
08:53:16,1414.50,3
08:53:16,1414.25,1
08:53:16,1414.50,1
08:53:16,1414.25,1
08:53:17,1414.50,11
08:53:17,1414.25,1
08:53:18,1414.50,18
08:53:19,1414.50,2
08:53:20,1414.75,1
08:53:20,1414.50,3
08:53:20,1414.75,4
08:53:20,1414.50,1
08:53:20,1414.75,1
08:53:20,1414.50,1
08:53:21,1414.50,1
08:53:21,1414.75,2
08:53:21,1414.50,23
08:53:21,1414.75,17
08:53:21,1414.50,20
08:53:22,1414.50,1
08:53:23,1414.50,1
08:53:24,1414.50,1
08:53:25,1414.50,1
08:53:26,1414.50,1
08:53:26,1414.75,1
08:53:27,1414.75,2
08:53:28,1414.75,1
08:53:28,1414.50,2
08:53:29,1414.75,1
08:53:31,1414.75,1
08:53:31,1415.00,2
08:53:31,1414.75,1
08:53:31,1415.00,1
08:53:31,1414.75,2
08:53:31,1415.00,1
08:53:31,1414.75,3
08:53:31,1415.00,1
08:53:31,1414.75,1
08:53:31,1415.00,1
08:53:31,1414.75,1
08:53:32,1414.75,5
08:53:32,1415.00,2
08:53:32,1414.75,3
08:53:32,1415.00,2
08:53:32,1414.75,4
08:53:32,1415.00,1
08:53:32,1414.75,4
08:53:32,1415.00,2
08:53:32,1414.75,5
08:53:32,1415.00,1
08:53:32,1414.75,1
08:53:33,1414.75,10
08:53:33,1415.00,1
08:53:33,1414.75,1
08:53:33,1415.00,1
08:53:33,1414.75,3
08:53:33,1415.00,5
08:53:34,1415.00,2
08:53:34,1414.75,1
08:53:34,1415.00,2
08:53:35,1414.75,1
08:53:35,1415.00,1
08:53:35,1414.75,4
08:53:35,1415.00,1
08:53:35,1414.75,1
08:53:35,1415.00,2
08:53:35,1414.75,1
08:53:35,1415.00,2
08:53:35,1414.75,1
08:53:36,1414.75,5
08:53:37,1415.00,1
08:53:38,1414.75,1
08:53:38,1415.00,1
08:53:39,1415.00,2
08:53:40,1415.00,1
08:53:40,1414.75,1
08:53:41,1415.00,2
08:53:42,1415.00,4
08:53:42,1414.75,1
08:53:43,1414.75,1
08:53:44,1414.75,1
08:53:44,1414.50,4
08:53:44,1414.75,10
08:53:46,1414.50,2
08:53:46,1414.75,2
08:53:46,1414.50,7
08:53:46,1414.25,1
08:53:46,1414.50,5
08:53:46,1414.75,2
08:53:46,1414.50,13
08:53:46,1414.75,1
08:53:46,1414.50,50
08:53:48,1414.50,2
08:53:50,1414.75,2
08:53:50,1414.50,1
08:53:50,1414.75,2
08:53:53,1414.75,1
08:53:54,1414.75,4
08:53:55,1414.75,2
08:53:56,1414.50,2
08:53:59,1414.50,1
08:54:00,1414.50,1
08:54:01,1414.25,11
08:54:02,1414.50,1
08:54:02,1414.25,10
08:54:03,1414.50,2
08:54:04,1414.25,2
08:54:05,1414.25,44
08:54:05,1414.50,1
08:54:05,1414.25,1
08:54:05,1414.50,9
08:54:05,1414.25,1
08:54:07,1414.25,1
08:54:08,1414.25,2
08:54:09,1414.25,1
08:54:13,1414.25,1
08:54:15,1414.50,1
08:54:17,1414.25,1
08:54:18,1414.25,1
08:54:19,1414.50,1
08:54:19,1414.25,2
08:54:19,1414.50,1
08:54:20,1414.25,1
08:54:20,1414.50,1
08:54:20,1414.25,25
08:54:22,1414.50,1
08:54:23,1414.25,1
08:54:24,1414.25,6
08:54:25,1414.25,2
08:54:26,1414.50,5
08:54:27,1414.50,2
08:54:28,1414.25,2
08:54:29,1414.25,1
08:54:31,1414.25,1
08:54:31,1414.00,2
08:54:32,1414.25,1
08:54:34,1414.00,2
08:54:34,1414.25,1
08:54:35,1414.25,1
08:54:37,1414.00,1
08:54:40,1414.00,1
08:54:40,1414.25,3
08:54:41,1414.00,1
08:54:42,1414.00,1
08:54:43,1414.00,1
08:54:43,1414.25,1
08:54:43,1414.00,1
08:54:44,1414.25,1
08:54:44,1414.00,4
08:54:44,1414.25,1
08:54:45,1414.25,1
08:54:46,1414.25,1
08:54:46,1414.00,1
08:54:48,1414.00,3
08:54:50,1414.25,2
08:54:52,1414.00,2
08:54:55,1414.00,6
08:54:57,1414.00,4
08:54:58,1414.25,1
08:54:58,1414.00,4
08:55:00,1414.00,5
08:55:01,1414.25,3
08:55:02,1414.00,5
08:55:02,1414.25,1
08:55:03,1414.00,2
08:55:04,1414.25,3
08:55:05,1414.00,1
08:55:09,1414.00,1
08:55:12,1414.00,1
08:55:13,1413.75,1
08:55:13,1414.00,3
08:55:13,1413.75,2
08:55:13,1414.00,1
08:55:14,1414.00,1
08:55:16,1413.75,1
08:55:16,1414.00,1
08:55:17,1414.00,1
08:55:17,1413.75,1
08:55:17,1414.00,1
08:55:17,1413.75,4
08:55:17,1414.00,1
08:55:18,1414.00,5
08:55:18,1413.75,1
08:55:19,1413.75,1
08:55:20,1414.00,1
08:55:20,1413.75,8
08:55:20,1414.00,1
08:55:20,1413.75,7
08:55:20,1414.00,4
08:55:20,1413.75,10
08:55:22,1414.00,2
08:55:24,1413.75,1
08:55:25,1413.75,1
08:55:25,1414.00,3
08:55:25,1413.75,1
08:55:25,1414.00,3
08:55:25,1413.75,1
08:55:26,1413.75,1
08:55:27,1413.75,5
08:55:28,1413.75,5
08:55:29,1413.75,6
08:55:32,1413.75,1
08:55:34,1413.75,1
08:55:36,1413.75,2
08:55:37,1413.75,1
08:55:38,1414.00,3
08:55:39,1414.00,1
08:55:39,1414.25,1
08:55:39,1414.00,1
08:55:39,1414.25,1
08:55:39,1414.00,1
08:55:39,1414.25,1
08:55:39,1414.00,4
08:55:40,1414.00,10
08:55:41,1414.00,5
08:55:42,1414.00,1
08:55:43,1414.00,1
08:55:44,1414.00,2
08:55:46,1414.00,7
08:55:47,1414.00,1
08:55:48,1414.25,1
08:55:49,1414.25,1
08:55:50,1414.00,1
08:55:51,1414.25,2
08:55:53,1414.25,1
08:55:54,1414.00,26
08:55:54,1414.25,6
08:55:57,1414.25,4
08:55:58,1414.00,1
08:55:58,1414.25,1
08:55:59,1414.00,1
08:56:00,1414.25,1
08:56:03,1414.25,1
08:56:04,1414.00,1
08:56:06,1414.00,1
08:56:06,1414.25,1
08:56:07,1414.00,1
08:56:08,1414.00,1
08:56:09,1414.00,1
08:56:10,1413.75,1
08:56:10,1414.00,2
08:56:10,1413.75,1
08:56:12,1413.75,1
08:56:15,1413.75,1
08:56:15,1414.00,7
08:56:16,1413.75,1
08:56:17,1413.75,2
08:56:19,1414.00,2
08:56:20,1414.00,1
08:56:21,1414.00,1
08:56:22,1414.25,1
08:56:22,1414.00,1
08:56:23,1414.00,4
08:56:24,1414.25,16
08:56:26,1414.00,1
08:56:26,1413.75,1
08:56:26,1414.00,5
08:56:27,1414.00,1
08:56:27,1414.25,2
08:56:27,1414.00,1
08:56:27,1414.25,14
08:56:27,1414.00,1
08:56:28,1414.00,1
08:56:29,1414.00,1
08:56:30,1414.00,1
08:56:31,1414.00,5
08:56:32,1414.00,3
08:56:33,1414.00,1
08:56:34,1414.00,22
08:56:35,1414.00,1
08:56:36,1414.00,1
08:56:37,1414.00,1
08:56:38,1414.25,1
08:56:39,1414.00,1
08:56:42,1414.00,1
08:56:43,1414.00,1
08:56:43,1414.25,2
08:56:43,1414.00,1
08:56:44,1414.00,1
08:56:47,1414.00,1
08:56:50,1414.25,1
08:56:51,1414.25,2
08:56:52,1414.25,5
08:56:56,1414.25,22
08:56:56,1414.00,3
08:56:56,1414.25,46
08:56:56,1414.00,1
08:56:56,1414.25,5
08:56:56,1414.00,1
08:56:57,1414.00,1
08:56:57,1413.75,1
08:56:57,1414.00,1
08:56:57,1413.75,17
08:56:57,1414.00,5
08:56:57,1413.75,1
08:56:57,1414.00,6
08:56:57,1413.75,1
08:56:58,1414.00,14
08:56:59,1414.00,4
08:57:00,1414.00,9
08:57:01,1413.75,1
08:57:01,1414.00,2
08:57:01,1413.75,1
08:57:01,1414.00,1
08:57:01,1413.75,1
08:57:01,1414.00,1
08:57:01,1413.75,1
08:57:01,1414.00,1
08:57:01,1413.75,2
08:57:02,1413.75,2
08:57:03,1413.75,1
08:57:06,1413.75,1
08:57:07,1413.75,1
08:57:07,1414.00,5
08:57:08,1413.75,1
08:57:10,1413.75,1
08:57:11,1413.75,1
08:57:12,1413.75,1
08:57:14,1413.75,1
08:57:15,1413.75,1
08:57:16,1413.75,1
08:57:18,1413.75,1
08:57:21,1413.75,3
08:57:22,1413.75,1
08:57:22,1413.50,1
08:57:22,1413.75,2
08:57:22,1413.50,2
08:57:22,1413.75,1
08:57:22,1413.50,2
08:57:22,1413.75,1
08:57:23,1413.50,1
08:57:24,1413.75,1
08:57:25,1413.50,2
08:57:25,1413.75,1
08:57:26,1413.50,13
08:57:27,1413.25,1
08:57:28,1413.50,1
08:57:30,1413.25,1
08:57:31,1413.25,4
08:57:32,1413.50,1
08:57:33,1413.50,1
08:57:33,1413.25,3
08:57:34,1413.50,4
08:57:34,1413.25,1
08:57:34,1413.50,1
08:57:35,1413.50,1
08:57:35,1413.25,1
08:57:36,1413.25,4
08:57:37,1413.25,5
08:57:38,1413.25,1
08:57:39,1413.25,1
08:57:40,1413.25,2
08:57:41,1413.25,1
08:57:42,1413.00,1
08:57:42,1413.25,1
08:57:42,1413.00,1
08:57:42,1413.25,1
08:57:42,1413.00,1
08:57:43,1413.00,1
08:57:44,1413.25,12
08:57:44,1413.00,1
08:57:45,1413.00,2
08:57:45,1413.25,1
08:57:45,1413.00,4
08:57:45,1413.25,1
08:57:46,1413.00,1
08:57:46,1413.25,1
08:57:46,1413.00,1
08:57:47,1413.00,1
08:57:48,1413.25,1
08:57:48,1413.00,1
08:57:48,1413.25,27
08:57:49,1413.50,1
08:57:49,1413.25,5
08:57:50,1413.25,1
08:57:51,1413.50,1
08:57:52,1413.50,1
08:57:53,1413.50,2
08:57:54,1413.25,1
08:57:54,1413.50,1
08:57:54,1413.25,1
08:57:55,1413.25,9
08:57:55,1413.00,10
08:57:55,1413.25,4
08:57:55,1413.00,1
08:57:55,1413.25,1
08:57:55,1413.00,1
08:57:55,1413.25,1
08:57:55,1413.00,1
08:57:55,1413.25,3
08:57:55,1413.00,1
08:57:55,1413.25,1
08:57:55,1413.00,3
08:57:55,1413.25,3
08:57:55,1413.00,2
08:57:56,1413.25,1
08:57:57,1413.25,1
08:57:57,1413.00,1
08:57:57,1413.25,1
08:57:58,1413.00,1
08:57:58,1413.25,7
08:57:59,1413.25,1
08:57:59,1413.00,8
08:57:59,1413.25,1
08:58:00,1413.25,1
08:58:00,1413.00,1
08:58:01,1413.25,1
08:58:02,1413.00,1
08:58:02,1413.25,1
08:58:04,1413.00,1
08:58:05,1413.25,1
08:58:06,1413.25,1
08:58:07,1413.25,1
08:58:08,1413.25,1
08:58:10,1413.25,1
08:58:11,1413.25,5
08:58:12,1413.00,1
08:58:12,1413.25,3
08:58:12,1413.00,1
08:58:12,1413.25,4
08:58:12,1413.00,1
08:58:12,1413.25,3
08:58:12,1413.00,1
08:58:12,1413.25,3
08:58:12,1413.00,1
08:58:12,1413.25,3
08:58:12,1413.00,1
08:58:13,1413.00,1
08:58:14,1413.00,4
08:58:15,1413.00,1
08:58:16,1413.00,1
08:58:17,1413.25,1
08:58:18,1413.00,1
08:58:19,1413.00,1
08:58:20,1413.00,1
08:58:21,1413.25,1
08:58:21,1413.00,1
08:58:22,1413.00,8
08:58:22,1413.25,4
08:58:22,1413.00,1
08:58:22,1413.25,8
08:58:22,1413.00,1
08:58:23,1413.25,1
08:58:23,1413.00,1
08:58:24,1413.00,5
08:58:24,1413.25,1
08:58:25,1413.00,1
08:58:26,1413.00,4
08:58:27,1413.00,2
08:58:28,1412.75,1
08:58:28,1413.00,1
08:58:28,1412.75,1
08:58:28,1413.00,1
08:58:28,1412.75,1
08:58:28,1413.00,3
08:58:28,1412.75,5
08:58:28,1413.00,1
08:58:28,1412.75,5
08:58:28,1413.00,8
08:58:28,1412.75,1
08:58:28,1413.00,1
08:58:28,1412.75,1
08:58:28,1413.00,8
08:58:28,1412.75,2
08:58:31,1413.00,1
08:58:32,1412.75,2
08:58:32,1413.00,3
08:58:33,1413.00,1
08:58:33,1412.75,2
08:58:33,1413.00,2
08:58:33,1412.75,2
08:58:35,1413.00,1
08:58:36,1413.00,1
08:58:36,1412.75,1
08:58:37,1412.75,1
08:58:38,1413.00,1
08:58:38,1412.75,1
08:58:39,1413.00,1
08:58:40,1412.75,1
08:58:42,1412.75,5
08:58:42,1413.00,12
08:58:42,1412.75,2
08:58:42,1413.00,25
08:58:42,1412.75,2
08:58:43,1412.75,4
08:58:44,1412.75,2
08:58:45,1413.00,1
08:58:46,1412.75,3
08:58:47,1412.75,2
08:58:48,1412.75,1
08:58:49,1412.75,5
08:58:50,1412.75,2
08:58:52,1412.75,1
08:58:53,1412.75,1
08:58:54,1412.75,1
08:58:55,1413.00,1
08:58:55,1412.75,1
08:58:55,1413.00,3
08:58:55,1412.75,1
08:58:55,1413.00,2
08:58:55,1412.75,9
08:58:55,1413.00,2
08:58:56,1412.75,4
08:58:58,1412.75,24
08:58:59,1413.00,4
08:59:00,1413.00,1
08:59:00,1412.75,1
08:59:00,1413.00,1
08:59:01,1412.75,3
08:59:02,1412.75,1
08:59:03,1412.50,3
08:59:03,1412.75,1
08:59:03,1412.50,10
08:59:03,1412.75,4
08:59:03,1412.50,3
08:59:03,1412.75,1
08:59:03,1412.50,1
08:59:03,1412.75,1
08:59:03,1412.50,1
08:59:03,1412.75,16
08:59:03,1412.50,2
08:59:03,1412.75,38
08:59:03,1412.50,1
08:59:03,1412.75,1
08:59:03,1412.50,5
08:59:03,1412.75,1
08:59:03,1412.50,5
08:59:03,1412.75,6
08:59:03,1412.50,8
08:59:03,1412.75,20
08:59:03,1412.50,10
08:59:04,1412.75,1
08:59:04,1412.50,1
08:59:04,1412.75,1
08:59:04,1412.50,1
08:59:05,1412.50,1
08:59:05,1412.25,1
08:59:05,1412.50,1
08:59:05,1412.25,1
08:59:05,1412.50,1
08:59:05,1412.25,2
08:59:05,1412.50,4
08:59:05,1412.25,1
08:59:05,1412.50,2
08:59:05,1412.25,1
08:59:05,1412.50,10
08:59:05,1412.25,1
08:59:06,1412.25,3
08:59:06,1412.50,1
08:59:06,1412.25,1
08:59:06,1412.50,1
08:59:06,1412.25,1
08:59:06,1412.50,29
08:59:06,1412.25,1
08:59:06,1412.50,1
08:59:06,1412.25,1
08:59:06,1412.50,6
08:59:06,1412.25,1
08:59:06,1412.50,1
08:59:07,1412.25,1
08:59:07,1412.50,1
08:59:07,1412.25,3
08:59:07,1412.50,7
08:59:08,1412.50,2
08:59:08,1412.25,1
08:59:09,1412.25,1
08:59:09,1412.50,1
08:59:09,1412.25,1
08:59:10,1412.25,1
08:59:10,1412.50,11
08:59:10,1412.25,1
08:59:10,1412.50,1
08:59:11,1412.25,1
08:59:11,1412.50,1
08:59:12,1412.25,2
08:59:12,1412.50,1
08:59:12,1412.25,1
08:59:12,1412.50,1
08:59:12,1412.25,1
08:59:13,1412.25,2
08:59:14,1412.50,4
08:59:14,1412.25,3
08:59:14,1412.50,1
08:59:14,1412.25,1
08:59:14,1412.50,1
08:59:14,1412.25,1
08:59:14,1412.50,2
08:59:14,1412.25,1
08:59:14,1412.50,7
08:59:15,1412.25,1
08:59:16,1412.25,1
08:59:16,1412.50,1
08:59:16,1412.25,1
08:59:16,1412.50,1
08:59:16,1412.25,1
08:59:16,1412.50,1
08:59:16,1412.25,1
08:59:16,1412.50,2
08:59:16,1412.25,11
08:59:16,1412.50,2
08:59:16,1412.25,1
08:59:17,1412.25,19
08:59:17,1412.00,5
08:59:17,1412.25,6
08:59:17,1412.00,1
08:59:17,1412.25,1
08:59:17,1412.00,1
08:59:17,1412.25,1
08:59:17,1412.00,1
08:59:17,1412.25,1
08:59:17,1412.00,2
08:59:17,1412.25,1
08:59:17,1412.00,1
08:59:17,1412.25,1
08:59:17,1412.00,1
08:59:17,1412.25,1
08:59:17,1412.00,1
08:59:17,1412.25,1
08:59:17,1412.00,1
08:59:17,1412.25,1
08:59:18,1412.25,2
08:59:18,1412.00,1
08:59:18,1412.25,1
08:59:19,1412.25,1
08:59:19,1412.00,1
08:59:19,1412.25,2
08:59:19,1412.00,2
08:59:19,1412.25,24
08:59:20,1412.25,1
08:59:21,1412.00,3
08:59:21,1412.25,1
08:59:21,1412.00,3
08:59:22,1412.00,1
08:59:22,1412.25,2
08:59:22,1412.00,1
08:59:22,1412.25,1
08:59:22,1412.00,1
08:59:23,1412.00,1
08:59:23,1412.25,10
08:59:23,1412.00,1
08:59:23,1412.25,1
08:59:23,1412.00,1
08:59:24,1412.00,4
08:59:24,1412.25,2
08:59:24,1412.00,3
08:59:24,1412.25,1
08:59:24,1412.00,1
08:59:25,1411.75,5
08:59:25,1411.50,2
08:59:25,1411.75,25
08:59:25,1411.50,1
08:59:25,1411.75,25
08:59:25,1412.00,1
08:59:25,1411.75,1
08:59:25,1411.50,2
08:59:25,1411.75,1
08:59:25,1411.50,1
08:59:25,1411.75,1
08:59:25,1411.50,2
08:59:25,1411.75,1
08:59:25,1411.50,4
08:59:25,1411.75,1
08:59:25,1411.50,1
08:59:25,1411.75,3
08:59:25,1411.50,2
08:59:25,1411.75,12
08:59:25,1411.50,1
08:59:25,1411.75,1
08:59:25,1411.50,1
08:59:25,1411.75,4
08:59:25,1411.50,5
08:59:25,1411.75,1
08:59:25,1411.50,1
08:59:25,1411.75,4
08:59:25,1411.50,2
08:59:25,1411.75,25
08:59:25,1411.50,1
08:59:25,1411.75,5
08:59:26,1411.50,5
08:59:26,1411.75,1
08:59:26,1411.50,1
08:59:26,1411.75,3
08:59:26,1411.50,1
08:59:26,1411.75,1
08:59:26,1411.50,1
08:59:26,1411.75,9
08:59:26,1411.50,2
08:59:26,1411.75,1
08:59:26,1411.50,2
08:59:26,1411.75,3
08:59:26,1411.50,1
08:59:26,1411.75,1
08:59:26,1411.50,1
08:59:26,1411.75,1
08:59:26,1411.50,1
08:59:26,1411.75,1
08:59:26,1411.50,1
08:59:26,1411.75,1
08:59:26,1411.50,1
08:59:26,1411.75,5
08:59:26,1411.50,1
08:59:26,1411.75,1
08:59:26,1411.50,2
08:59:26,1411.75,15
08:59:27,1411.50,1
08:59:27,1411.75,4
08:59:27,1411.50,1
08:59:27,1411.75,3
08:59:27,1411.50,5
08:59:27,1411.75,1
08:59:27,1411.50,1
08:59:27,1411.75,1
08:59:27,1411.50,1
08:59:28,1411.50,4
08:59:28,1411.75,1
08:59:28,1411.50,2
08:59:28,1411.75,4
08:59:28,1411.50,6
08:59:28,1411.75,1
08:59:29,1411.75,20
08:59:29,1411.50,1
08:59:29,1411.75,1
08:59:29,1411.50,1
08:59:29,1411.75,1
08:59:29,1411.50,1
08:59:30,1411.50,2
08:59:30,1411.75,10
08:59:30,1411.50,1
08:59:30,1411.75,10
08:59:30,1411.50,5
08:59:30,1411.75,1
08:59:30,1411.50,1
08:59:31,1411.75,4
08:59:31,1411.50,1
08:59:31,1411.75,2
08:59:31,1411.50,1
08:59:31,1411.75,2
08:59:31,1411.50,1
08:59:31,1411.75,1
08:59:31,1411.50,1
08:59:32,1411.50,1
08:59:32,1411.75,1
08:59:32,1411.50,1
08:59:32,1411.75,4
08:59:32,1411.50,35
08:59:33,1411.50,1
08:59:33,1411.75,1
08:59:33,1411.50,12
08:59:33,1411.75,1
08:59:33,1411.50,4
08:59:34,1411.25,1
08:59:34,1411.50,20
08:59:34,1411.25,1
08:59:34,1411.50,1
08:59:34,1411.25,1
08:59:34,1411.50,1
08:59:34,1411.25,1
08:59:34,1411.50,1
08:59:34,1411.25,1
08:59:34,1411.50,2
08:59:34,1411.25,1
08:59:35,1411.25,11
08:59:35,1411.50,2
08:59:35,1411.25,5
08:59:35,1411.50,1
08:59:35,1411.25,2
08:59:35,1411.50,3
08:59:35,1411.25,4
08:59:36,1411.25,1
08:59:36,1411.50,1
08:59:36,1411.25,2
08:59:36,1411.50,10
08:59:36,1411.25,7
08:59:36,1411.50,5
08:59:37,1411.25,2
08:59:38,1411.00,5
08:59:38,1411.25,1
08:59:38,1411.00,2
08:59:38,1411.25,4
08:59:38,1411.00,4
08:59:38,1411.25,1
08:59:38,1411.00,7
08:59:38,1411.25,2
08:59:38,1411.00,10
08:59:38,1411.25,1
08:59:38,1411.00,1
08:59:38,1411.25,1
08:59:38,1411.00,1
08:59:38,1411.25,1
08:59:38,1411.00,2
08:59:38,1411.25,2
08:59:38,1411.00,1
08:59:38,1411.25,21
08:59:38,1411.00,1
08:59:38,1411.25,2
08:59:38,1411.00,10
08:59:38,1411.25,1
08:59:39,1411.00,11
08:59:39,1411.25,1
08:59:39,1411.00,10
08:59:39,1411.25,7
08:59:39,1411.00,2
08:59:39,1411.25,1
08:59:39,1411.00,10
08:59:39,1411.25,2
08:59:39,1411.00,2
08:59:39,1411.25,1
08:59:39,1411.00,3
08:59:39,1411.25,1
08:59:39,1411.00,1
08:59:40,1411.25,4
08:59:40,1411.50,2
08:59:40,1411.25,1
08:59:40,1411.50,3
08:59:40,1411.25,2
08:59:40,1411.50,1
08:59:40,1411.25,1
08:59:40,1411.50,12
08:59:40,1411.25,3
08:59:41,1411.25,1
08:59:41,1411.50,1
08:59:41,1411.25,19
08:59:42,1411.25,1
08:59:42,1411.50,1
08:59:43,1411.50,1
08:59:43,1411.25,1
08:59:44,1411.25,1
08:59:44,1411.50,1
08:59:44,1411.25,23
08:59:44,1411.50,1
08:59:44,1411.25,2
08:59:45,1411.75,3
08:59:45,1411.50,2
08:59:45,1411.25,1
08:59:45,1411.50,5
08:59:45,1411.75,1
08:59:45,1411.50,1
08:59:45,1411.75,1
08:59:45,1411.50,50
08:59:45,1411.75,1
08:59:45,1411.25,5
08:59:45,1411.50,1
08:59:45,1411.25,1
08:59:45,1411.50,1
08:59:46,1411.50,1
08:59:46,1411.75,4
08:59:46,1411.50,1
08:59:46,1411.75,1
08:59:46,1411.50,1
08:59:46,1411.75,7
08:59:46,1411.50,1
08:59:46,1411.75,3
08:59:47,1411.50,1
08:59:47,1411.75,1
08:59:47,1411.50,1
08:59:47,1411.75,1
08:59:47,1411.50,1
08:59:47,1411.75,2
08:59:47,1411.50,1
08:59:47,1411.75,2
08:59:47,1411.50,1
08:59:47,1411.75,5
08:59:47,1411.50,1
08:59:47,1411.75,1
08:59:48,1411.50,1
08:59:48,1411.75,3
08:59:48,1411.50,2
08:59:48,1411.75,3
08:59:48,1411.50,1
08:59:48,1411.75,1
08:59:48,1411.50,10
08:59:48,1411.75,3
08:59:48,1411.50,1
08:59:48,1411.75,2
08:59:48,1411.50,1
08:59:48,1411.75,3
08:59:49,1411.50,1
08:59:49,1411.75,1
08:59:49,1411.50,1
08:59:49,1411.25,24
08:59:49,1411.50,2
08:59:49,1411.75,1
08:59:49,1411.50,3
08:59:50,1411.50,1
08:59:50,1411.75,1
08:59:51,1411.50,1
08:59:51,1411.75,1
08:59:52,1411.50,1
08:59:52,1411.75,2
08:59:53,1411.75,1
08:59:53,1411.50,1
08:59:53,1411.75,2
08:59:54,1411.75,14
08:59:54,1411.50,1
08:59:54,1411.75,1
08:59:55,1411.75,1
08:59:55,1411.50,2
08:59:55,1411.75,4
08:59:56,1411.75,4
08:59:56,1411.50,1
08:59:56,1412.00,1
08:59:56,1411.75,1
08:59:56,1412.00,1
08:59:56,1411.75,5
08:59:56,1412.00,1
08:59:56,1411.75,5
08:59:56,1412.00,7
08:59:56,1411.75,2
08:59:56,1411.50,1
08:59:56,1412.00,3
08:59:56,1411.75,3
08:59:56,1411.50,1
08:59:56,1412.00,1
08:59:56,1411.75,2
08:59:56,1412.00,1
08:59:56,1411.75,2
08:59:56,1412.00,1
08:59:56,1411.75,2
08:59:56,1412.00,1
08:59:56,1411.75,3
08:59:56,1412.00,1
08:59:56,1411.50,1
08:59:57,1412.00,4
08:59:57,1411.75,1
08:59:57,1412.00,1
08:59:57,1411.75,2
08:59:58,1411.75,1
08:59:58,1412.00,1
08:59:58,1411.75,1
08:59:59,1411.75,1
08:59:59,1412.00,1
09:00:00,1411.50,5
09:00:00,1411.75,16
09:00:00,1411.50,1
09:00:00,1411.75,2
09:00:00,1411.50,28
09:00:00,1411.75,20
09:00:00,1411.50,1
09:00:00,1411.75,1
09:00:00,1411.50,1
09:00:00,1411.75,2
09:00:00,1411.50,1
09:00:00,1411.75,1
09:00:00,1411.50,1
09:00:00,1411.75,5
09:00:00,1411.50,1
09:00:00,1411.75,2
09:00:00,1411.50,1
09:00:00,1412.00,1
09:00:00,1411.75,15
09:00:00,1411.50,1
09:00:00,1411.75,1
09:00:00,1411.50,1
09:00:00,1411.75,2
09:00:01,1411.75,2
09:00:01,1411.50,1
09:00:01,1411.75,5
09:00:01,1411.50,2
09:00:01,1411.75,1
09:00:01,1411.50,1
09:00:01,1411.75,16
09:00:01,1411.50,5
09:00:01,1411.75,1
09:00:01,1411.50,6
09:00:01,1411.75,6
09:00:02,1411.75,35
09:00:02,1411.50,15
09:00:02,1411.75,10
09:00:02,1411.50,30
09:00:02,1411.75,1
09:00:02,1411.50,1
09:00:02,1411.75,1
09:00:02,1411.50,21
09:00:02,1411.75,2
09:00:02,1411.50,1
09:00:03,1411.50,1
09:00:04,1411.75,2
09:00:04,1411.50,4
09:00:04,1411.75,2
09:00:04,1411.50,2
09:00:04,1411.75,18
09:00:05,1411.75,1
09:00:05,1411.50,1
09:00:06,1411.75,1
09:00:06,1411.50,1
09:00:06,1411.75,1
09:00:07,1411.75,26
09:00:07,1412.00,2
09:00:07,1411.75,2
09:00:08,1411.75,4
09:00:08,1411.50,1
09:00:08,1411.75,10
09:00:08,1411.50,1
09:00:08,1411.75,1
09:00:09,1412.00,4
09:00:09,1411.75,14
09:00:09,1412.00,1
09:00:09,1411.75,1
09:00:09,1412.00,1
09:00:09,1411.75,2
09:00:09,1412.00,1
09:00:09,1411.75,2
09:00:09,1412.00,1
09:00:10,1411.75,9
09:00:11,1412.00,1
09:00:12,1411.75,1
09:00:13,1411.75,1
09:00:13,1411.50,4
09:00:13,1411.75,2
09:00:14,1411.75,9
09:00:14,1411.50,1
09:00:14,1411.75,1
09:00:14,1411.50,3
09:00:15,1411.75,1
09:00:16,1411.50,1
09:00:16,1411.75,5
09:00:16,1411.50,1
09:00:16,1411.75,1
09:00:16,1411.50,1
09:00:16,1411.75,1
09:00:17,1411.50,1
09:00:18,1411.50,1
09:00:18,1411.75,2
09:00:18,1411.50,1
09:00:18,1411.75,3
09:00:18,1411.50,5
09:00:19,1411.75,2
09:00:20,1411.50,1
09:00:21,1411.50,1
09:00:21,1411.75,2
09:00:21,1411.50,6
09:00:22,1411.50,1
09:00:22,1411.75,2
09:00:23,1411.50,5
09:00:24,1411.75,47
09:00:24,1412.00,2
09:00:24,1411.75,2
09:00:24,1411.50,1
09:00:24,1411.75,1
09:00:25,1411.75,1
09:00:26,1411.75,2
09:00:26,1412.00,1
09:00:26,1411.75,8
09:00:27,1411.75,1
09:00:27,1412.00,1
09:00:27,1411.75,2
09:00:27,1412.00,1
09:00:28,1411.75,2
09:00:28,1412.00,3
09:00:29,1411.75,1
09:00:29,1412.00,1
09:00:30,1412.00,2
09:00:31,1412.00,1
09:00:32,1412.00,1
09:00:33,1412.00,1
09:00:33,1411.75,1
09:00:33,1412.00,2
09:00:34,1412.00,1
09:00:35,1411.75,4
09:00:36,1411.75,1
09:00:37,1411.75,1
09:00:39,1412.00,1
09:00:39,1411.75,1
09:00:40,1411.75,2
09:00:40,1412.00,1
09:00:42,1412.00,1
09:00:42,1411.75,1
09:00:42,1412.00,2
09:00:43,1411.75,5
09:00:44,1411.75,1
09:00:46,1412.00,1
09:00:46,1411.75,1
09:00:46,1412.00,2
09:00:47,1412.00,1
09:00:47,1411.75,1
09:00:48,1412.00,1
09:00:49,1412.00,16
09:00:49,1411.75,1
09:00:49,1412.00,1
09:00:50,1412.00,3
09:00:51,1412.00,2
09:00:52,1412.00,8
09:00:53,1412.00,1
09:00:54,1411.75,3
09:00:54,1412.00,1
09:00:54,1411.75,14
09:00:55,1412.00,1
09:00:55,1411.75,5
09:00:55,1412.00,1
09:00:56,1412.00,2
09:00:56,1411.75,5
09:00:56,1412.00,1
09:00:57,1412.00,3
09:00:57,1411.75,2
09:00:57,1412.00,1
09:00:57,1411.75,3
09:00:58,1411.75,10
09:00:58,1412.00,1
09:00:58,1411.75,10
09:00:59,1412.00,1
09:01:00,1411.75,4
09:01:00,1412.00,1
09:01:00,1411.75,2
09:01:01,1412.00,1
09:01:01,1411.75,1
09:01:02,1411.75,1
09:01:02,1412.00,1
09:01:02,1411.75,50
09:01:03,1411.75,5
09:01:03,1412.00,1
09:01:03,1411.75,7
09:01:05,1412.00,1
09:01:05,1411.75,1
09:01:05,1412.00,1
09:01:05,1411.75,1
09:01:05,1412.00,1
09:01:05,1411.75,2
09:01:06,1412.00,1
09:01:06,1411.75,1
09:01:07,1412.00,1
09:01:08,1411.75,2
09:01:08,1412.00,3
09:01:08,1411.75,1
09:01:08,1412.00,2
09:01:09,1411.75,1
09:01:09,1412.00,1
09:01:09,1411.75,1
09:01:10,1411.75,3
09:01:11,1411.75,3
09:01:12,1411.75,2
09:01:13,1411.75,2
09:01:14,1411.75,1
09:01:15,1412.00,1
09:01:15,1411.75,2
09:01:15,1412.00,1
09:01:16,1411.75,4
09:01:17,1411.75,1
09:01:18,1412.00,1
09:01:18,1411.75,1
09:01:18,1412.00,2
09:01:18,1411.75,2
09:01:18,1412.00,14
09:01:20,1412.00,1
09:01:21,1412.00,1
09:01:22,1411.75,2
09:01:22,1412.00,10
09:01:22,1411.75,3
09:01:23,1412.00,1
09:01:23,1411.75,1
09:01:23,1412.00,1
09:01:26,1412.00,2
09:01:27,1412.00,1
09:01:27,1411.75,1
09:01:28,1412.00,1
09:01:29,1412.00,3
09:01:32,1412.25,1
09:01:32,1412.00,1
09:01:32,1412.25,1
09:01:32,1412.00,1
09:01:32,1412.25,1
09:01:32,1412.00,2
09:01:32,1412.25,10
09:01:33,1412.25,1
09:01:33,1412.00,1
09:01:33,1412.25,1
09:01:33,1412.00,1
09:01:33,1412.25,1
09:01:35,1412.25,40
09:01:36,1412.00,1
09:01:37,1412.25,1
09:01:38,1412.25,1
09:01:39,1412.25,1
09:01:40,1412.25,4
09:01:40,1412.00,1
09:01:40,1412.25,5
09:01:41,1412.25,1
09:01:41,1412.00,4
09:01:41,1412.25,5
09:01:42,1412.25,1
09:01:43,1412.00,7
09:01:43,1412.25,1
09:01:44,1412.25,2
09:01:46,1412.25,1
09:01:46,1412.00,2
09:01:46,1412.25,1
09:01:47,1412.00,1
09:01:47,1412.25,1
09:01:48,1412.25,1
09:01:49,1412.00,1
09:01:49,1412.25,1
09:01:50,1412.25,12
09:01:51,1412.00,3
09:01:51,1412.25,1
09:01:52,1412.25,1
09:01:52,1412.00,5
09:01:54,1412.25,1
09:01:55,1412.25,2
09:01:55,1412.50,1
09:01:55,1412.25,1
09:01:55,1412.50,2
09:01:55,1412.25,1
09:01:55,1412.50,1
09:01:55,1412.25,3
09:01:55,1412.50,1
09:01:56,1412.50,4
09:01:56,1412.25,2
09:01:57,1412.25,4
09:01:58,1412.25,3
09:01:59,1412.25,3
09:02:00,1412.25,1
09:02:00,1412.00,1
09:02:00,1412.25,1
09:02:01,1412.25,2
09:02:02,1412.00,1
09:02:02,1412.25,3
09:02:03,1412.25,2
09:02:04,1412.25,3
09:02:05,1412.25,1
09:02:06,1412.50,2
09:02:07,1412.25,1
09:02:07,1412.50,1
09:02:07,1412.25,16
09:02:07,1412.50,1
09:02:07,1412.25,1
09:02:08,1412.25,2
09:02:09,1412.25,3
09:02:10,1412.25,6
09:02:11,1412.25,1
09:02:12,1412.25,1
09:02:13,1412.00,1
09:02:14,1412.00,1
09:02:16,1412.00,1
09:02:17,1412.00,1
09:02:18,1412.00,1
09:02:19,1412.00,1
09:02:19,1411.75,3
09:02:19,1412.00,3
09:02:19,1411.75,1
09:02:19,1412.00,6
09:02:20,1411.75,2
09:02:20,1412.00,1
09:02:22,1411.75,1
09:02:23,1411.75,3
09:02:23,1412.00,1
09:02:24,1412.00,3
09:02:25,1412.00,1
09:02:26,1411.75,8
09:02:29,1412.00,1
09:02:30,1411.75,1
09:02:30,1412.00,1
09:02:30,1411.75,10
09:02:32,1411.75,1
09:02:32,1412.00,2
09:02:34,1411.75,2
09:02:34,1412.00,1
09:02:34,1411.75,1
09:02:34,1412.00,9
09:02:34,1411.75,1
09:02:35,1411.75,4
09:02:36,1411.75,1
09:02:38,1411.75,5
09:02:40,1412.00,2
09:02:42,1411.75,2
09:02:43,1411.75,2
09:02:44,1411.75,10
09:02:45,1412.00,2
09:02:46,1412.00,1
09:02:46,1411.75,1
09:02:47,1412.00,1
09:02:48,1411.75,1
09:02:49,1411.75,2
09:02:49,1412.00,1
09:02:50,1411.75,1
09:02:51,1411.75,3
09:02:51,1412.00,2
09:02:51,1411.75,40
09:02:52,1411.75,1
09:02:52,1412.00,1
09:02:53,1412.00,1
09:02:54,1412.00,2
09:02:55,1412.00,1
09:02:55,1412.25,5
09:02:55,1412.00,3
09:02:57,1412.00,1
09:02:59,1412.00,7
09:03:00,1411.75,1
09:03:00,1412.00,1
09:03:00,1411.75,3
09:03:00,1412.00,1
09:03:01,1412.00,1
09:03:04,1411.75,1
09:03:05,1412.00,5
09:03:06,1412.00,2
09:03:07,1412.00,5
09:03:07,1411.75,1
09:03:07,1412.00,4
09:03:07,1411.75,1
09:03:07,1412.00,1
09:03:07,1411.75,1
09:03:08,1412.00,3
09:03:09,1412.00,4
09:03:09,1411.75,10
09:03:10,1412.00,1
09:03:12,1412.00,1
09:03:13,1412.00,1
09:03:17,1412.00,1
09:03:18,1412.00,10
09:03:18,1411.75,1
09:03:18,1412.00,3
09:03:21,1411.75,4
09:03:21,1412.00,7
09:03:22,1412.00,1
09:03:23,1412.00,1
09:03:24,1411.75,2
09:03:24,1412.00,1
09:03:25,1412.00,1
09:03:26,1412.00,1
09:03:27,1412.00,1
09:03:28,1412.00,1
09:03:29,1412.00,1
09:03:30,1412.00,10
09:03:30,1411.75,1
09:03:30,1412.00,1
09:03:31,1412.00,3
09:03:31,1412.25,2
09:03:31,1412.00,1
09:03:33,1412.25,3
09:03:35,1412.25,10
09:03:36,1412.25,2
09:03:37,1412.00,1
09:03:37,1412.25,1
09:03:38,1412.25,2
09:03:38,1412.00,1
09:03:40,1412.00,10
09:03:41,1412.25,1
09:03:42,1412.25,1
09:03:43,1412.25,1
09:03:44,1412.00,1
09:03:44,1412.25,2
09:03:47,1412.25,1
09:03:48,1412.25,1
09:03:51,1412.25,2
09:03:52,1412.00,1
09:03:52,1412.25,4
09:03:53,1412.25,6
09:03:54,1412.00,1
09:03:54,1412.25,1
09:03:59,1412.25,3
09:03:59,1412.50,4
09:03:59,1412.25,2
09:03:59,1412.50,1
09:03:59,1412.25,1
09:03:59,1412.50,3
09:03:59,1412.25,20
09:04:00,1412.50,1
09:04:00,1412.25,20
09:04:00,1412.50,4
09:04:00,1412.25,5
09:04:00,1412.50,1
09:04:00,1412.25,20
09:04:00,1412.50,1
09:04:00,1412.25,16
09:04:01,1412.50,1
09:04:01,1412.25,1
09:04:02,1412.50,2
09:04:03,1412.50,1
09:04:04,1412.25,1
09:04:04,1412.50,1
09:04:05,1412.25,1
09:04:05,1412.50,1
09:04:07,1412.25,1
09:04:07,1412.50,1
09:04:07,1412.25,1
09:04:08,1412.50,1
09:04:09,1412.50,2
09:04:10,1412.50,1
09:04:10,1412.25,1
09:04:10,1412.50,1
09:04:11,1412.50,1
09:04:11,1412.25,1
09:04:12,1412.25,6
09:04:12,1412.50,4
09:04:12,1412.25,9
09:04:12,1412.50,1
09:04:12,1412.25,2
09:04:13,1412.25,3
09:04:14,1412.00,10
09:04:16,1412.00,3
09:04:16,1412.25,1
09:04:17,1412.00,1
09:04:17,1412.25,1
09:04:17,1412.00,1
09:04:18,1412.00,1
09:04:18,1412.25,1
09:04:19,1412.00,1
09:04:19,1412.25,1
09:04:20,1412.25,1
09:04:21,1412.25,10
09:04:21,1412.00,2
09:04:22,1412.25,1
09:04:22,1412.00,2
09:04:22,1412.25,30
09:04:23,1412.00,1
09:04:24,1412.00,1
09:04:25,1412.25,2
09:04:27,1412.00,1
09:04:28,1412.25,1
09:04:31,1412.00,5
09:04:32,1412.25,1
09:04:35,1412.25,1
09:04:36,1412.25,1
09:04:36,1412.00,5
09:04:37,1412.00,4
09:04:37,1412.25,1
09:04:38,1412.00,1
09:04:40,1412.25,1
09:04:41,1412.25,1
09:04:42,1412.00,2
09:04:43,1412.25,2
09:04:44,1412.25,1
09:04:45,1412.25,1
09:04:45,1412.50,2
09:04:45,1412.25,6
09:04:45,1412.50,3
09:04:45,1412.25,15
09:04:46,1412.25,1
09:04:46,1412.00,1
09:04:46,1412.25,4
09:04:48,1412.25,1
09:04:49,1412.25,2
09:04:51,1412.25,2
09:04:52,1412.25,1
09:04:54,1412.25,1
09:04:55,1412.25,1
09:04:57,1412.25,3
09:04:58,1412.25,8
09:04:59,1412.25,1
09:05:00,1412.25,2
09:05:00,1412.00,4
09:05:00,1412.25,1
09:05:00,1412.00,1
09:05:00,1412.25,22
09:05:01,1412.25,3
09:05:01,1412.00,1
09:05:02,1412.25,1
09:05:04,1412.00,2
09:05:05,1412.25,1
09:05:05,1412.00,1
09:05:07,1412.25,7
09:05:08,1412.25,1
09:05:08,1412.00,1
09:05:11,1412.25,5
09:05:11,1412.00,10
09:05:12,1412.25,2
09:05:13,1412.00,6
09:05:14,1412.00,1
09:05:15,1412.00,1
09:05:15,1411.75,2
09:05:16,1412.00,5
09:05:18,1411.75,1
09:05:19,1411.75,3
09:05:20,1412.00,1
09:05:21,1412.00,1
09:05:22,1412.00,3
09:05:22,1411.75,1
09:05:22,1412.00,1
09:05:23,1412.00,1
09:05:24,1412.00,1
09:05:25,1412.00,3
09:05:26,1412.00,1
09:05:27,1411.75,2
09:05:27,1412.00,1
09:05:30,1411.75,1
09:05:30,1412.00,2
09:05:31,1412.00,3
09:05:32,1411.75,1
09:05:34,1411.75,1
09:05:35,1411.75,2
09:05:35,1411.50,1
09:05:35,1411.75,1
09:05:35,1411.50,2
09:05:35,1411.75,5
09:05:35,1411.50,1
09:05:35,1411.75,2
09:05:36,1411.50,2
09:05:37,1411.75,1
09:05:37,1411.50,2
09:05:38,1411.50,1
09:05:40,1411.75,7
09:05:40,1411.50,1
09:05:41,1411.50,1
09:05:42,1411.50,1
09:05:42,1411.75,1
09:05:43,1411.75,10
09:05:43,1411.50,2
09:05:44,1411.75,4
09:05:45,1411.50,1
09:05:46,1411.50,1
09:05:47,1411.75,6
09:05:48,1412.00,1
09:05:49,1412.00,1
09:05:50,1411.75,1
09:05:51,1411.75,1
09:05:53,1412.00,1
09:05:53,1411.75,1
09:05:53,1412.00,20
09:05:55,1411.75,1
09:05:56,1411.75,2
09:05:56,1412.00,2
09:05:57,1411.75,1
09:05:58,1411.75,14
09:05:58,1412.00,1
09:05:59,1412.00,5
09:06:00,1411.75,2
09:06:00,1412.00,1
09:06:00,1411.75,5
09:06:01,1411.75,4
09:06:03,1411.75,1
09:06:03,1411.50,2
09:06:04,1411.50,1
09:06:04,1411.75,1
09:06:05,1411.50,1
09:06:07,1411.75,1
09:06:09,1411.50,2
09:06:10,1411.50,1
09:06:11,1411.50,1
09:06:12,1411.50,2
09:06:13,1411.75,8
09:06:14,1411.50,5
09:06:16,1411.50,1
09:06:17,1411.75,1
09:06:17,1411.50,1
09:06:17,1411.75,1
09:06:18,1411.75,2
09:06:18,1411.50,2
09:06:19,1411.50,1
09:06:19,1411.75,1
09:06:20,1411.75,2
09:06:21,1411.75,1
09:06:21,1411.50,1
09:06:22,1411.75,4
09:06:23,1412.00,1
09:06:24,1411.75,1
09:06:24,1412.00,1
09:06:24,1411.75,1
09:06:25,1411.75,3
09:06:28,1411.75,10
09:06:30,1411.75,1
09:06:30,1411.50,1
09:06:30,1411.75,10
09:06:30,1411.50,1
09:06:30,1411.25,1
09:06:30,1411.50,50
09:06:30,1411.25,1
09:06:30,1411.75,2
09:06:30,1411.50,1
09:06:30,1411.25,1
09:06:30,1411.75,12
09:06:30,1411.50,1
09:06:30,1411.75,10
09:06:30,1411.50,1
09:06:30,1411.25,1
09:06:30,1411.50,50
09:06:30,1411.25,1
09:06:30,1411.75,2
09:06:30,1411.50,1
09:06:30,1411.25,1
09:06:30,1411.50,25
09:06:30,1411.75,8
09:06:30,1411.50,1
09:06:30,1411.75,1
09:06:30,1411.50,1
09:06:30,1411.75,2
09:06:30,1411.50,4
09:06:30,1411.75,1
09:06:30,1411.50,1
09:06:30,1411.75,6
09:06:30,1411.25,1
09:06:30,1411.50,2
09:06:30,1411.25,1
09:06:30,1411.50,26
09:06:30,1411.75,2
09:06:30,1411.50,1
09:06:30,1411.75,4
09:06:30,1411.50,10
09:06:31,1411.50,1
09:06:32,1411.50,26
09:06:32,1411.25,1
09:06:32,1411.50,26
09:06:33,1411.25,1
09:06:34,1411.25,1
09:06:35,1411.25,1
09:06:35,1411.00,2
09:06:35,1411.25,1
09:06:35,1411.00,35
09:06:35,1411.25,23
09:06:35,1411.00,1
09:06:35,1411.25,1
09:06:35,1411.00,4
09:06:35,1411.25,1
09:06:35,1411.00,2
09:06:35,1411.25,1
09:06:35,1411.00,2
09:06:35,1411.25,1
09:06:35,1411.00,1
09:06:35,1411.25,2
09:06:35,1411.00,8
09:06:36,1411.00,2
09:06:36,1411.25,2
09:06:36,1411.00,1
09:06:37,1411.25,3
09:06:37,1411.00,1
09:06:37,1411.25,1
09:06:37,1411.00,1
09:06:37,1411.25,2
09:06:37,1411.00,1
09:06:37,1411.25,2
09:06:38,1411.25,2
09:06:39,1411.25,1
09:06:40,1411.25,1
09:06:40,1411.50,1
09:06:40,1411.25,9
09:06:40,1411.50,1
09:06:40,1411.25,1
09:06:41,1411.25,8
09:06:41,1411.50,1
09:06:41,1411.25,2
09:06:41,1411.50,5
09:06:42,1411.25,2
09:06:42,1411.50,1
09:06:43,1411.50,1
09:06:44,1411.25,1
09:06:44,1411.50,51
09:06:45,1411.25,1
09:06:46,1411.50,1
09:06:46,1411.25,1
09:06:47,1411.25,1
09:06:49,1411.25,1
09:06:50,1411.25,1
09:06:51,1411.25,42
09:06:52,1411.00,1
09:06:52,1411.25,2
09:06:52,1411.00,6
09:06:52,1411.25,1
09:06:52,1411.00,2
09:06:53,1411.00,1
09:06:53,1411.25,1
09:06:55,1411.25,2
09:06:56,1411.25,1
09:06:56,1411.00,5
09:06:56,1411.25,1
09:06:56,1411.00,2
09:06:56,1411.25,1
09:06:56,1411.00,6
09:06:56,1411.25,1
09:06:56,1411.00,1
09:06:57,1411.00,7
09:06:57,1411.25,1
09:06:57,1411.00,1
09:06:57,1411.25,1
09:06:58,1411.00,1
09:06:58,1410.75,10
09:06:58,1411.00,2
09:06:58,1410.75,2
09:06:58,1411.25,5
09:06:58,1411.00,1
09:06:58,1410.75,1
09:06:58,1411.00,1
09:06:58,1410.75,1
09:06:58,1411.00,4
09:06:58,1410.75,1
09:06:58,1411.00,1
09:06:58,1410.75,13
09:06:58,1411.00,1
09:06:58,1410.75,3
09:06:58,1411.00,5
09:06:58,1410.75,5
09:06:58,1411.00,10
09:06:58,1410.75,9
09:06:59,1411.00,1
09:06:59,1410.75,10
09:06:59,1411.00,1
09:06:59,1410.75,1
09:07:00,1410.75,3
09:07:00,1411.00,1
09:07:00,1410.75,5
09:07:00,1411.00,1
09:07:00,1410.75,1
09:07:00,1411.00,1
09:07:00,1410.75,4
09:07:00,1411.00,1
09:07:01,1410.75,1
09:07:01,1411.00,4
09:07:01,1410.75,4
09:07:01,1411.00,4
09:07:01,1410.75,1
09:07:02,1411.00,4
09:07:02,1411.25,2
09:07:02,1411.00,1
09:07:02,1410.75,1
09:07:02,1411.00,1
09:07:02,1410.75,1
09:07:02,1411.00,3
09:07:03,1411.00,1
09:07:03,1411.25,10
09:07:03,1411.00,2
09:07:04,1411.25,10
09:07:04,1411.00,1
09:07:04,1411.25,1
09:07:04,1411.00,1
09:07:05,1411.00,1
09:07:05,1411.25,1
09:07:06,1411.00,1
09:07:06,1411.25,2
09:07:06,1411.00,2
09:07:06,1411.25,2
09:07:06,1411.00,1
09:07:07,1411.25,1
09:07:07,1411.00,6
09:07:07,1411.25,2
09:07:07,1411.00,3
09:07:07,1411.25,1
09:07:07,1411.00,1
09:07:08,1411.00,44
09:07:09,1411.00,1
09:07:09,1410.75,1
09:07:09,1411.00,1
09:07:09,1410.75,5
09:07:09,1411.00,3
09:07:10,1411.00,1
09:07:10,1410.75,2
09:07:11,1411.00,20
09:07:11,1410.75,2
09:07:11,1411.00,3
09:07:11,1411.25,1
09:07:11,1411.00,2
09:07:11,1411.25,1
09:07:11,1411.00,1
09:07:11,1411.25,2
09:07:11,1411.00,18
09:07:11,1411.25,1
09:07:11,1411.00,1
09:07:11,1411.25,1
09:07:11,1411.00,2
09:07:12,1411.00,1
09:07:13,1411.00,1
09:07:13,1410.75,1
09:07:13,1411.00,1
09:07:13,1410.75,3
09:07:13,1411.00,1
09:07:14,1411.00,1
09:07:14,1410.75,1
09:07:14,1411.00,1
09:07:14,1410.75,3
09:07:14,1411.00,3
09:07:14,1410.75,20
09:07:14,1411.00,2
09:07:14,1410.75,1
09:07:14,1411.00,1
09:07:14,1410.75,15
09:07:15,1411.00,2
09:07:15,1410.75,4
09:07:15,1411.00,1
09:07:15,1410.75,25
09:07:15,1411.00,1
09:07:15,1410.75,2
09:07:17,1411.00,2
09:07:17,1410.75,2
09:07:18,1411.00,5
09:07:18,1410.75,8
09:07:18,1411.00,1
09:07:18,1410.75,1
09:07:18,1411.00,2
09:07:18,1410.75,1
09:07:18,1411.00,1
09:07:19,1410.75,2
09:07:20,1411.00,1
09:07:20,1410.75,1
09:07:20,1411.00,1
09:07:21,1411.00,1
09:07:22,1410.75,2
09:07:22,1411.00,5
09:07:22,1410.75,1
09:07:22,1411.00,10
09:07:22,1410.75,1
09:07:22,1411.00,8
09:07:22,1410.75,1
09:07:23,1411.00,1
09:07:23,1410.75,1
09:07:24,1410.75,6
09:07:24,1411.00,6
09:07:24,1410.75,8
09:07:25,1410.75,3
09:07:25,1411.00,4
09:07:26,1410.75,1
09:07:26,1411.00,8
09:07:26,1410.75,4
09:07:27,1410.75,1
09:07:27,1411.00,2
09:07:28,1410.75,4
09:07:29,1410.75,1
09:07:29,1411.00,1
09:07:29,1410.75,1
09:07:30,1410.75,2
09:07:31,1410.75,1
09:07:31,1411.00,1
09:07:32,1411.00,4
09:07:32,1410.75,2
09:07:32,1411.00,2
09:07:33,1410.75,10
09:07:34,1410.75,1
09:07:34,1411.00,11
09:07:34,1410.75,1
09:07:35,1410.75,1
09:07:35,1411.00,5
09:07:35,1410.75,1
09:07:35,1411.00,1
09:07:37,1411.00,1
09:07:38,1411.00,1
09:07:39,1411.00,3
09:07:39,1410.75,1
09:07:39,1411.00,1
09:07:40,1411.00,2
09:07:41,1411.25,3
09:07:42,1411.25,2
09:07:42,1411.00,1
09:07:42,1411.25,2
09:07:43,1411.25,5
09:07:44,1411.25,1
09:07:44,1411.00,1
09:07:45,1411.25,2
09:07:46,1411.00,1
09:07:46,1411.25,1
09:07:46,1411.00,1
09:07:47,1411.00,1
09:07:48,1411.25,1
09:07:48,1411.00,1
09:07:49,1411.25,1
09:07:50,1411.25,1
09:07:51,1411.00,8
09:07:51,1411.25,1
09:07:51,1411.00,1
09:07:51,1411.25,1
09:07:51,1411.00,2
09:07:52,1411.25,1
09:07:53,1411.25,1
09:07:54,1411.25,1
09:07:56,1411.25,1
09:07:57,1411.00,1
09:07:57,1411.25,3
09:07:57,1411.00,1
09:07:57,1411.25,2
09:07:57,1411.00,3
09:07:58,1411.00,5
09:07:58,1411.25,2
09:07:58,1411.00,4
09:07:59,1411.25,1
09:08:00,1411.25,2
09:08:01,1411.25,3
09:08:02,1411.25,7
09:08:03,1411.25,1
09:08:04,1411.25,3
09:08:04,1411.00,1
09:08:04,1411.25,8
09:08:04,1411.00,1
09:08:04,1411.25,1
09:08:05,1411.25,1
09:08:06,1411.25,5
09:08:07,1411.25,1
09:08:09,1411.50,1
09:08:09,1411.25,1
09:08:09,1411.50,1
09:08:09,1411.25,15
09:08:09,1411.50,1
09:08:10,1411.25,1
09:08:11,1411.50,1
09:08:11,1411.25,10
09:08:11,1411.50,2
09:08:11,1411.25,1
09:08:11,1411.50,2
09:08:11,1411.25,4
09:08:11,1411.50,2
09:08:12,1411.50,1
09:08:13,1411.50,2
09:08:14,1411.50,16
09:08:15,1411.50,1
09:08:17,1411.25,1
09:08:17,1411.50,1
09:08:17,1411.25,2
09:08:17,1411.50,1
09:08:17,1411.25,44
09:08:18,1411.25,4
09:08:18,1411.50,1
09:08:18,1411.25,2
09:08:20,1411.25,1
09:08:21,1411.50,1
09:08:22,1411.25,1
09:08:23,1411.25,1
09:08:28,1411.50,20
09:08:29,1411.25,1
09:08:30,1411.25,1
09:08:31,1411.25,1
09:08:31,1411.50,3
09:08:31,1411.25,1
09:08:32,1411.25,1
09:08:33,1411.50,1
09:08:34,1411.50,2
09:08:35,1411.50,1
09:08:35,1411.75,2
09:08:35,1411.50,20
09:08:36,1411.75,4
09:08:37,1411.75,4
09:08:39,1411.75,1
09:08:41,1411.75,2
09:08:41,1411.50,1
09:08:42,1411.50,1
09:08:42,1411.75,1
09:08:44,1411.75,1
09:08:45,1411.75,1
09:08:46,1411.75,1
09:08:47,1411.75,4
09:08:50,1411.75,1
09:08:51,1411.75,2
09:08:51,1411.50,5
09:08:51,1411.75,1
09:08:52,1411.50,2
09:08:53,1411.50,3
09:08:55,1411.50,1
09:08:55,1411.75,10
09:08:57,1411.75,1
09:08:58,1411.75,1
09:08:58,1412.00,3
09:08:58,1411.75,1
09:08:58,1412.00,3
09:08:59,1412.00,1
09:09:00,1412.00,1
09:09:00,1411.75,3
09:09:00,1412.00,1
09:09:00,1411.75,1
09:09:00,1412.00,1
09:09:01,1412.00,1
09:09:01,1411.75,1
09:09:02,1412.00,1
09:09:03,1412.00,1
09:09:04,1412.00,1
09:09:05,1412.00,1
09:09:07,1411.75,1
09:09:08,1411.75,3
09:09:09,1411.75,4
09:09:09,1411.50,1
09:09:09,1411.75,1
09:09:09,1411.50,2
09:09:09,1411.75,1
09:09:10,1411.75,2
09:09:11,1411.75,1
09:09:13,1411.75,1
09:09:13,1411.50,1
09:09:13,1411.75,7
09:09:16,1411.75,1
09:09:19,1411.50,1
09:09:20,1411.75,1
09:09:20,1411.50,1
09:09:21,1411.75,1
09:09:22,1411.50,3
09:09:23,1411.75,1
09:09:23,1411.50,4
09:09:24,1411.75,1
09:09:25,1411.75,1
09:09:26,1411.75,4
09:09:28,1411.75,1
09:09:30,1411.75,1
09:09:31,1411.75,1
09:09:32,1411.75,3
09:09:33,1411.75,1
09:09:34,1411.75,1
09:09:36,1411.75,2
09:09:37,1411.75,1
09:09:38,1412.00,4
09:09:38,1411.75,3
09:09:38,1412.00,2
09:09:38,1411.75,15
09:09:38,1412.00,14
09:09:38,1411.75,1
09:09:38,1412.00,1
09:09:38,1411.75,1
09:09:38,1412.00,1
09:09:38,1411.75,3
09:09:38,1412.00,15
09:09:38,1411.75,31
09:09:38,1412.00,4
09:09:38,1411.75,3
09:09:38,1412.00,1
09:09:38,1411.75,20
09:09:38,1412.00,5
09:09:39,1411.75,1
09:09:39,1412.00,1
09:09:40,1412.00,1
09:09:42,1412.00,5
09:09:43,1412.00,1
09:09:43,1412.25,1
09:09:43,1412.00,2
09:09:43,1412.25,1
09:09:43,1412.00,2
09:09:43,1412.25,2
09:09:43,1412.00,1
09:09:43,1411.75,25
09:09:43,1412.00,2
09:09:44,1412.00,1
09:09:44,1411.75,5
09:09:46,1412.00,2
09:09:47,1412.00,4
09:09:48,1412.00,4
09:09:49,1412.00,1
09:09:50,1412.00,1
09:09:51,1412.00,3
09:09:52,1412.00,1
09:09:52,1411.75,2
09:09:53,1412.00,1
09:09:53,1411.75,2
09:09:54,1412.00,8
09:09:54,1412.25,4
09:09:54,1412.00,5
09:09:54,1412.25,1
09:09:54,1412.00,1
09:09:54,1412.25,2
09:09:54,1412.00,1
09:09:54,1412.25,4
09:09:54,1412.00,1
09:09:54,1412.25,5
09:09:54,1412.00,1
09:09:55,1411.75,20
09:09:56,1412.00,8
09:09:56,1411.75,1
09:09:56,1412.00,1
09:09:57,1411.75,1
09:09:57,1412.00,1
09:09:58,1412.00,10
09:09:58,1411.75,1
09:09:58,1412.00,1
09:09:59,1412.00,1
09:10:00,1412.00,1
09:10:01,1412.00,5
09:10:01,1411.75,1
09:10:01,1412.00,2
09:10:02,1412.00,5
09:10:02,1411.75,1
09:10:02,1412.00,1
09:10:03,1412.00,1
09:10:04,1412.00,2
09:10:05,1411.75,1
09:10:05,1411.50,2
09:10:05,1411.75,4
09:10:05,1412.00,5
09:10:05,1411.75,13
09:10:06,1411.75,1
09:10:06,1412.00,1
09:10:06,1411.75,5
09:10:07,1412.00,5
09:10:07,1411.75,2
09:10:09,1412.00,2
09:10:10,1411.75,2
09:10:10,1412.00,3
09:10:10,1411.75,1
09:10:11,1411.75,2
09:10:14,1411.50,1
09:10:15,1411.75,1
09:10:16,1411.75,1
09:10:17,1411.50,1
09:10:18,1411.50,1
09:10:19,1411.50,1
09:10:19,1411.75,1
09:10:19,1411.50,20
09:10:20,1411.75,1
09:10:21,1411.50,15
09:10:21,1411.75,1
09:10:22,1411.50,10
09:10:24,1411.75,1
09:10:25,1411.75,4
09:10:27,1411.75,1
09:10:28,1411.75,9
09:10:29,1411.75,1
09:10:30,1411.75,4
09:10:31,1411.75,8
09:10:32,1411.75,1
09:10:32,1411.50,19
09:10:33,1411.50,2
09:10:36,1411.75,1
09:10:38,1411.50,1
09:10:39,1411.50,4
09:10:40,1411.75,1
09:10:40,1411.50,1
09:10:40,1411.75,4
09:10:41,1411.75,4
09:10:47,1411.50,2
09:10:48,1411.50,2
09:10:49,1411.75,3
09:10:50,1411.75,6
09:10:50,1411.50,1
09:10:50,1411.75,2
09:10:51,1411.75,4
09:10:53,1411.75,1
09:10:55,1411.75,1
09:10:56,1411.75,1
09:10:57,1411.75,17
09:10:58,1411.75,1
09:10:59,1412.00,3
09:11:01,1411.75,2
09:11:02,1411.75,6
09:11:03,1411.75,1
09:11:03,1412.00,1
09:11:03,1411.75,2
09:11:06,1411.75,1
09:11:08,1411.75,3
09:11:09,1411.75,1
09:11:10,1411.75,1
09:11:11,1411.75,2
09:11:13,1411.75,2
09:11:14,1411.75,1
09:11:15,1411.75,2
09:11:16,1411.75,1
09:11:17,1411.75,8
09:11:18,1411.75,1
09:11:19,1411.75,2
09:11:21,1411.75,1
09:11:23,1412.00,1
09:11:24,1411.75,23
09:11:25,1411.75,1
09:11:28,1412.00,1
09:11:28,1411.75,6
09:11:28,1412.00,2
09:11:29,1412.00,2
09:11:31,1412.00,2
09:11:31,1411.75,25
09:11:31,1412.00,1
09:11:35,1412.00,1
09:11:37,1412.00,9
09:11:38,1412.00,6
09:11:40,1412.00,1
09:11:41,1412.00,50
09:11:42,1412.25,2
09:11:42,1412.00,1
09:11:42,1412.25,3
09:11:43,1412.25,1
09:11:45,1412.25,1
09:11:46,1412.50,24
09:11:46,1412.25,4
09:11:46,1412.50,1
09:11:47,1412.25,1
09:11:47,1412.50,8
09:11:47,1412.25,5
09:11:47,1412.50,1
09:11:48,1412.50,1
09:11:49,1412.50,1
09:11:49,1412.25,1
09:11:49,1412.50,1
09:11:49,1412.25,5
09:11:50,1412.25,1
09:11:50,1412.50,1
09:11:50,1412.25,5
09:11:50,1412.50,1
09:11:50,1412.25,1
09:11:51,1412.50,2
09:11:52,1412.50,4
09:11:52,1412.25,5
09:11:52,1412.50,1
09:11:52,1412.25,9
09:11:53,1412.25,1
09:11:53,1412.50,3
09:11:53,1412.25,2
09:11:54,1412.25,1
09:11:54,1412.50,2
09:11:54,1412.25,2
09:11:55,1412.25,1
09:11:55,1412.50,5
09:11:55,1412.25,1
09:11:56,1412.25,1
09:11:56,1412.50,9
09:11:57,1412.25,2
09:11:58,1412.25,3
09:11:59,1412.25,1
09:12:00,1412.25,2
09:12:00,1412.50,2
09:12:00,1412.25,1
09:12:00,1412.50,2
09:12:01,1412.25,1
09:12:01,1412.50,1
09:12:01,1412.25,1
09:12:02,1412.25,1
09:12:03,1412.25,2
09:12:04,1412.25,1
09:12:05,1412.25,1
09:12:07,1412.25,6
09:12:08,1412.25,1
09:12:08,1412.00,3
09:12:09,1412.00,1
09:12:10,1412.25,5
09:12:11,1412.25,8
09:12:15,1412.00,1
09:12:16,1412.00,1
09:12:17,1412.00,1
09:12:18,1412.00,1
09:12:18,1411.75,1
09:12:18,1412.00,2
09:12:19,1412.00,3
09:12:22,1412.00,2
09:12:24,1412.00,11
09:12:25,1412.00,7
09:12:26,1412.00,2
09:12:27,1411.75,2
09:12:27,1412.00,1
09:12:28,1412.00,8
09:12:29,1411.75,1
09:12:30,1411.75,1
09:12:30,1412.00,1
09:12:31,1411.75,2
09:12:32,1412.00,6
09:12:32,1411.75,2
09:12:32,1412.00,2
09:12:32,1411.75,1
09:12:33,1411.75,2
09:12:34,1412.00,1
09:12:34,1411.75,1
09:12:34,1412.00,4
09:12:35,1411.75,1
09:12:38,1411.75,3
09:12:39,1411.75,5
09:12:40,1411.50,1
09:12:41,1411.75,1
09:12:42,1411.75,1
09:12:42,1411.50,1
09:12:43,1411.50,1
09:12:45,1411.50,2
09:12:45,1411.25,2
09:12:45,1411.50,2
09:12:45,1411.25,1
09:12:45,1411.50,2
09:12:45,1411.25,2
09:12:45,1411.50,2
09:12:45,1411.25,2
09:12:45,1411.50,1
09:12:46,1411.50,1
09:12:48,1411.50,1
09:12:48,1411.25,1
09:12:48,1411.50,2
09:12:49,1411.25,1
09:12:49,1411.50,7
09:12:50,1411.25,1
09:12:52,1411.25,1
09:12:54,1411.25,1
09:12:54,1411.50,2
09:12:54,1411.25,2
09:12:54,1411.50,8
09:12:55,1411.25,1
09:12:56,1411.50,1
09:12:57,1411.50,1
09:12:57,1411.25,1
09:12:57,1411.50,15
09:12:57,1411.25,1
09:12:58,1411.25,2
09:12:58,1411.50,1
09:12:59,1411.25,1
09:12:59,1411.50,1
09:12:59,1411.25,1
09:12:59,1411.50,7
09:13:00,1411.25,1
09:13:00,1411.50,1
09:13:00,1411.25,10
09:13:01,1411.25,1
09:13:01,1411.50,1
09:13:01,1411.25,7
09:13:02,1411.25,1
09:13:03,1411.50,2
09:13:03,1411.25,20
09:13:03,1411.50,2
09:13:03,1411.25,3
09:13:03,1411.50,1
09:13:03,1411.25,4
09:13:04,1411.25,1
09:13:04,1411.00,1
09:13:04,1411.25,5
09:13:04,1411.00,2
09:13:04,1411.25,2
09:13:04,1411.00,1
09:13:04,1411.25,5
09:13:04,1411.50,1
09:13:04,1411.25,1
09:13:04,1411.00,1
09:13:04,1411.25,1
09:13:04,1411.00,2
09:13:05,1411.25,1
09:13:05,1411.00,1
09:13:05,1411.25,2
09:13:06,1411.00,7
09:13:06,1411.25,1
09:13:07,1411.00,1
09:13:07,1411.25,1
09:13:08,1411.00,2
09:13:08,1411.25,1
09:13:08,1411.00,1
09:13:08,1411.25,2
09:13:09,1411.00,1
09:13:09,1411.25,1
