13:00:00.12800,1911.000,0
13:00:00.28100,1910.750,102
13:00:00.32000,1910.750,1
13:00:00.44900,1910.750,1
13:00:00.75300,1910.750,9
13:00:00.77700,1910.750,37
13:00:00.90200,1910.750,18
13:00:01.37100,1910.750,9
13:00:02.14400,1911.000,3
13:00:02.49600,1910.750,1
13:00:03.68700,1910.750,1
13:00:03.97200,1910.750,1
13:00:04.92900,1910.750,2
13:00:06.24200,1910.750,26
13:00:06.55000,1910.750,1
13:00:06.76900,1910.750,1
13:00:07.19100,1910.750,1
13:00:08.92100,1910.750,1
13:00:09.58200,1911.000,111
13:00:10.28500,1911.000,1
13:00:11.23400,1911.000,2
13:00:12.37500,1911.000,1
13:00:13.15600,1911.250,57
13:00:13.48000,1911.250,2
13:00:14.75000,1911.250,1
13:00:14.96800,1911.500,25
13:00:15.14400,1911.500,1
13:00:16.17500,1911.500,1
13:00:16.54600,1911.500,1
13:00:17.84300,1911.500,1
13:00:18.23400,1911.250,1
13:00:19.33200,1911.250,66
13:00:21.61300,1911.250,7
13:00:23.57400,1911.250,1
13:00:25.08200,1911.000,1
13:00:25.18300,1911.250,1
13:00:27.44500,1911.250,32
13:00:27.93700,1911.250,29
13:00:28.81200,1911.250,4
13:00:31.24200,1911.250,8
13:00:31.78100,1911.250,10
13:00:33.58900,1911.250,1
13:00:35.07000,1911.000,1
13:00:36.46000,1911.250,35
13:00:40.59700,1911.500,60
13:00:40.93700,1911.500,28
13:00:42.08500,1911.500,2
13:00:42.51100,1911.500,2
13:00:42.80800,1911.500,1
13:00:43.75700,1911.500,7
13:00:44.02300,1911.250,38
13:00:44.27700,1911.500,1
13:00:45.59700,1911.250,1
13:00:46.00000,1911.500,17
13:00:46.12100,1911.500,70
13:00:46.57800,1911.500,1
13:00:48.65200,1911.500,16
13:00:50.42500,1911.750,2
13:00:51.28900,1911.500,63
13:00:51.76900,1911.500,1
13:00:52.41000,1911.500,1
13:00:52.66400,1911.750,33
13:00:53.17500,1911.750,54
13:00:53.31600,1911.750,12
13:00:53.55800,1912.000,3
13:00:54.01900,1911.750,80
13:00:54.56200,1911.750,1
13:00:55.69900,1912.000,2
13:00:55.90600,1912.000,2
13:00:57.70700,1912.000,5
13:00:58.60500,1912.000,1
13:00:58.79600,1912.000,2
13:00:59.21400,1912.000,5
13:00:59.59300,1912.000,19
13:00:59.80400,1912.000,117
13:01:01.15600,1912.000,103
13:01:01.26500,1912.000,3
13:01:01.30000,1912.000,73
13:01:02.09700,1912.000,12
13:01:02.50000,1912.000,2
13:01:03.13200,1911.750,1
13:01:03.81600,1912.000,1
13:01:04.80000,1912.000,10
13:01:05.14800,1912.000,14
13:01:05.43300,1912.000,1
13:01:05.59300,1912.000,1
13:01:05.80800,1912.250,150
13:01:06.63600,1912.250,1
13:01:07.62800,1912.250,5
13:01:07.84300,1912.250,2
13:01:07.94100,1912.250,4
13:01:08.46800,1912.250,4
13:01:09.41400,1912.250,1
13:01:09.76100,1912.250,3
13:01:12.46800,1912.000,1
13:01:13.71400,1912.000,236
13:01:13.91000,1912.000,1
13:01:14.49600,1912.000,67
13:01:15.82800,1912.250,43
13:01:16.78500,1912.250,1
13:01:17.00300,1912.500,10
13:01:17.01500,1912.500,1
13:01:17.88200,1912.500,1
13:01:18.48400,1912.500,1
13:01:18.94100,1912.250,1
13:01:19.08500,1912.500,1
13:01:19.22600,1912.500,8
13:01:19.58900,1912.500,1
13:01:19.78900,1912.500,95
13:01:21.46400,1912.500,1
13:01:21.78500,1912.500,1
13:01:21.83900,1912.500,5
13:01:25.16700,1912.500,1
13:01:25.68300,1912.250,77
13:01:27.49200,1912.250,1
13:01:27.82800,1912.250,19
13:01:28.08200,1912.000,3
13:01:29.08200,1912.250,1
13:01:29.96000,1912.250,31
13:01:30.72600,1912.250,24
13:01:32.05000,1912.250,36
13:01:32.71000,1912.250,17
13:01:33.79600,1912.250,1
13:01:34.03900,1912.250,2
13:01:36.43700,1912.250,1
13:01:39.54200,1912.000,143
13:01:40.31600,1912.000,54
13:01:41.86700,1912.250,1
13:01:42.69100,1912.250,17
13:01:43.32800,1912.250,3
13:01:44.49600,1912.250,41
13:01:44.77300,1912.250,8
13:01:45.35900,1912.000,18
13:01:46.31600,1912.000,1
13:01:47.78500,1912.250,2
13:01:51.76900,1912.000,1
13:01:52.10100,1912.250,3
13:01:53.84700,1912.250,202
13:01:54.26900,1912.500,23
13:01:54.38200,1912.500,57
13:01:54.39800,1912.500,1
13:01:54.90200,1912.750,8
13:01:55.07800,1912.500,1
13:01:55.86300,1912.750,77
13:01:56.22200,1912.750,1
13:01:56.94500,1912.750,1
13:01:57.28500,1912.750,1
13:01:57.82400,1912.750,1
13:01:58.20700,1912.500,1
13:01:58.30000,1912.750,2
13:01:58.63600,1912.750,2
13:01:59.60900,1912.750,18
13:01:59.66400,1912.750,10
13:01:59.74600,1912.750,10
13:01:59.84300,1912.750,2
13:02:00.37500,1912.750,7
13:02:00.53100,1912.750,12
13:02:01.39800,1912.750,2
13:02:03.57800,1912.750,2
13:02:04.16700,1912.750,6
13:02:04.37500,1912.750,1
13:02:04.82400,1912.750,1
13:02:05.33200,1912.500,1
13:02:05.84300,1912.500,1
13:02:06.36300,1912.500,147
13:02:07.95700,1912.250,3
13:02:08.21400,1912.250,1
13:02:08.64800,1912.250,54
13:02:09.80000,1912.250,21
13:02:10.20300,1912.250,1
13:02:10.33900,1912.250,4
13:02:10.64800,1912.250,8
13:02:11.48800,1912.250,2
13:02:11.91400,1912.250,10
13:02:13.66400,1912.250,1
13:02:14.33500,1912.000,3
13:02:14.39400,1912.250,1
13:02:17.40200,1912.000,1
13:02:21.12100,1912.000,1
13:02:23.52700,1912.500,61
13:02:25.92500,1912.500,2
13:02:26.17100,1912.500,2
13:02:27.32800,1912.250,9
13:02:28.64400,1912.250,1
13:02:32.15600,1912.250,54
13:02:32.78500,1912.250,64
13:02:34.68300,1912.000,1
13:02:38.58200,1912.000,1
13:02:38.89800,1912.250,86
13:02:40.01500,1912.250,1
13:02:43.13600,1912.250,9
13:02:47.32400,1912.250,2
13:02:48.21400,1912.250,1
13:02:48.57000,1912.250,1
13:02:48.64800,1912.250,215
13:02:49.83500,1912.250,1
13:02:51.32000,1912.000,123
13:02:51.74600,1911.750,4
13:02:51.84700,1911.750,3
13:02:52.13600,1911.750,54
13:02:52.14800,1911.500,54
13:02:53.60500,1911.500,1
13:02:53.69100,1911.500,1
13:02:54.25700,1911.750,1
13:02:54.69100,1911.750,63
13:02:55.47600,1911.750,56
13:02:55.82400,1911.750,11
13:02:55.96000,1911.750,33
13:02:56.45700,1911.500,10
13:02:56.72600,1911.750,5
13:02:57.25300,1911.750,6
13:02:57.43300,1911.750,1
13:02:57.60100,1911.750,5
13:02:57.81600,1911.750,1
13:02:58.32400,1911.750,5
13:03:03.34300,1911.750,94
13:03:03.79200,1911.750,6
13:03:03.95700,1911.500,141
13:03:04.13200,1911.250,695
13:03:04.47200,1911.250,57
13:03:04.93700,1911.500,169
13:03:05.08900,1911.500,102
13:03:06.86300,1911.500,2
13:03:08.83500,1911.250,5
13:03:09.15200,1911.250,10
13:03:09.46400,1911.250,10
13:03:09.60100,1911.250,18
13:03:09.75000,1911.250,5
13:03:10.03100,1911.250,1
13:03:10.18300,1911.250,1
13:03:10.48800,1911.250,5
13:03:10.64800,1911.250,5
13:03:10.82800,1911.250,6
13:03:11.26500,1911.250,34
13:03:11.26900,1911.250,42
13:03:11.27700,1911.250,2
13:03:11.62100,1911.250,26
13:03:12.03500,1911.250,58
13:03:12.28900,1911.250,1
13:03:12.63600,1911.250,1
13:03:13.33900,1911.250,1
13:03:13.57000,1911.250,61
13:03:14.42500,1911.250,1
13:03:15.51100,1911.250,4
13:03:16.22200,1911.250,1
13:03:16.30400,1911.250,1
13:03:16.68700,1911.250,8
13:03:17.07800,1911.250,30
13:03:18.22600,1911.250,3
13:03:20.54600,1911.500,1
13:03:20.96000,1911.250,1
13:03:22.02300,1911.250,47
13:03:22.87100,1911.500,1
13:03:29.55800,1911.500,147
13:03:29.85500,1911.500,4
13:03:30.75000,1911.500,60
13:03:31.07000,1911.500,37
13:03:34.06600,1911.500,62
13:03:34.71000,1911.500,2
13:03:38.27300,1911.500,2
13:03:42.86700,1911.250,1
13:03:43.26100,1911.250,1
13:03:43.52300,1911.500,5
13:03:44.00300,1911.250,1
13:03:44.23800,1911.500,44
13:03:44.32000,1911.250,19
13:03:44.79200,1911.250,18
13:03:45.13600,1911.250,2
13:03:47.94100,1911.250,2
13:03:49.97200,1911.250,20
13:03:54.25000,1911.000,2
13:03:56.53100,1911.000,25
13:03:56.63600,1911.000,33
13:03:57.31600,1911.000,155
13:03:58.15200,1911.000,1
13:03:58.73000,1911.000,1
13:03:58.78900,1911.000,2
13:03:59.90200,1911.000,1
13:04:02.36300,1911.000,3
13:04:04.21800,1911.250,119
13:04:04.27700,1911.250,1
13:04:04.48800,1911.250,5
13:04:04.85100,1911.250,92
13:04:06.33900,1911.250,3
13:04:08.60900,1911.250,5
13:04:10.00000,1911.250,8
13:04:10.48800,1911.250,24
13:04:11.53500,1911.250,23
13:04:11.61300,1911.250,3
13:04:12.05400,1911.250,9
13:04:12.55800,1911.250,29
13:04:13.68700,1911.250,1
13:04:14.09300,1911.250,1
13:04:14.84300,1911.250,22
13:04:15.04600,1911.250,1
13:04:15.17500,1911.250,2
13:04:15.57800,1911.250,10
13:04:16.54200,1911.250,4
13:04:16.71800,1911.250,21
13:04:17.25700,1911.250,4
13:04:21.91700,1911.250,5
13:04:22.55800,1911.250,1
13:04:23.64400,1911.000,1
13:04:23.89000,1911.250,1
13:04:29.07800,1911.250,1
13:04:30.53500,1911.000,177
13:04:30.89000,1911.000,1
13:04:31.64000,1911.000,1
13:04:32.37800,1910.750,6
13:04:32.80000,1910.750,12
13:04:33.46800,1911.000,2
13:04:34.81200,1911.000,1
13:04:36.54600,1910.750,1
13:04:37.38200,1910.750,150
13:04:38.19500,1910.750,33
13:04:38.19500,1910.750,5
13:04:38.58200,1910.750,1
13:04:39.08500,1910.500,7
13:04:39.85500,1910.750,1
13:04:40.19500,1910.500,69
13:04:40.54600,1910.500,1
13:04:40.71800,1910.500,3
13:04:41.62100,1910.500,11
13:04:42.37100,1910.500,3
13:04:42.92900,1910.500,6
13:04:43.75300,1910.500,5
13:04:45.48000,1910.500,1
13:04:47.44900,1910.500,1
13:04:47.96000,1910.750,1
13:04:49.11700,1910.500,1
13:04:50.75700,1910.500,1
13:04:52.45700,1910.500,1
13:04:52.82400,1910.500,1
13:04:53.47600,1910.500,1
13:04:53.65600,1910.500,5
13:04:55.57000,1910.750,160
13:04:56.34700,1911.250,217
13:04:59.70700,1911.250,178
13:04:59.87100,1911.250,4
13:05:00.23400,1911.250,3
13:05:00.73400,1911.250,59
13:05:01.56200,1911.250,33
13:05:02.18300,1911.250,6
13:05:02.77700,1911.250,33
13:05:03.15600,1911.250,8
13:05:03.90600,1911.250,6
13:05:04.22200,1911.250,25
13:05:05.57400,1911.250,24
13:05:06.00700,1911.250,9
13:05:06.22200,1911.250,10
13:05:10.01500,1911.250,82
13:05:10.08900,1911.250,2
13:05:10.21400,1911.250,9
13:05:10.45300,1911.000,3
13:05:14.34700,1911.000,1
13:05:17.91000,1911.250,2
13:05:21.78500,1911.250,1
13:05:23.09300,1911.250,1
13:05:25.70700,1911.250,1
13:05:27.03100,1911.250,11
13:05:27.96000,1911.250,2
13:05:30.90200,1911.000,1
13:05:32.39000,1911.000,1
13:05:34.59300,1911.000,1
13:05:35.67100,1911.000,90
13:05:38.00300,1911.000,1
13:05:39.61300,1911.000,1
13:05:40.21000,1911.000,1
13:05:42.56200,1911.000,1
13:05:45.26500,1911.000,1
13:05:47.86700,1911.000,1
13:05:49.67900,1911.250,88
13:05:49.68700,1911.250,43
13:05:50.06600,1911.000,1
13:05:50.29600,1911.000,2
13:05:50.53900,1911.000,5
13:05:53.13200,1911.000,77
13:05:53.68300,1911.000,2
13:05:54.05000,1911.000,3
13:05:54.72600,1911.000,6
13:05:55.02300,1911.000,2
13:05:55.15200,1910.750,1
13:05:58.20700,1911.000,21
13:05:59.37800,1911.000,1
13:06:02.78500,1910.750,3
13:06:03.78500,1911.000,5
13:06:04.28900,1911.000,32
13:06:04.53500,1911.250,1
13:06:05.17500,1911.000,2
13:06:06.82800,1911.250,162
13:06:07.84700,1911.250,21
13:06:08.47600,1911.500,1
13:06:09.02300,1911.500,2
13:06:10.36700,1911.250,34
13:06:11.01900,1911.250,11
13:06:11.17900,1911.500,1
13:06:17.37800,1911.250,2
13:06:18.86700,1911.500,1
13:06:20.20300,1911.250,2
13:06:20.83500,1911.250,11
13:06:24.59700,1911.250,9
13:06:25.04200,1911.250,6
13:06:29.96400,1911.250,1
13:06:31.60900,1911.250,1
13:06:32.22600,1911.500,206
13:06:35.02300,1911.750,13
13:06:36.92900,1911.500,1
13:06:37.21800,1911.750,1
13:06:38.30400,1911.750,200
13:06:38.45300,1911.750,132
13:06:38.65600,1912.000,2
13:06:38.94500,1912.000,5
13:06:40.23000,1912.000,1
13:06:41.14400,1911.750,2
13:06:41.54600,1911.750,4
13:06:42.09300,1911.750,46
13:06:42.47600,1911.750,1
13:06:47.60100,1911.750,1
13:06:50.11700,1911.750,1
13:06:51.86300,1911.500,5
13:06:55.44100,1911.500,84
13:07:02.41000,1911.250,6
13:07:05.55400,1911.500,126
13:07:05.67100,1911.500,17
13:07:05.67100,1911.500,11
13:07:05.80000,1911.500,15
13:07:06.33900,1911.500,19
13:07:06.50700,1911.500,1
13:07:06.88200,1911.500,45
13:07:06.97200,1911.500,1
13:07:10.34300,1911.250,1
13:07:10.71400,1911.250,2
13:07:12.68300,1911.500,1
13:07:13.18300,1911.250,1
13:07:13.38600,1911.250,1
13:07:14.10500,1911.250,121
13:07:14.23000,1911.250,1
13:07:14.30000,1911.250,1
13:07:14.93300,1911.250,10
13:07:15.41700,1911.250,12
13:07:20.16000,1911.250,6
13:07:22.88200,1911.250,79
13:07:23.05000,1911.250,43
13:07:23.91700,1911.000,120
13:07:26.76900,1911.250,34
13:07:26.91700,1911.250,70
13:07:28.78900,1911.250,3
13:07:29.37500,1911.250,14
13:07:30.44900,1911.250,10
13:07:31.03900,1911.250,7
13:07:31.28500,1911.250,1
13:07:32.66400,1911.250,11
13:07:33.53900,1911.500,1
13:07:36.71000,1911.250,9
13:07:36.72200,1911.500,179
13:07:37.65600,1911.500,3
13:07:40.40600,1911.500,20
13:07:41.89800,1911.750,66
13:07:42.26900,1911.750,31
13:07:43.80800,1911.750,3
13:07:44.25000,1911.500,3
13:07:46.03100,1911.500,3
13:07:50.21400,1911.500,1
13:07:52.08500,1911.750,1
13:07:53.79600,1911.500,23
13:07:54.03900,1911.500,76
13:07:55.94500,1911.500,1
13:07:58.16400,1911.250,1
13:08:02.42500,1911.250,3
13:08:03.50300,1911.500,3
13:08:04.61300,1911.250,2
13:08:06.01100,1911.500,5
13:08:08.09300,1911.250,2
13:08:08.31600,1911.250,2
13:08:10.02700,1911.250,1
13:08:10.54200,1911.250,2
13:08:15.61300,1911.250,1
13:08:16.79600,1911.500,1
13:08:17.94900,1911.250,1
13:08:18.59700,1911.250,1
13:08:23.39400,1911.250,1
13:08:26.58900,1911.500,97
13:08:28.05000,1911.750,80
13:08:32.89800,1911.750,5
13:08:34.81200,1911.500,71
13:08:35.19500,1911.250,1
13:08:35.74600,1911.500,1
13:08:41.37800,1911.500,1
13:08:44.82000,1911.500,1
13:08:45.93700,1911.250,1
13:08:46.89000,1911.500,1
13:08:47.21400,1911.500,1
13:08:48.37800,1911.500,6
13:08:50.13600,1911.250,286
13:08:50.81600,1911.250,4
13:08:52.44100,1911.250,88
13:08:57.33500,1911.000,4
13:08:59.72200,1911.000,583
13:08:59.85900,1910.750,2
13:09:00.19100,1910.750,2
13:09:00.85900,1910.750,11
13:09:01.02300,1910.750,5
13:09:01.24200,1910.750,107
13:09:01.34300,1910.750,5
13:09:01.48800,1910.750,1
13:09:01.73800,1910.750,5
13:09:02.07800,1911.000,10
13:09:02.22600,1910.750,3
13:09:02.55800,1910.750,2
13:09:03.21000,1910.750,3
13:09:03.62800,1910.750,1
13:09:04.16700,1910.750,1
13:09:04.69500,1910.750,1
13:09:05.17100,1911.000,159
13:09:05.29600,1911.000,28
13:09:06.37800,1911.000,1
13:09:07.74200,1910.750,25
13:09:08.93300,1910.750,12
13:09:10.44900,1910.750,1
13:09:11.47200,1910.750,1
13:09:12.03900,1910.750,1
13:09:12.25000,1911.000,4
13:09:13.87800,1910.750,1
13:09:14.04600,1910.750,48
13:09:15.00700,1911.000,3
13:09:15.85100,1910.750,2
13:09:16.39400,1910.750,1
13:09:16.95300,1910.750,35
13:09:17.40200,1910.750,4
13:09:17.60500,1910.750,40
13:09:18.40600,1910.750,3
13:09:18.83200,1910.500,259
13:09:19.39000,1910.500,1
13:09:20.25000,1910.500,8
13:09:21.55400,1910.500,1
13:09:22.25300,1910.500,1
13:09:22.34700,1910.500,1
13:09:25.08200,1910.500,1
13:09:25.83900,1910.500,8
13:09:26.09300,1910.500,1
13:09:26.57400,1910.500,1
13:09:27.07000,1910.500,1
13:09:28.15200,1910.500,1
13:09:28.92500,1910.500,1
13:09:29.22600,1910.500,1
13:09:29.39000,1910.500,1
13:09:31.48800,1910.500,195
13:09:32.14000,1910.500,1
13:09:32.44100,1910.500,1
13:09:33.27300,1910.750,3
13:09:33.93700,1910.500,23
13:09:35.11300,1910.500,55
13:09:35.45700,1910.500,26
13:09:36.58200,1910.000,1044
13:09:37.46400,1910.000,11
13:09:37.53900,1910.000,3
13:09:38.08200,1910.000,1
13:09:38.26100,1909.750,1154
13:09:38.28500,1909.750,63
13:09:38.41000,1909.750,27
13:09:38.53900,1909.500,52
13:09:38.56600,1909.500,3
13:09:38.68300,1909.500,1
13:09:39.12800,1909.500,1
13:09:39.46800,1909.750,76
13:09:39.62500,1910.000,66
13:09:39.71400,1909.750,1
13:09:39.77300,1909.750,1
13:09:39.95700,1909.750,12
13:09:40.73400,1910.000,1
13:09:40.91000,1909.750,4
13:09:41.37800,1909.750,3
13:09:41.81200,1909.750,2
13:09:42.01900,1909.750,1
13:09:42.55400,1909.750,2
13:09:43.04600,1910.000,307
13:09:43.25000,1910.000,51
13:09:43.40600,1910.000,2
13:09:43.88200,1910.000,4
13:09:44.48400,1910.000,5
13:09:44.55000,1910.000,1
13:09:44.74600,1910.000,29
13:09:44.97200,1910.000,2
13:09:45.11700,1910.000,2
13:09:45.28500,1910.250,1
13:09:45.56200,1910.000,344
13:09:45.92900,1909.750,109
13:09:46.35500,1909.750,20
13:09:46.55800,1910.000,5
13:09:46.74200,1909.750,1
13:09:47.14400,1909.750,3
13:09:47.81600,1910.000,6
13:09:48.83200,1909.750,2
13:09:49.06600,1909.750,10
13:09:49.42900,1909.750,1
13:09:50.31200,1909.750,156
13:09:51.74200,1910.000,590
13:09:52.37800,1910.000,117
13:09:53.07400,1909.750,2
13:09:53.90200,1909.750,1
13:09:54.88200,1910.000,1
13:09:55.56600,1909.750,1
13:09:55.81600,1909.750,1
13:09:56.07400,1910.000,1
13:09:56.33900,1909.750,1
13:09:56.56200,1909.750,1
13:09:56.85500,1909.750,10
13:09:57.23000,1910.000,1
13:09:57.62800,1909.750,1
13:09:58.14400,1909.750,2
13:09:59.19100,1909.750,4
13:09:59.62500,1909.750,1
13:10:00.29600,1910.000,5
13:10:00.39400,1909.750,1
13:10:00.55400,1910.000,1
13:10:00.66400,1910.000,1
13:10:00.78100,1909.750,4
13:10:01.38600,1910.000,1
13:10:02.62800,1909.750,257
13:10:02.80800,1909.750,2
13:10:02.85100,1910.000,1
13:10:03.08900,1910.000,58
13:10:03.27300,1910.000,13
13:10:03.52700,1910.000,3
13:10:03.62100,1910.000,1
13:10:03.77300,1910.000,2
13:10:04.28100,1910.000,2
13:10:05.64000,1910.250,1
13:10:05.81600,1910.250,1
13:10:06.56200,1910.250,2
13:10:06.85100,1910.000,51
13:10:07.43300,1910.250,1
13:10:07.59300,1910.000,1
13:10:08.05800,1910.250,1
13:10:09.00700,1910.000,1
13:10:09.35100,1910.250,1
13:10:11.59700,1910.250,1
13:10:12.54600,1910.000,2
13:10:12.62100,1910.250,1
13:10:12.69900,1910.250,1
13:10:13.48800,1910.250,1
13:10:13.57000,1910.000,5
13:10:13.66400,1910.000,2
13:10:14.06200,1910.250,165
13:10:14.16400,1910.250,2
13:10:14.38600,1910.250,3
13:10:17.43700,1910.250,1
13:10:17.92500,1910.250,16
13:10:18.31600,1910.250,95
13:10:18.51900,1910.250,86
13:10:18.91000,1910.000,120
13:10:18.94900,1910.000,1
13:10:19.52300,1910.000,4
13:10:20.91700,1910.250,10
13:10:21.41700,1910.000,2
13:10:21.53500,1910.250,1
13:10:22.26500,1910.250,1
13:10:24.00000,1910.250,1
13:10:24.26500,1910.000,20
13:10:26.46000,1910.000,1
13:10:26.88200,1910.250,110
13:10:27.39400,1910.000,1
13:10:27.75300,1910.250,7
13:10:29.32400,1910.250,1
13:10:29.54600,1910.000,3
13:10:29.74600,1910.000,40
13:10:30.40600,1910.250,1
13:10:30.83900,1910.000,16
13:10:30.96000,1910.250,1
13:10:31.38600,1910.250,1
13:10:31.70300,1910.250,1
13:10:32.95700,1910.000,2
13:10:35.04600,1910.000,6
13:10:36.96800,1910.000,1
13:10:39.45700,1910.250,1
13:10:40.23800,1910.250,142
13:10:40.37800,1910.250,1
13:10:42.82400,1910.250,51
13:10:45.42100,1910.500,10
13:10:47.25700,1910.250,1
13:10:48.00300,1910.250,1
13:10:48.78500,1910.250,1
13:10:49.36700,1910.250,1
13:10:50.77300,1910.500,30
13:10:52.28500,1910.250,1
13:10:53.89000,1910.250,1
13:10:54.38200,1910.500,2
13:10:54.62100,1910.250,1
13:10:55.31600,1910.500,1
13:10:59.26100,1910.250,1
13:10:59.42100,1910.250,1
13:10:59.66700,1910.500,2
13:11:00.96000,1910.500,4
13:11:01.41400,1910.250,20
13:11:02.46400,1910.250,1
13:11:04.93700,1910.250,1
13:11:05.01100,1910.250,1
13:11:05.07000,1910.250,1
13:11:06.69900,1910.250,1
13:11:07.58200,1910.500,2
13:11:08.51100,1910.250,1
13:11:10.94100,1910.250,1
13:11:13.64000,1910.250,1
13:11:15.57000,1910.250,15
13:11:18.71000,1910.250,2
13:11:20.23000,1910.250,140
13:11:21.24600,1910.250,11
13:11:22.91400,1910.250,2
13:11:25.50700,1910.500,3
13:11:27.01500,1910.500,1
13:11:27.76500,1910.500,21
13:11:28.32800,1910.250,1
13:11:28.94500,1910.500,22
13:11:29.12500,1910.250,1
13:11:29.35900,1910.500,7
13:11:29.67100,1910.500,3
13:11:29.86300,1910.500,28
13:11:29.96400,1910.500,5
13:11:30.09700,1910.500,11
13:11:30.19100,1910.500,1
13:11:30.58900,1910.500,10
13:11:30.82800,1910.500,3
13:11:30.92900,1910.500,1
13:11:31.17100,1910.500,13
13:11:31.20300,1910.250,109
13:11:32.18700,1910.750,86
13:11:32.35100,1910.750,1
13:11:32.37500,1910.750,1
13:11:32.94100,1910.500,1
13:11:34.61700,1910.500,5
13:11:35.20300,1910.500,67
13:11:35.69900,1910.500,33
13:11:35.73000,1910.500,8
13:11:36.24200,1910.500,22
13:11:36.33900,1910.500,2
13:11:37.00000,1910.500,10
13:11:37.09700,1910.500,2
13:11:38.14400,1910.500,1
13:11:39.85500,1910.500,2
13:11:41.28500,1910.750,1
13:11:41.47600,1910.500,1
13:11:43.15600,1910.750,14
13:11:44.73400,1910.750,1
13:11:45.81600,1910.500,32
13:11:46.03900,1910.250,10
13:11:46.92100,1910.250,1
13:11:48.28500,1910.250,20
13:11:49.33900,1910.500,1
13:11:50.23400,1910.250,1
13:11:50.58900,1910.500,1
13:11:52.19500,1910.500,1
13:11:52.83200,1910.250,1
13:11:54.93300,1910.500,2
13:11:55.87100,1910.250,1
13:11:56.56600,1910.250,150
13:11:57.36700,1910.250,8
13:11:58.67500,1910.250,1
13:12:01.28900,1910.250,17
13:12:02.47600,1910.250,43
13:12:02.74200,1910.250,13
13:12:05.93700,1910.500,54
13:12:06.02300,1910.250,2
13:12:06.60500,1910.250,1
13:12:08.41400,1910.500,1
13:12:09.82800,1910.250,53
13:12:10.07400,1910.250,1
13:12:10.24200,1910.250,1
13:12:10.73400,1910.250,1
13:12:12.23000,1910.250,1
13:12:14.71400,1910.250,103
13:12:14.94100,1910.000,1
13:12:17.37500,1910.250,12
13:12:18.03100,1910.000,7
13:12:18.46000,1910.000,1
13:12:20.47200,1910.250,1
13:12:24.22600,1910.000,2
13:12:24.77300,1910.000,3
13:12:24.91700,1910.000,2
13:12:25.03100,1910.000,1
13:12:25.69100,1910.000,3
13:12:27.16000,1910.000,1
13:12:27.91400,1910.000,12
13:12:28.36700,1910.250,149
13:12:28.92100,1910.250,40
13:12:29.23800,1910.250,4
13:12:29.35100,1910.250,2
13:12:29.85100,1910.000,2
13:12:34.05800,1910.250,88
13:12:34.50000,1910.250,5
13:12:35.38600,1910.250,1
13:12:36.71800,1910.250,14
13:12:36.82800,1910.250,23
13:12:37.13200,1910.250,4
13:12:38.17900,1910.500,10
13:12:39.55000,1910.250,2
13:12:41.76100,1910.250,25
13:12:43.85900,1910.500,80
13:12:44.57800,1910.500,7
13:12:44.82800,1910.500,12
13:12:45.82000,1910.500,30
13:12:47.47200,1910.750,22
13:12:47.71800,1910.500,1
13:12:48.05400,1910.500,1
13:12:48.73400,1910.750,4
13:12:51.48400,1910.750,1
13:12:51.71800,1910.750,1
13:12:53.86300,1910.750,26
13:12:54.18700,1910.750,1
13:12:54.92500,1910.750,1
13:12:55.34300,1910.750,1
13:12:56.09700,1910.750,15
13:12:58.10500,1910.750,3
13:12:58.85100,1910.750,1
13:12:59.36300,1910.750,1
13:13:01.25000,1910.750,5
13:13:01.86700,1910.500,2
13:13:02.48400,1910.250,62
13:13:02.65200,1910.500,5
13:13:04.37800,1910.250,1
13:13:05.00300,1910.250,1
13:13:06.08900,1910.500,1
13:13:08.80800,1910.250,1
13:13:11.76900,1910.250,2
13:13:11.95700,1910.250,1
13:13:12.19100,1910.250,1
13:13:12.37500,1910.250,1
13:13:17.00300,1910.250,3
13:13:17.35500,1910.500,8
13:13:22.69900,1910.250,1
13:13:25.83200,1910.250,1
13:13:32.49600,1910.250,1
13:13:33.12800,1910.250,1
13:13:33.95300,1910.250,25
13:13:34.66700,1910.500,117
13:13:35.17100,1910.250,1
13:13:36.19100,1910.500,42
13:13:37.10500,1910.500,13
13:13:38.51900,1910.500,1
13:13:40.35500,1910.500,4
13:13:40.71000,1910.500,5
13:13:46.49600,1910.750,95
13:13:46.87800,1910.500,2
13:13:50.70700,1910.500,57
13:13:51.54600,1910.500,107
13:13:53.57800,1910.500,20
13:13:56.58500,1910.500,39
13:13:57.31600,1910.500,3
13:13:57.94500,1910.750,50
13:14:00.41400,1910.500,60
13:14:01.16400,1910.500,1
13:14:03.65600,1910.500,1
13:14:06.13200,1910.750,65
13:14:06.58500,1910.750,2
13:14:09.36700,1911.000,5
13:14:11.17500,1911.000,1
13:14:11.59700,1910.750,73
13:14:14.96000,1910.750,79
13:14:15.09700,1910.750,10
13:14:16.76500,1910.750,26
13:14:17.42900,1910.750,1
13:14:17.77700,1910.750,48
13:14:18.49200,1910.750,2
13:14:19.73800,1910.750,1
13:14:25.84700,1910.750,5
13:14:29.86300,1910.750,1
13:14:30.15600,1910.750,1
13:14:33.48800,1910.500,252
13:14:33.73000,1910.500,66
13:14:34.05800,1910.500,28
13:14:34.06600,1910.500,1
13:14:34.20300,1910.500,1
13:14:34.66000,1910.500,20
13:14:34.78100,1910.500,6
13:14:34.91700,1910.250,5
13:14:35.20700,1910.500,19
13:14:35.83500,1910.250,1
13:14:37.96400,1910.250,1
13:14:39.50700,1910.500,3
13:14:40.81200,1910.250,4
13:14:41.08200,1910.250,129
13:14:41.37100,1910.250,36
13:14:41.46400,1910.000,1
13:14:42.00700,1910.000,6
13:14:42.16700,1910.000,5
13:14:42.28900,1910.000,5
13:14:42.57800,1910.000,10
13:14:42.71800,1910.000,5
13:14:42.91000,1910.000,3
13:14:43.25700,1910.000,3
13:14:43.50000,1910.000,3
13:14:44.12500,1910.000,218
13:14:45.05000,1910.000,1
13:14:45.48000,1909.750,497
13:14:47.46400,1909.750,166
13:14:47.67100,1909.750,2
13:14:48.46000,1910.000,9
13:14:48.62800,1909.750,1
13:14:49.02700,1909.750,10
13:14:49.65200,1909.750,1
13:14:50.57000,1909.750,1
13:14:51.14800,1909.750,6
13:14:52.58900,1909.750,1
13:14:52.81600,1910.000,3
13:14:54.28900,1910.000,1
13:14:54.63600,1910.000,6
13:14:55.35900,1909.750,1
13:14:58.68300,1909.750,64
13:14:59.56600,1909.750,1
13:14:59.80000,1909.750,47
13:14:59.96400,1910.000,7
13:15:00.22200,1909.750,6
13:15:00.53100,1909.750,9
13:15:00.84300,1910.000,6
13:15:02.63200,1910.000,2
13:15:03.62500,1909.750,3
13:15:04.54600,1910.000,1
13:15:05.25300,1910.000,4
13:15:06.14800,1909.750,1
13:15:06.59300,1909.750,9
13:15:07.46000,1909.750,2
13:15:07.78100,1909.750,1
13:15:09.62500,1910.000,136
13:15:10.97200,1910.000,1
13:15:12.37500,1910.250,5
13:15:13.73400,1910.250,103
13:15:14.09700,1910.250,2
13:15:14.83900,1910.250,2
13:15:15.14400,1910.250,5
13:15:15.21800,1910.500,5
13:15:15.44500,1910.250,1
13:15:17.50000,1910.250,20
13:15:19.26100,1910.250,1
13:15:19.88200,1910.250,5
13:15:21.60100,1910.500,1
13:15:22.20300,1910.500,1
13:15:22.86300,1910.250,56
13:15:23.57400,1910.250,63
13:15:27.44900,1910.250,63
13:15:30.44900,1910.250,1
13:15:30.95300,1910.500,1
13:15:32.51900,1910.250,1
13:15:35.16700,1910.500,5
13:15:36.21400,1910.250,6
13:15:38.74600,1910.250,1
13:15:39.06600,1910.250,2
13:15:39.46000,1910.250,2
13:15:39.88200,1910.250,42
13:15:44.54200,1910.250,2
13:15:44.90200,1910.250,1
13:15:49.83200,1910.500,1
13:15:51.80000,1910.500,2
13:15:57.08900,1910.250,1
13:15:58.37500,1910.250,2
13:15:59.05800,1910.500,1
13:15:59.35100,1910.250,2
13:16:00.25700,1910.500,4
13:16:00.25700,1910.500,1
13:16:00.55800,1910.500,222
13:16:00.73400,1910.750,69
13:16:01.04600,1911.000,1
13:16:02.41400,1911.000,3
13:16:02.52700,1911.000,1
13:16:02.91400,1910.750,26
13:16:03.16400,1911.000,1
13:16:03.94900,1911.000,2
13:16:04.05000,1911.000,1
13:16:04.26900,1910.750,9
13:16:04.28900,1910.750,71
13:16:04.41000,1910.750,24
13:16:04.84300,1910.750,25
13:16:05.42100,1910.750,21
13:16:05.46000,1910.750,2
13:16:08.14800,1910.750,26
13:16:08.53500,1910.750,1
13:16:09.72600,1911.000,3
13:16:10.46800,1910.750,3
13:16:11.37500,1911.000,1
13:16:11.55400,1911.000,12
13:16:12.27700,1910.750,2
13:16:13.02300,1910.750,2
13:16:13.40600,1911.000,1
13:16:14.87100,1911.000,5
13:16:15.16700,1910.750,1
13:16:23.07800,1911.000,134
13:16:23.53900,1911.000,2
13:16:24.09700,1911.000,1
13:16:25.07800,1911.000,2
13:16:27.39400,1910.500,88
13:16:27.85100,1910.500,7
13:16:28.14800,1910.750,2
13:16:28.26900,1910.750,12
13:16:30.19500,1910.500,1
13:16:30.71400,1910.500,2
13:16:32.32000,1910.750,1
13:16:32.53900,1910.500,1
13:16:34.87800,1910.500,1
13:16:35.93700,1910.750,1
13:16:44.70300,1910.500,1
13:16:48.33900,1910.500,2
13:16:52.67900,1910.750,1
13:16:53.63200,1910.750,69
13:16:56.28900,1911.000,1
13:16:57.71400,1910.750,49
13:17:02.12500,1911.000,100
13:17:02.38200,1911.000,52
13:17:03.60500,1911.000,1
13:17:03.83900,1911.250,5
13:17:04.55800,1911.250,2
13:17:07.23400,1911.250,1
13:17:08.37500,1911.000,82
13:17:09.45300,1911.000,1
13:17:10.02700,1911.000,3
13:17:12.10900,1911.000,10
13:17:12.26900,1910.750,2
13:17:12.67500,1910.750,1
13:17:14.05000,1910.750,1
13:17:17.08200,1911.000,93
13:17:17.44500,1911.000,70
13:17:17.93300,1911.000,2
13:17:18.50700,1910.750,1
13:17:18.87800,1911.000,52
13:17:20.50000,1911.000,60
13:17:21.16400,1911.000,1
13:17:21.51900,1911.000,2
13:17:33.66400,1911.000,150
13:17:34.17500,1911.000,15
13:17:34.49600,1911.000,12
13:17:34.73800,1911.000,9
13:17:34.95300,1911.000,5
13:17:35.28100,1911.000,1
13:17:35.49600,1910.750,1
13:17:36.75300,1911.000,16
13:17:37.85900,1911.000,22
13:17:39.32400,1911.000,16
13:17:40.41700,1911.000,26
13:17:41.14400,1911.000,8
13:17:42.00700,1911.000,13
13:17:42.32400,1911.000,13
13:17:44.80000,1911.000,18
13:17:44.89800,1911.000,1
13:17:46.07400,1911.000,78
13:17:46.72200,1911.000,27
13:17:49.79200,1910.750,1
13:17:50.14800,1911.000,19
13:17:52.55800,1911.000,22
13:17:53.22600,1911.000,9
13:17:57.39800,1911.000,40
13:18:02.50000,1911.000,4
13:18:03.53500,1911.000,5
13:18:03.92500,1911.000,27
13:18:06.07400,1910.750,7
13:18:08.19100,1910.750,55
13:18:09.83900,1911.000,2
13:18:16.77300,1911.000,1
13:18:18.14000,1911.000,2
13:18:23.40200,1910.750,1
13:18:28.30400,1910.750,1
13:18:28.36700,1911.000,1
13:18:30.02300,1910.750,6
13:18:30.42900,1911.000,1
13:18:31.86300,1910.750,181
13:18:38.83900,1910.750,64
13:18:39.87800,1910.500,5
13:18:40.06600,1910.500,5
13:18:40.23000,1910.500,5
13:18:40.38600,1910.500,5
13:18:40.53500,1910.500,5
13:18:41.18700,1910.500,6
13:18:42.37100,1910.750,4
13:18:43.17500,1910.750,28
13:18:46.02700,1910.750,40
13:18:47.60100,1910.750,2
13:18:48.17900,1910.750,107
13:18:48.82000,1910.750,45
13:18:48.92500,1911.000,2
13:18:51.53500,1910.750,1
13:18:51.62800,1911.000,1
13:18:53.50300,1910.750,13
13:18:53.94900,1910.750,20
13:18:53.94900,1910.750,8
13:18:54.07000,1910.750,6
13:18:58.19100,1910.750,1
13:19:06.12800,1910.500,3
13:19:08.32400,1910.750,8
13:19:09.05000,1910.500,5
13:19:10.05400,1910.750,4
13:19:11.32800,1910.500,6
13:19:14.40200,1910.750,1
13:19:15.33900,1910.500,1
13:19:15.66000,1910.500,2
13:19:15.82800,1910.750,6
13:19:16.52700,1910.750,1
13:19:16.86700,1910.750,1
13:19:17.72200,1910.500,1
13:19:23.68700,1910.750,30
13:19:27.90200,1910.750,1
13:19:28.28500,1910.750,2
13:19:30.01500,1910.750,111
13:19:30.90200,1910.750,1
13:19:31.27700,1910.750,1
13:19:32.55000,1911.000,62
13:19:35.44100,1911.000,58
13:19:38.89000,1910.750,53
13:19:41.18300,1911.000,1
13:19:41.79600,1911.000,16
13:19:42.76500,1911.000,1
13:19:43.91000,1910.750,1
13:19:44.69900,1911.000,1
13:19:45.05800,1911.000,1
13:19:46.80800,1911.000,2
13:19:48.13200,1911.000,1
13:19:49.57000,1911.000,1
13:19:52.71000,1910.750,52
13:19:52.89400,1910.750,3
13:19:53.93300,1910.750,21
13:19:55.90600,1910.750,5
13:19:57.70700,1911.000,2
13:19:58.84300,1910.750,2
13:19:59.07000,1911.000,1
13:20:03.10100,1911.000,8
13:20:05.43300,1911.000,1
13:20:06.18300,1911.000,100
13:20:07.02300,1911.000,1
13:20:08.49600,1910.750,3
13:20:11.37500,1911.000,1
13:20:13.39000,1910.750,70
13:20:13.42500,1910.750,3
13:20:14.12100,1910.750,1
13:20:14.92100,1910.750,2
13:20:15.61700,1910.750,12
13:20:15.74200,1910.750,11
13:20:17.72600,1910.750,1
13:20:18.21400,1910.750,55
13:20:21.02700,1910.750,43
13:20:21.54600,1910.750,1
13:20:21.80800,1910.750,2
13:20:22.42500,1910.750,8
13:20:25.64800,1910.750,39
13:20:27.55800,1910.750,3
13:20:29.58500,1910.750,1
13:20:33.29200,1911.000,33
13:20:33.36300,1911.000,31
13:20:33.86700,1911.000,3
13:20:35.39000,1911.000,1
13:20:35.80400,1911.000,1
13:20:36.12100,1910.750,1
13:20:37.14000,1911.000,1
13:20:37.31600,1910.750,1
13:20:38.46800,1911.000,57
13:20:38.48000,1911.000,5
13:20:39.25000,1911.000,10
13:20:40.08500,1911.000,6
13:20:40.48400,1911.000,1
13:20:41.30000,1911.000,3
13:20:42.61300,1911.000,21
13:20:43.74600,1911.000,2
13:20:47.10100,1910.750,1
13:20:53.43700,1911.000,1
13:20:53.97200,1911.000,1
13:20:54.96800,1910.750,45
13:20:58.57800,1910.750,113
13:21:00.85100,1910.750,130
13:21:01.31200,1910.500,1
13:21:02.48800,1910.750,1
13:21:04.83200,1910.500,308
13:21:04.92100,1910.500,1
13:21:05.72200,1910.500,33
13:21:06.07400,1910.500,9
13:21:07.67500,1910.500,1
13:21:10.22600,1910.500,1
13:21:11.64400,1910.500,114
13:21:14.84700,1910.500,7
13:21:21.33500,1910.750,1
13:21:21.76100,1910.750,50
13:21:23.85500,1910.500,1
13:21:25.31200,1910.500,1
13:21:26.17900,1910.500,4
13:21:26.71000,1910.500,2
13:21:27.52700,1910.500,4
13:21:27.87100,1910.500,1
13:21:28.17900,1910.500,1
13:21:28.95700,1910.750,90
13:21:29.63200,1910.750,7
13:21:31.90600,1910.750,1
13:21:33.28100,1910.750,28
13:21:33.55000,1911.000,6
13:21:34.62500,1910.750,16
13:21:38.28100,1910.750,5
13:21:39.30400,1910.750,5
13:21:40.20300,1910.750,12
13:21:49.00700,1910.750,5
13:21:49.27700,1910.750,7
13:21:50.80400,1910.750,6
13:21:53.24600,1910.750,38
13:22:00.04600,1911.000,17
13:22:02.62500,1910.750,1
13:22:02.74600,1911.000,1
13:22:04.81200,1911.000,1
13:22:10.19500,1911.000,174
13:22:10.19500,1911.000,4
13:22:10.27700,1911.250,3
13:22:12.63200,1911.250,1
13:22:13.01900,1911.250,1
13:22:13.26100,1911.250,4
13:22:13.48400,1911.250,1
13:22:14.18700,1911.250,1
13:22:15.14800,1911.000,1
13:22:15.35100,1911.000,2
13:22:19.79200,1911.250,192
13:22:19.91700,1911.250,3
13:22:21.51900,1911.250,1
13:22:21.65600,1911.250,1
13:22:22.25300,1911.250,1
13:22:22.78100,1911.500,20
13:22:23.10900,1911.500,2
13:22:23.39400,1911.250,2
13:22:24.03500,1911.500,1
13:22:24.50000,1911.250,5
13:22:25.76900,1911.500,2
13:22:26.02300,1911.500,1
13:22:26.35100,1911.500,1
13:22:26.57000,1911.250,2
13:22:27.08200,1911.250,1
13:22:28.81600,1911.500,1
13:22:31.26900,1911.250,104
13:22:31.42900,1911.250,2
13:22:32.35100,1911.250,3
13:22:33.12500,1911.000,1
13:22:33.69500,1911.250,21
13:22:35.34700,1911.250,77
13:22:35.52700,1911.250,15
13:22:35.63600,1911.250,13
13:22:36.17100,1911.250,1
13:22:37.58900,1911.250,1
13:22:38.10100,1911.250,2
13:22:38.25300,1911.250,1
13:22:38.39800,1911.000,1
13:22:39.00700,1911.250,27
13:22:39.16000,1911.250,4
13:22:40.03100,1911.250,1
13:22:41.03500,1911.250,1
13:22:44.60500,1911.000,1
13:22:45.08200,1911.250,2
13:22:45.96400,1911.250,1
13:22:48.24600,1911.250,2
13:22:48.81600,1911.250,1
13:22:50.73000,1911.000,1
13:22:51.43700,1911.250,2
13:22:52.51900,1911.000,140
13:22:52.93700,1911.000,1
13:22:57.89000,1911.000,3
13:22:59.68700,1911.000,6
13:23:02.63200,1911.000,2
13:23:03.53500,1911.250,71
13:23:03.58500,1911.250,59
13:23:04.02700,1911.000,101
13:23:05.71800,1911.000,16
13:23:07.03500,1911.000,1
13:23:07.78100,1910.750,1
13:23:08.76500,1911.000,40
13:23:14.10900,1911.000,1
13:23:14.48000,1911.000,19
13:23:14.68700,1911.000,10
13:23:15.53100,1911.000,1
13:23:17.62800,1911.000,14
13:23:18.86700,1911.250,1
13:23:21.42500,1911.000,1
13:23:24.21800,1911.000,3
13:23:24.57400,1911.000,15
13:23:24.64800,1911.000,13
13:23:24.93300,1911.000,2
13:23:26.91000,1911.000,10
13:23:27.34700,1911.000,1
13:23:30.80800,1910.750,6
13:23:31.02300,1910.750,1
13:23:31.32000,1911.000,19
13:23:35.34300,1911.250,1
13:23:36.64000,1911.000,43
13:23:37.90600,1911.000,24
13:23:41.80400,1911.250,2
13:23:43.19500,1911.250,1
13:23:49.67500,1911.000,1
13:23:52.22600,1911.000,38
13:23:54.63200,1911.000,1
13:23:58.86700,1911.000,1
13:23:59.18300,1911.000,9
13:23:59.58200,1911.000,56
13:24:03.01500,1911.000,7
13:24:05.07000,1911.000,20
13:24:05.10500,1911.000,8
13:24:05.71800,1911.250,2
13:24:06.38200,1911.000,1
13:24:07.33500,1911.000,2
13:24:08.45300,1911.000,6
13:24:08.56200,1910.750,1
13:24:11.64000,1910.750,1
13:24:13.30400,1910.750,97
13:24:14.67100,1910.750,1
13:24:15.21800,1910.750,13
13:24:15.32400,1910.750,9
13:24:15.84700,1910.750,1
13:24:17.38600,1910.750,7
13:24:18.07000,1910.500,5
13:24:19.93300,1910.500,5
13:24:20.83200,1910.500,30
13:24:20.87100,1910.500,148
13:24:20.95300,1910.500,19
13:24:24.13200,1910.500,1
13:24:25.69100,1910.500,1
13:24:28.06200,1910.500,50
13:24:30.41400,1910.750,82
13:24:30.52700,1910.500,1
13:24:33.16700,1910.750,36
13:24:34.30400,1910.750,21
13:24:35.36300,1910.750,6
13:24:37.50000,1910.750,1
13:24:44.35100,1910.750,5
13:24:44.73800,1910.750,1
13:24:45.15200,1910.750,1
13:24:46.37800,1910.750,1
13:24:47.24600,1910.750,1
13:24:48.19500,1910.750,3
13:24:49.01900,1910.750,61
13:24:49.78100,1910.750,1
13:24:50.24200,1910.750,1
13:24:53.16000,1910.750,1
13:24:54.68700,1910.500,5
13:24:56.59700,1910.500,1
13:24:57.14400,1910.500,1
13:24:57.51900,1910.500,1
13:24:58.11300,1910.500,1
13:24:58.81200,1910.500,8
13:25:02.08900,1910.750,76
13:25:03.74600,1910.750,2
13:25:06.09300,1911.000,6
13:25:08.61300,1910.750,1
13:25:08.88600,1911.000,1
13:25:09.61700,1911.000,127
13:25:12.45300,1911.250,103
13:25:13.88600,1911.500,1
13:25:13.96800,1911.500,1
13:25:15.32400,1911.500,1
13:25:15.83900,1911.250,3
13:25:16.14000,1911.250,5
13:25:16.65200,1911.250,2
13:25:17.60500,1911.500,1
13:25:17.92500,1911.500,68
13:25:19.10100,1911.500,8
13:25:19.89400,1911.500,1
13:25:20.54200,1911.500,1
13:25:21.63200,1911.500,2
13:25:22.44900,1911.500,2
13:25:22.69100,1911.500,1
13:25:23.49200,1911.500,1
13:25:23.67500,1911.750,3
13:25:24.19500,1911.500,1
13:25:24.60100,1911.750,1
13:25:25.42100,1911.750,1
13:25:25.73400,1911.750,1
13:25:26.10900,1911.750,1
13:25:26.23800,1911.750,2
13:25:27.07800,1911.750,2
13:25:27.60500,1911.500,65
13:25:28.58500,1911.250,12
13:25:29.24200,1911.500,1
13:25:29.67900,1911.250,1
13:25:31.12100,1911.250,1
13:25:32.00700,1911.500,1
13:25:33.75300,1911.500,5
13:25:33.91700,1911.500,61
13:25:34.21000,1911.500,6
13:25:34.60900,1911.500,26
13:25:34.91000,1911.500,16
13:25:35.45700,1911.500,11
13:25:35.60100,1911.500,2
13:25:35.97200,1911.500,8
13:25:36.12800,1911.500,9
13:25:37.04600,1911.500,8
13:25:38.32400,1911.500,36
13:25:38.62800,1911.250,5
13:25:39.16400,1911.500,1
13:25:39.40200,1911.250,5
13:25:39.60100,1911.500,1
13:25:39.96000,1911.250,20
13:25:42.26900,1911.250,5
13:25:42.87800,1911.500,1
13:25:43.30400,1911.250,1
13:25:44.78500,1911.250,5
13:25:45.08200,1911.500,6
13:25:46.37500,1911.250,5
13:25:48.30400,1911.500,1
13:25:48.37800,1911.500,13
13:25:51.61700,1911.500,31
13:25:52.06600,1911.500,8
13:25:52.19500,1911.500,2
13:25:52.25000,1911.500,1
13:25:52.30800,1911.500,5
13:25:53.31600,1911.500,1
13:25:53.78500,1911.250,5
13:25:54.12500,1911.500,1
13:25:55.46000,1911.500,1
13:25:56.56200,1911.500,10
13:25:57.61700,1911.500,2
13:26:00.44500,1911.500,3
13:26:01.07000,1911.500,1
13:26:02.00000,1911.250,1
13:26:02.28900,1911.250,2
13:26:02.68300,1911.250,1
13:26:04.62500,1911.250,3
13:26:06.19100,1911.500,3
13:26:06.83500,1911.500,35
13:26:10.15600,1911.500,1
13:26:13.22200,1911.500,1
13:26:13.86700,1911.500,80
13:26:14.01100,1911.500,35
13:26:14.04600,1911.500,4
13:26:14.12100,1911.500,5
13:26:14.25300,1911.500,7
13:26:15.03500,1911.500,2
13:26:15.44100,1911.500,8
13:26:15.96000,1911.500,1
13:26:17.15600,1911.750,1
13:26:17.29600,1911.500,1
13:26:28.43300,1911.500,55
13:26:29.48000,1911.500,2
13:26:31.17900,1911.500,45
13:26:31.35500,1911.500,6
13:26:33.44100,1911.500,15
13:26:34.58900,1911.250,7
13:26:35.73400,1911.500,2
13:26:36.73000,1911.500,2
13:26:37.25700,1911.500,11
13:26:40.18700,1911.500,1
13:26:40.30400,1911.750,1
13:26:41.82000,1911.500,23
13:26:42.45700,1911.500,2
13:26:43.10500,1911.500,20
13:26:43.78500,1911.500,2
13:26:45.52700,1911.500,1
13:26:45.78900,1911.500,2
13:26:47.47600,1911.500,50
13:26:47.66400,1911.500,4
13:26:57.08200,1911.250,7
13:27:00.51500,1911.500,26
13:27:05.10100,1911.500,5
13:27:06.71000,1911.500,1
13:27:13.71800,1911.250,155
13:27:13.72200,1911.250,3
13:27:13.90200,1911.250,4
13:27:16.35500,1911.250,2
13:27:17.58500,1911.250,1
13:27:19.37100,1911.250,5
13:27:22.71400,1911.500,2
13:27:22.85100,1911.500,3
13:27:27.83500,1911.500,1
13:27:30.39400,1911.500,135
13:27:30.40600,1911.500,5
13:27:30.64000,1911.500,4
13:27:31.00700,1911.500,10
13:27:32.29200,1911.500,2
13:27:35.06200,1911.500,28
13:27:35.20700,1911.500,8
13:27:36.96800,1911.500,1
13:27:37.15600,1911.250,1
13:27:38.50700,1911.250,1
13:27:38.89800,1911.500,3
13:27:39.60900,1911.500,9
13:27:42.39400,1911.500,1
13:27:43.02300,1911.500,37
13:27:44.00700,1911.500,44
13:27:45.59700,1911.750,100
13:27:48.00300,1911.750,5
13:27:49.91700,1911.750,1
13:27:50.41700,1911.750,2
13:27:51.88600,1911.750,1
13:27:55.01500,1911.750,20
13:27:55.41400,1911.500,1
13:27:56.40600,1911.500,1
13:27:57.25700,1911.750,1
13:28:05.62500,1911.750,78
13:28:06.81200,1911.750,1
13:28:08.33900,1911.750,50
13:28:10.23400,1911.750,11
13:28:10.85500,1911.750,10
13:28:11.81200,1911.750,10
13:28:12.67900,1911.750,10
13:28:13.46400,1911.750,10
13:28:14.28100,1911.750,10
13:28:17.22600,1911.750,1
13:28:17.30800,1911.500,10
13:28:18.30400,1911.750,1
13:28:18.79600,1911.750,1
13:28:19.31200,1911.750,1
13:28:22.83200,1911.500,4
13:28:22.91700,1912.000,226
13:28:23.18700,1912.000,3
13:28:23.35500,1912.000,1
13:28:23.44500,1912.000,3
13:28:24.21800,1912.000,175
13:28:24.65200,1911.750,2
13:28:24.80400,1912.000,1
13:28:25.00700,1912.000,6
13:28:25.69100,1912.000,2
13:28:26.50700,1912.000,78
13:28:28.11700,1911.750,1
13:28:29.12100,1911.750,3
13:28:32.00000,1911.750,1
13:28:32.28500,1911.750,161
13:28:32.58900,1912.000,9
13:28:33.20300,1911.750,1
13:28:37.32800,1912.000,1
13:28:40.80400,1911.750,2
13:28:41.33200,1912.000,1
13:28:42.71400,1912.000,3
13:28:43.41400,1912.000,6
13:28:44.06600,1912.000,1
13:28:46.17100,1912.000,1
13:28:48.44500,1912.000,1
13:28:49.31600,1912.000,1
13:28:50.02700,1911.750,2
13:28:50.17100,1912.000,1
13:28:50.93700,1912.000,1
13:28:52.61300,1912.000,1
13:28:57.56200,1911.750,1
13:28:58.89800,1911.750,2
13:28:59.48800,1911.750,87
13:28:59.48800,1911.750,22
13:29:01.26500,1911.500,87
13:29:01.44900,1911.500,2
13:29:03.43300,1911.750,1
13:29:06.18300,1911.750,1
13:29:06.40200,1911.750,30
13:29:08.12500,1911.500,2
13:29:10.45700,1911.500,256
13:29:10.95300,1911.500,27
13:29:11.33200,1911.500,1
13:29:12.00300,1911.500,10
13:29:14.66400,1911.250,2
13:29:16.50000,1911.250,1
13:29:17.28900,1911.250,1
13:29:17.55000,1911.250,33
13:29:18.33900,1911.250,89
13:29:19.26100,1911.250,1
13:29:20.47200,1911.250,1
13:29:21.57000,1911.250,1
13:29:23.82800,1911.250,1
13:29:24.45700,1911.500,2
13:29:24.70300,1911.250,1
13:29:26.12500,1911.250,4
13:29:31.21400,1911.250,1
13:29:32.73400,1911.250,1
13:29:35.14000,1911.250,1
13:29:36.26500,1911.250,1
13:29:36.37800,1911.500,110
13:29:37.63200,1911.500,1
13:29:38.58900,1911.750,3
13:29:39.64400,1911.500,1
13:29:42.83500,1911.500,99
13:29:44.16400,1911.250,1
13:29:45.56200,1911.250,2
13:29:47.12500,1911.500,1
13:29:48.84300,1911.250,2
13:29:51.69100,1911.500,4
13:29:52.48400,1911.500,1
13:29:55.00700,1911.250,2
13:29:55.30000,1911.250,1
13:29:58.76100,1911.500,1
13:29:59.96800,1911.500,1
13:30:00.49200,1911.500,144
13:30:00.59700,1911.500,5
13:30:00.76100,1911.500,10
13:30:00.79600,1911.750,2
13:30:00.92500,1911.750,1
13:30:01.17100,1911.750,1
13:30:01.89000,1911.750,2
13:30:02.16000,1911.750,2
13:30:05.24200,1911.750,81
13:30:05.33900,1911.750,1
13:30:08.21800,1912.000,1
13:30:08.39800,1911.750,20
13:30:09.38200,1912.000,2
13:30:09.55000,1912.000,1
13:30:09.75700,1912.000,1
13:30:09.92900,1912.000,1
13:30:10.25300,1912.250,86
13:30:10.36700,1912.250,5
13:30:10.53500,1912.000,33
13:30:10.53500,1912.000,5
13:30:10.73400,1912.250,1
13:30:11.33900,1912.250,6
13:30:11.86700,1912.250,182
13:30:12.48800,1912.250,40
13:30:12.66400,1912.250,2
13:30:12.90200,1912.250,3
13:30:13.27700,1912.500,5
13:30:13.47600,1912.500,5
13:30:13.58500,1912.500,3
13:30:13.76900,1912.500,5
13:30:14.01100,1912.500,5
13:30:14.21000,1912.500,7
13:30:14.32400,1912.500,5
13:30:14.49600,1912.500,1
13:30:14.69500,1912.500,2
13:30:14.77700,1912.500,1
13:30:15.24600,1912.500,2
13:30:15.53900,1912.500,41
13:30:15.89000,1912.500,1
13:30:16.41400,1912.250,84
13:30:16.62500,1912.250,3
13:30:16.82400,1912.250,1
13:30:17.71000,1912.000,1
13:30:17.94900,1912.250,3
13:30:19.03100,1912.250,1
13:30:19.27700,1912.250,1
13:30:19.83500,1912.000,2
13:30:21.16400,1912.000,5
13:30:21.25700,1912.000,40
13:30:21.87800,1912.000,1
13:30:22.10500,1911.750,3
13:30:24.57000,1911.750,2
13:30:25.69500,1912.000,1
13:30:26.39800,1912.000,2
13:30:26.63200,1911.750,1
13:30:26.85500,1912.000,1
13:30:27.60500,1912.000,3
13:30:28.09300,1912.000,77
13:30:28.50700,1912.000,24
13:30:30.14800,1912.000,33
13:30:32.88200,1912.250,1
13:30:33.43700,1912.250,63
13:30:33.57800,1912.000,4
13:30:33.86700,1912.250,2
13:30:34.85900,1912.250,48
13:30:34.92900,1912.250,11
13:30:35.05000,1912.250,5
13:30:35.14800,1912.250,5
13:30:35.25000,1912.250,5
13:30:35.44900,1912.250,10
13:30:35.55800,1912.250,34
13:30:36.13600,1912.500,9
13:30:38.43700,1912.250,1
13:30:40.13200,1912.250,47
13:30:41.08500,1912.500,1
13:30:41.90600,1912.500,100
13:30:41.93700,1912.500,7
13:30:42.08500,1912.500,4
13:30:43.73400,1912.500,17
13:30:45.74200,1912.500,100
13:30:45.75000,1912.500,42
13:30:46.76100,1912.500,4
13:30:47.16400,1912.500,37
13:30:47.20300,1912.750,14
13:30:47.33200,1912.750,3
13:30:47.42100,1912.500,1
13:30:47.66400,1912.750,2
13:30:48.35900,1912.500,3
13:30:49.46000,1912.500,42
13:30:49.57400,1912.500,1
13:30:50.12500,1912.250,12
13:30:50.64000,1912.500,11
13:30:50.87500,1912.500,29
13:30:51.13600,1912.500,9
13:30:51.46000,1912.500,1
13:30:52.25700,1912.500,4
13:30:52.89000,1912.500,10
13:30:53.12100,1912.500,1
13:30:53.39800,1912.500,1
13:30:54.48000,1912.500,1
13:30:55.42500,1912.500,30
13:30:56.96800,1912.500,40
13:30:57.48800,1912.500,1
13:31:00.30400,1912.250,2
13:31:00.93300,1912.500,117
13:31:01.20300,1912.500,1
13:31:03.76900,1912.750,2
13:31:04.34700,1912.750,137
13:31:07.22600,1912.750,1
13:31:08.09700,1912.750,1
13:31:08.59300,1912.750,149
13:31:09.95700,1912.750,2
13:31:10.76100,1912.500,5
13:31:11.59700,1912.750,1
13:31:12.00700,1912.750,2
13:31:13.35500,1912.500,1
13:31:14.16700,1912.750,3
13:31:14.37800,1912.750,47
13:31:14.39000,1912.750,8
13:31:14.53500,1912.750,1
13:31:15.40200,1912.750,1
13:31:17.73400,1912.750,2
13:31:19.77700,1912.500,253
13:31:19.85900,1912.500,10
13:31:20.20700,1912.500,2
13:31:20.38200,1912.500,2
13:31:20.70700,1912.500,3
13:31:20.96000,1912.500,7
13:31:21.25700,1912.500,1
13:31:23.01500,1912.500,1
13:31:24.47600,1912.500,1
13:31:26.36300,1912.500,85
13:31:26.69100,1912.500,3
13:31:27.96800,1912.500,1
13:31:28.85100,1912.500,12
13:31:29.32800,1912.500,2
13:31:30.33900,1912.500,2
13:31:32.82400,1912.500,1
13:31:36.09700,1912.500,2
13:31:36.50700,1912.500,2
13:31:37.23000,1912.500,6
13:31:38.10900,1912.500,1
13:31:38.31600,1912.500,51
13:31:42.26100,1912.500,26
13:31:44.06600,1912.500,20
13:31:44.10100,1912.500,1
13:31:44.28500,1912.500,2
13:31:45.02700,1912.500,16
13:31:45.32000,1912.500,19
13:31:45.48400,1912.500,3
13:31:45.67100,1912.500,1
13:31:47.77300,1912.500,20
13:31:48.35500,1912.500,5
13:31:48.76500,1912.500,6
13:31:48.86700,1912.500,4
13:31:49.82400,1912.500,1
13:31:50.61300,1912.500,1
13:31:53.43700,1912.750,76
13:31:54.15600,1912.500,12
13:31:54.91400,1912.750,1
13:31:56.72600,1912.750,1
13:31:58.14400,1912.750,10
13:31:58.29200,1912.750,10
13:31:58.89400,1912.750,1
13:32:02.28500,1912.500,2
13:32:03.37800,1912.500,44
13:32:08.35500,1912.500,41
13:32:08.46400,1912.500,8
13:32:08.53900,1912.500,1
13:32:08.94900,1912.500,1
13:32:09.23800,1912.250,1
13:32:09.51100,1912.250,2
13:32:10.00000,1912.250,1
13:32:14.35900,1912.250,309
13:32:14.51900,1912.500,1
13:32:15.34300,1912.250,1
13:32:16.90200,1912.500,1
13:32:17.37800,1912.250,1
13:32:17.59700,1912.500,1
13:32:20.05800,1912.250,1
13:32:21.55400,1912.500,3
13:32:22.40600,1912.500,5
13:32:23.24600,1912.250,17
13:32:23.78100,1912.250,59
13:32:25.12100,1912.250,1
13:32:25.48800,1912.500,122
13:32:26.08500,1912.500,15
13:32:30.39000,1912.500,5
13:32:32.46400,1912.250,2
13:32:35.25700,1912.250,21
13:32:36.11300,1912.250,1
13:32:36.53100,1912.500,8
13:32:36.69100,1912.250,1
13:32:37.55800,1912.500,20
13:32:39.83500,1912.500,58
13:32:41.52700,1912.500,8
13:32:42.23800,1912.500,11
13:32:42.72600,1912.500,43
13:32:45.72600,1912.500,21
13:32:46.46800,1912.750,67
13:32:47.18300,1912.750,131
13:32:48.83500,1912.750,1
13:32:50.10500,1912.500,10
13:32:50.62100,1912.750,5
13:32:51.43300,1912.750,1
13:32:51.71000,1912.750,1
13:32:52.48000,1912.750,64
13:32:53.07400,1912.500,2
13:32:54.51500,1912.750,7
13:32:55.14400,1912.750,1
13:32:55.48800,1912.750,1
13:32:55.62100,1912.750,30
13:32:55.63200,1912.750,1
13:32:56.25700,1913.000,93
13:32:56.80400,1913.000,91
13:32:56.82000,1913.000,53
13:32:56.95300,1912.750,1
13:32:57.28900,1913.000,22
13:32:57.42100,1913.000,1
13:32:58.25300,1913.000,7
13:32:58.53100,1912.750,21
13:32:59.26100,1912.750,92
13:32:59.47600,1912.750,1
13:33:00.57000,1912.750,4
13:33:00.73400,1912.750,1
13:33:01.60100,1912.750,1
13:33:01.82000,1912.750,1
13:33:02.66700,1912.750,1
13:33:03.25300,1912.750,1
13:33:03.73400,1912.750,1
13:33:04.26900,1912.750,37
13:33:04.37800,1912.750,12
13:33:04.93300,1912.750,2
13:33:05.28500,1912.750,2
13:33:06.03500,1912.750,1
13:33:07.10100,1912.750,2
13:33:08.34700,1912.750,207
13:33:09.24200,1913.000,1
13:33:10.31600,1913.000,1
13:33:10.44500,1913.000,20
13:33:11.73400,1913.000,1
13:33:12.18300,1913.000,97
13:33:12.51500,1913.000,1
13:33:13.31200,1913.000,1
13:33:13.50700,1913.000,6
13:33:13.67100,1912.750,2
13:33:14.10500,1912.750,1
13:33:15.58200,1913.000,10
13:33:16.20300,1913.000,30
13:33:16.76500,1913.000,1
13:33:17.73400,1913.000,1
13:33:18.91000,1913.000,45
13:33:20.10900,1912.750,86
13:33:20.84300,1913.000,1
13:33:21.85900,1913.000,1
13:33:23.82400,1912.750,40
13:33:26.69900,1912.750,1
13:33:28.79600,1912.750,1
13:33:30.02300,1912.750,3
13:33:35.31600,1912.500,4
13:33:35.66700,1912.500,1
13:33:38.17100,1912.500,243
13:33:44.08500,1912.750,1
13:33:45.07400,1912.500,11
13:33:46.37500,1912.500,1
13:33:47.51500,1912.750,2
13:33:48.77300,1912.500,1
13:33:49.11300,1912.750,68
13:33:49.25000,1912.750,1
13:33:49.45700,1912.750,42
13:33:49.56600,1912.750,32
13:33:51.10500,1912.500,1
13:33:51.42500,1912.750,34
13:33:56.96400,1912.750,43
13:33:57.37500,1913.000,1
13:33:59.49600,1912.750,140
13:34:02.15200,1912.750,57
13:34:04.24600,1912.750,1
13:34:06.89000,1912.500,6
13:34:08.00000,1912.500,1
13:34:13.48800,1912.500,1
13:34:16.48800,1912.750,159
13:34:17.66000,1912.750,1
13:34:18.14400,1912.750,12
13:34:18.25700,1912.750,6
13:34:18.47200,1912.750,17
13:34:18.57800,1912.750,4
13:34:19.34700,1912.750,4
13:34:20.05800,1912.750,66
13:34:25.12500,1912.500,1
13:34:26.08500,1912.750,3
13:34:27.60900,1912.500,5
13:34:27.79600,1912.750,1
13:34:30.70700,1912.750,22
13:34:33.24600,1912.750,5
13:34:36.73400,1912.500,2
13:34:39.57800,1912.500,1
13:34:40.21400,1912.750,1
13:34:42.48000,1912.500,92
13:34:45.05400,1912.750,3
13:34:45.34700,1912.750,5
13:34:48.89400,1912.500,111
13:34:50.28900,1912.500,5
13:34:50.71400,1912.500,1
13:34:51.28900,1912.500,1
13:34:52.14000,1912.500,65
13:34:52.59300,1912.500,1
13:34:52.83900,1912.250,7
13:34:53.80400,1912.250,1
13:34:54.62800,1912.250,1
13:34:56.30400,1912.500,2
13:34:57.66400,1912.250,10
13:35:01.72200,1912.250,6
13:35:02.47200,1912.250,1
13:35:02.81200,1912.250,1
13:35:06.32400,1912.500,89
13:35:06.45300,1912.500,1
13:35:06.95700,1912.500,1
13:35:07.30400,1912.500,1
13:35:11.89400,1912.500,74
13:35:15.42900,1912.500,2
13:35:16.33500,1912.750,20
13:35:17.16400,1912.500,6
13:35:19.67900,1912.750,4
13:35:24.55000,1912.750,222
13:35:24.69900,1912.750,1
13:35:25.33500,1912.750,3
13:35:25.64400,1913.000,5
13:35:25.84300,1913.000,5
13:35:26.00000,1913.000,5
13:35:26.14400,1913.000,5
13:35:26.28100,1913.000,5
13:35:26.43300,1913.000,5
13:35:27.19100,1913.000,1
13:35:29.09300,1912.750,1
13:35:29.96800,1912.750,2
13:35:31.46000,1912.750,1
13:35:31.73000,1912.750,1
13:35:33.90600,1913.000,6
13:35:34.11300,1913.000,3
13:35:34.72200,1913.000,6
13:35:34.89800,1912.750,1
13:35:36.70300,1913.000,3
13:35:37.44500,1913.000,2
13:35:37.77300,1913.000,1
13:35:37.88600,1913.000,1
13:35:39.33500,1913.000,115
13:35:39.37500,1913.000,35
13:35:39.55400,1913.000,4
13:35:39.65600,1913.000,2
13:35:40.01900,1913.000,23
13:35:40.71800,1913.000,1
13:35:41.39800,1913.000,1
13:35:42.10100,1913.000,14
13:35:42.57800,1913.000,1
13:35:42.80000,1913.000,1
13:35:46.96400,1913.000,1
13:35:47.89400,1912.750,135
13:35:49.19100,1912.750,33
13:35:49.37500,1912.750,10
13:35:50.41000,1912.750,7
13:35:50.91000,1912.750,6
13:35:51.11300,1913.000,1
13:35:51.66400,1912.750,1
13:35:51.76100,1913.000,1
13:35:52.27300,1912.750,2
13:35:54.69500,1913.000,1
13:35:55.04600,1913.000,10
13:35:57.71800,1913.000,1
13:35:58.81600,1913.000,2
13:36:00.59300,1913.000,3
13:36:00.75000,1913.000,1
13:36:03.93700,1913.000,3
13:36:04.50000,1912.750,3
13:36:05.09300,1912.750,62
13:36:05.14000,1912.750,11
13:36:06.87800,1912.500,1
13:36:09.78900,1912.500,222
13:36:10.41000,1912.250,21
13:36:11.37500,1912.250,1
13:36:11.70300,1912.250,126
13:36:12.12100,1912.000,6
13:36:12.45300,1912.000,1
13:36:13.25700,1912.000,1
13:36:13.47200,1912.000,3
13:36:13.94100,1912.000,5
13:36:14.57400,1912.000,3
13:36:15.14800,1912.250,107
13:36:16.05400,1912.250,59
13:36:16.42900,1912.250,1
13:36:17.15200,1912.250,13
13:36:19.44100,1912.250,26
13:36:19.57400,1912.250,6
13:36:20.09300,1912.250,1
13:36:21.15200,1912.500,1
13:36:23.25700,1912.250,1
13:36:24.67500,1912.250,34
13:36:24.71000,1912.250,7
13:36:25.14000,1912.500,1
13:36:26.69900,1912.250,3
13:36:27.27300,1912.250,7
13:36:28.94100,1912.250,69
13:36:29.74600,1912.000,2
13:36:30.26100,1912.000,5
13:36:30.46400,1912.000,5
13:36:30.53900,1912.000,5
13:36:30.70300,1912.000,5
13:36:30.85900,1912.000,6
13:36:31.03100,1912.000,5
13:36:31.18300,1912.000,5
13:36:31.23800,1912.250,1
13:36:31.35100,1912.000,5
13:36:31.65600,1912.000,10
13:36:31.82000,1912.000,3
13:36:31.82000,1912.000,3
13:36:32.04200,1912.000,5
13:36:32.54200,1912.000,1
13:36:32.73400,1912.000,5
13:36:33.06200,1912.000,66
13:36:33.32800,1912.000,19
13:36:37.21400,1912.000,1
13:36:37.65200,1912.000,12
13:36:37.86700,1912.250,1
13:36:39.69900,1912.000,1
13:36:40.03900,1912.250,1
13:36:41.08200,1912.000,2
13:36:42.28100,1912.250,3
13:36:42.63600,1912.000,1
13:36:42.79200,1912.250,10
13:36:44.70700,1912.000,2
13:36:45.95700,1912.000,2
13:36:46.11300,1912.250,1
13:36:49.42500,1912.000,1
13:36:50.19500,1912.250,192
13:36:50.53900,1912.500,204
13:36:53.06200,1912.500,115
13:36:53.30800,1912.500,1
13:36:53.41000,1912.500,21
13:36:53.47200,1912.750,1
13:36:54.53500,1912.750,6
13:36:55.60100,1912.750,1
13:36:56.37500,1912.500,1
13:36:58.63600,1912.750,72
13:36:58.79200,1912.750,38
13:36:58.91700,1912.750,22
13:36:59.06200,1912.750,5
13:36:59.41000,1912.750,1
13:36:59.78100,1912.750,1
13:37:01.11700,1912.750,5
13:37:02.42500,1912.750,2
13:37:03.27700,1912.750,2
13:37:07.21400,1912.500,1
13:37:16.42100,1912.750,1
13:37:18.14800,1912.750,1
13:37:18.67100,1912.500,2
13:37:21.36700,1912.500,1
13:37:22.52300,1912.500,1
13:37:26.41400,1912.500,2
13:37:26.68700,1912.500,1
13:37:28.61300,1912.750,122
13:37:28.76900,1912.750,10
13:37:29.55800,1912.750,1
13:37:31.37100,1912.750,17
13:37:32.36700,1913.000,6
13:37:32.53500,1913.000,5
13:37:32.71800,1913.000,5
13:37:32.83500,1913.000,5
13:37:33.05800,1913.000,130
13:37:33.19900,1913.000,6
13:37:33.32000,1913.000,7
13:37:33.48400,1913.000,7
13:37:33.83500,1913.000,1
13:37:35.12800,1913.000,5
13:37:35.26900,1913.000,1
13:37:35.51900,1913.000,5
13:37:35.91400,1913.000,10
13:37:36.10100,1913.000,5
13:37:40.17500,1912.750,1
13:37:46.62100,1912.750,64
13:37:48.96800,1912.750,1
13:37:52.24600,1912.500,27
13:37:56.22600,1912.500,43
13:37:56.72200,1912.500,1
13:37:57.57800,1912.750,100
13:37:58.35900,1912.750,2
13:37:59.78900,1912.500,137
13:38:00.10900,1912.500,2
13:38:00.41000,1912.500,1
13:38:02.73400,1912.750,35
13:38:03.85500,1912.750,1
13:38:08.21800,1912.750,2
13:38:11.37800,1912.750,1
13:38:11.85900,1912.500,1
13:38:12.82000,1912.750,31
13:38:16.06600,1913.000,1
13:38:16.52700,1913.000,1
13:38:17.13200,1913.000,1
13:38:20.83900,1912.750,85
13:38:21.07000,1912.750,4
13:38:21.45700,1912.750,7
13:38:24.27300,1912.750,1
13:38:26.80000,1912.750,48
13:38:29.78100,1912.750,10
13:38:29.86700,1912.750,9
13:38:30.00300,1912.750,16
13:38:30.29200,1912.750,7
13:38:30.39800,1912.750,4
13:38:32.86300,1912.500,1
13:38:34.24600,1912.500,2
13:38:36.00300,1912.750,1
13:38:36.24200,1912.500,5
13:38:37.60900,1912.500,55
13:38:38.14400,1912.250,1
13:38:38.86300,1912.500,5
13:38:39.17900,1912.500,38
13:38:41.74200,1912.500,31
13:38:44.93300,1912.250,2
13:38:44.94500,1912.250,1
13:38:52.23000,1912.250,1
13:38:52.60100,1912.500,2
13:38:57.22200,1912.500,2
13:39:02.33900,1912.250,71
13:39:02.85900,1912.250,1
13:39:04.14800,1912.250,1
13:39:07.14000,1912.500,103
13:39:07.67100,1912.500,26
13:39:09.84700,1912.500,1
13:39:10.19100,1912.500,3
13:39:13.08900,1912.500,22
13:39:13.38200,1912.500,8
13:39:13.54600,1912.500,19
13:39:13.79200,1912.500,19
13:39:14.60900,1912.500,14
13:39:15.02700,1912.500,1
13:39:15.33500,1912.250,2
13:39:16.11700,1912.500,60
13:39:18.61300,1912.500,1
13:39:18.76500,1912.500,6
13:39:21.47200,1912.250,40
13:39:21.53100,1912.250,5
13:39:22.12800,1912.250,1
13:39:25.06200,1912.250,1
13:39:25.22600,1912.250,58
13:39:25.95700,1912.500,1
13:39:26.67100,1912.250,72
13:39:27.15200,1912.250,1
13:39:27.34700,1912.000,1
13:39:28.10500,1912.000,5
13:39:28.42900,1912.000,10
13:39:28.48400,1912.250,3
13:39:28.59700,1912.000,5
13:39:29.10500,1912.000,6
13:39:29.30400,1912.000,5
13:39:29.39800,1912.250,7
13:39:29.45300,1912.250,14
13:39:30.40200,1912.250,4
13:39:34.18300,1912.000,1
13:39:35.03900,1912.000,64
13:39:36.66400,1911.750,7
13:39:36.76900,1912.000,23
13:39:37.24200,1912.250,1
13:39:37.64800,1912.000,6
13:39:37.80400,1912.000,20
13:39:37.94900,1912.000,1
13:39:38.51900,1912.000,10
13:39:42.57400,1912.000,21
13:39:42.78500,1912.000,1
13:39:43.02700,1912.000,1
13:39:44.00000,1911.750,1
13:39:44.61700,1911.750,10
13:39:45.35900,1911.750,1
13:39:45.59300,1911.750,30
13:39:46.05000,1911.750,50
13:39:46.67900,1911.750,1
13:39:47.30400,1911.750,1
13:39:51.80400,1911.750,4
13:39:53.84700,1911.750,2
13:39:55.23400,1911.750,3
13:39:55.64000,1911.750,6
13:39:55.79600,1911.750,2
13:39:55.86300,1911.750,1
13:39:56.44500,1911.750,104
13:39:56.60500,1911.750,3
13:39:56.78500,1911.750,1
13:39:56.80800,1911.750,16
13:39:57.16700,1911.750,8
13:39:57.51900,1911.750,9
13:39:58.41000,1911.750,1
13:39:58.57800,1911.750,51
13:39:58.68700,1911.750,5
13:39:59.32800,1911.750,4
13:39:59.42900,1911.750,1
13:40:00.53500,1912.000,7
13:40:00.58500,1912.000,2
13:40:00.75000,1912.000,5
13:40:00.90200,1911.750,1
13:40:01.53100,1912.000,1
13:40:01.78100,1912.000,108
13:40:01.86700,1912.000,1
13:40:02.19500,1912.000,5
13:40:02.71000,1912.000,2
13:40:03.39400,1912.000,1
13:40:05.92100,1912.000,1
13:40:09.01100,1912.250,61
13:40:09.48800,1912.000,3
13:40:09.75700,1912.000,70
13:40:10.86700,1912.250,1
13:40:13.26100,1912.000,2
13:40:14.63600,1912.000,37
13:40:16.08200,1912.250,1
13:40:20.24600,1912.000,1
13:40:20.71800,1912.000,1
13:40:22.80000,1912.250,2
13:40:24.01900,1912.000,1
13:40:24.18300,1912.250,1
13:40:25.05000,1912.250,80
13:40:25.44900,1912.250,5
13:40:28.74200,1912.250,1
13:40:29.37100,1912.500,1
13:40:31.55400,1912.250,1
13:40:32.83200,1912.250,37
13:40:35.63600,1912.250,3
13:40:38.41400,1912.000,1
13:40:38.90600,1912.250,95
13:40:40.53100,1912.000,1
13:40:42.07400,1912.000,1
13:40:46.75300,1912.250,1
13:40:47.17100,1912.250,5
13:40:48.13600,1912.250,108
13:40:48.48000,1912.250,18
13:40:48.61300,1912.250,1
13:40:48.89000,1912.250,4
13:40:50.27700,1912.250,1
13:40:51.00700,1912.250,1
13:40:53.76100,1912.250,1
13:41:00.87800,1912.250,120
13:41:01.36700,1912.250,12
13:41:01.43300,1912.250,16
13:41:03.23800,1912.250,1
13:41:03.38200,1912.250,1
13:41:09.35900,1912.250,1
13:41:12.49200,1912.250,13
13:41:15.19500,1912.250,1
13:41:15.60500,1912.250,1
13:41:17.15600,1912.500,1
13:41:17.20300,1912.500,2
13:41:18.86300,1912.250,5
13:41:21.64400,1912.500,1
13:41:21.94500,1912.250,1
13:41:31.27700,1912.250,65
13:41:32.63200,1912.250,21
13:41:32.90200,1912.250,1
13:41:35.21400,1912.500,2
13:41:36.43700,1912.250,10
13:41:40.83200,1912.000,54
13:41:41.33500,1912.000,1
13:41:42.47600,1912.000,21
13:41:44.31200,1912.000,2
13:41:46.71400,1912.000,159
13:41:50.81200,1912.250,1
13:41:52.10900,1912.000,2
13:41:56.57400,1912.250,84
13:41:58.97200,1912.250,38
13:42:10.13200,1912.000,72
13:42:10.69500,1912.000,4
13:42:11.29200,1912.000,1
13:42:13.25700,1912.250,1
13:42:14.39400,1912.000,1
13:42:15.14800,1912.000,136
13:42:16.79600,1912.000,1
13:42:17.31600,1912.000,30
13:42:22.35500,1912.000,59
13:42:24.46400,1912.000,47
13:42:25.67100,1912.000,1
13:42:25.88200,1912.000,32
13:42:26.04600,1912.000,10
13:42:26.49200,1912.000,1
13:42:27.10500,1912.000,4
13:42:27.39000,1912.000,3
13:42:28.95700,1911.750,2
13:42:31.08900,1911.750,1
13:42:35.44500,1911.750,191
13:42:36.11300,1911.750,6
13:42:37.01100,1911.750,89
13:42:38.24600,1911.750,6
13:42:38.59300,1911.750,5
13:42:39.50000,1911.750,1
13:42:41.17900,1911.750,5
13:42:41.44500,1911.750,3
13:42:41.92500,1911.750,5
13:42:42.28100,1911.750,1
13:42:44.89400,1911.750,1
13:42:47.54200,1912.000,69
13:42:47.73800,1912.000,1
13:42:49.88600,1912.000,3
13:42:50.30800,1912.000,1
13:42:53.01100,1912.000,2
13:42:53.30000,1912.000,1
13:42:53.64800,1912.250,1
13:42:53.85100,1912.250,66
13:42:53.85900,1912.250,3
13:42:55.55000,1912.250,1
13:42:55.82400,1912.250,1
13:42:57.73800,1912.250,1
13:42:58.18300,1912.250,3
13:42:58.84700,1912.250,1
13:43:00.85100,1912.250,62
13:43:00.92900,1912.250,11
13:43:02.77700,1912.000,1
13:43:03.88200,1912.250,1
13:43:05.03500,1912.000,1
13:43:07.62500,1912.000,1
13:43:09.79200,1912.250,8
13:43:13.02700,1912.250,1
13:43:16.73400,1912.000,1
13:43:17.29200,1912.000,2
13:43:18.44500,1912.000,1
13:43:19.14800,1912.000,1
13:43:22.26100,1912.000,3
13:43:31.17100,1912.000,1
13:43:31.69900,1912.250,2
13:43:32.94900,1912.000,121
13:43:34.42500,1912.000,46
13:43:36.26900,1911.750,2
13:43:40.58900,1911.750,1
13:43:44.42500,1912.000,39
13:43:44.72200,1911.750,1
13:43:48.67900,1911.750,3
13:43:49.69100,1911.750,1
13:43:50.50300,1911.750,2
13:43:54.67500,1911.750,8
13:43:57.29600,1911.750,19
13:43:57.94900,1911.750,45
13:43:59.37100,1911.750,1
13:44:00.87100,1911.500,15
13:44:01.60500,1911.750,2
13:44:02.37100,1911.500,1
13:44:02.92100,1911.500,1
13:44:03.08200,1911.500,1
13:44:04.27700,1911.500,22
13:44:04.31200,1911.500,52
13:44:04.55800,1911.500,291
13:44:05.40600,1911.250,10
13:44:05.55800,1911.250,2
13:44:06.09700,1911.500,1
13:44:06.37500,1911.250,2
13:44:06.64400,1911.250,1
13:44:07.09700,1911.250,1
13:44:07.86300,1911.250,1
13:44:07.96800,1911.250,3
13:44:08.70300,1911.250,1
13:44:10.23400,1911.250,1
13:44:11.21000,1911.250,1
13:44:11.67100,1911.500,1
13:44:12.40600,1911.250,15
13:44:13.26500,1911.250,79
13:44:13.28500,1911.250,58
13:44:13.37800,1911.250,51
13:44:13.53500,1911.250,1
13:44:14.25000,1911.250,25
13:44:14.41000,1911.250,3
13:44:14.62100,1911.000,10
13:44:14.64400,1911.000,1
13:44:15.49200,1911.000,3
13:44:15.56200,1911.000,6
13:44:16.05400,1911.000,2
13:44:16.93700,1911.000,2
13:44:17.25700,1911.000,10
13:44:18.42100,1911.000,1
13:44:19.32800,1911.000,1
13:44:19.58900,1911.000,1
13:44:20.26500,1911.000,1
13:44:21.09700,1911.000,2
13:44:21.66400,1911.000,1
13:44:22.01900,1911.000,1
13:44:22.09300,1911.000,1
13:44:22.40600,1911.000,4
13:44:22.51100,1911.000,20
13:44:22.78100,1911.250,3
13:44:22.91700,1911.000,2
13:44:23.10100,1911.250,2
13:44:25.37800,1911.000,1
13:44:25.51900,1911.250,1
13:44:26.83200,1911.000,2
13:44:28.39800,1911.000,1
13:44:29.66700,1911.000,1
13:44:31.21400,1911.000,363
13:44:31.47200,1911.000,2
13:44:31.86700,1910.750,48
13:44:31.90200,1910.750,1
13:44:32.04200,1910.750,1
13:44:32.20300,1910.750,2
13:44:32.69900,1911.000,415
13:44:33.39400,1911.000,1
13:44:34.09300,1911.000,4
13:44:34.63200,1911.000,1
13:44:35.34300,1911.000,2
13:44:35.77700,1911.000,1
13:44:35.91700,1911.000,52
13:44:36.76500,1911.000,2
13:44:38.35900,1911.000,1
13:44:38.52700,1911.000,1
13:44:39.21400,1911.000,2
13:44:40.31600,1911.000,1
13:44:44.20300,1911.000,119
13:44:45.18700,1911.000,2
13:44:45.32000,1911.000,24
13:44:45.92500,1911.000,94
13:44:45.97200,1911.000,52
13:44:46.11300,1911.000,22
13:44:46.19100,1911.000,6
13:44:46.63600,1911.000,6
13:44:47.78500,1911.250,1
13:44:48.03100,1911.000,1
13:44:49.00700,1911.000,6
13:44:49.82000,1911.000,38
13:44:50.11700,1911.000,21
13:44:50.95700,1911.000,1
13:44:52.01500,1910.750,82
13:44:52.25000,1910.750,10
13:44:56.19900,1910.750,1
13:44:56.61300,1911.000,6
13:44:57.80400,1910.750,2
13:45:00.02700,1910.750,3
13:45:00.42500,1911.000,7
13:45:02.23400,1910.750,1
13:45:02.53100,1911.000,3
13:45:03.62100,1910.750,2
13:45:03.82000,1910.750,1
13:45:04.38200,1910.750,1
13:45:04.71400,1910.750,1
13:45:05.44500,1911.000,2
13:45:05.85100,1911.000,1
13:45:07.63200,1910.750,2
13:45:07.74200,1910.750,1
13:45:09.08500,1911.000,12
13:45:10.08900,1910.750,5
13:45:10.92500,1910.750,1
13:45:11.08200,1910.750,1
13:45:12.59700,1910.750,1
13:45:12.83200,1911.000,1
13:45:13.35100,1910.750,1
13:45:13.73000,1911.000,1
13:45:14.71800,1911.000,6
13:45:14.81200,1911.000,1
13:45:14.87500,1910.750,1
13:45:15.67100,1910.750,1
13:45:16.05400,1911.000,1
13:45:16.55400,1910.750,2
13:45:19.16700,1910.750,50
13:45:19.67900,1910.750,2
13:45:20.07800,1910.750,4
13:45:20.63200,1910.750,17
13:45:21.00000,1910.750,72
13:45:22.19500,1910.750,85
13:45:22.28900,1910.750,3
13:45:22.56600,1910.750,3
13:45:23.07000,1910.750,1
13:45:23.31200,1910.750,1
13:45:24.73400,1910.750,5
13:45:26.79600,1910.750,1
13:45:28.47600,1910.750,3
13:45:30.95700,1910.750,2
13:45:31.09700,1910.750,1
13:45:32.06600,1910.750,1
13:45:34.01500,1910.750,1
13:45:35.10500,1910.750,1
13:45:36.68700,1910.750,1
13:45:37.12800,1910.750,1
13:45:37.70300,1911.000,138
13:45:37.70700,1911.000,120
13:45:37.74200,1911.000,11
13:45:39.08900,1910.750,1
13:45:42.02300,1910.750,1
13:45:44.71800,1910.750,5
13:45:50.02300,1911.000,200
13:45:50.31200,1911.000,8
13:45:50.91000,1911.000,5
13:45:50.92900,1911.000,33
13:45:51.32400,1911.000,2
13:45:51.92900,1911.000,1
13:45:52.84300,1911.000,1
13:45:53.26100,1911.000,53
13:45:53.89800,1911.000,11
13:45:54.40200,1911.000,8
13:45:56.52700,1911.000,1
13:45:57.65200,1911.000,1
13:45:58.06600,1911.250,4
13:45:59.06200,1911.250,1
13:45:59.23000,1911.250,1
13:45:59.31200,1911.250,1
13:46:00.20300,1911.000,75
13:46:00.58900,1911.000,35
13:46:01.07400,1911.000,1
13:46:01.50300,1911.000,12
13:46:01.87800,1911.000,1
13:46:02.64000,1911.000,6
13:46:03.33200,1911.000,3
13:46:05.41400,1911.250,321
13:46:05.91400,1911.250,1
13:46:06.11700,1911.250,2
13:46:06.83500,1911.250,3
13:46:11.39800,1911.250,3
13:46:11.65600,1911.250,39
13:46:11.76100,1911.250,18
13:46:12.39000,1911.250,17
13:46:13.68300,1911.250,1
13:46:14.54200,1911.250,4
13:46:15.14400,1911.250,1
13:46:18.90200,1911.250,29
13:46:21.18700,1911.250,1
13:46:24.14800,1911.250,48
13:46:25.05400,1911.250,5
13:46:28.77300,1911.250,1
13:46:29.50700,1911.250,1
13:46:32.96400,1911.250,1
13:46:38.44900,1911.250,3
13:46:39.11700,1911.500,2
13:46:39.63600,1911.250,2
13:46:39.83200,1911.250,51
13:46:40.05400,1911.500,1
13:46:41.17900,1911.500,1
13:46:41.79200,1911.500,1
13:46:42.41400,1911.250,5
13:46:42.51500,1911.500,1
13:46:43.07400,1911.500,1
13:46:43.53500,1911.250,1
13:46:43.69900,1911.250,1
13:46:43.92900,1911.250,3
13:46:44.05400,1911.250,1
13:46:44.26100,1911.250,1
13:46:44.37500,1911.250,1
13:46:44.61700,1911.250,152
13:46:44.78500,1911.250,13
13:46:45.02700,1911.250,6
13:46:45.67100,1911.250,1
13:46:46.47600,1911.000,7
13:46:46.55400,1911.250,24
13:46:47.05400,1911.250,1
13:46:48.04600,1911.250,15
13:46:49.57400,1911.250,12
13:46:49.69500,1911.250,49
13:46:50.23000,1911.500,10
13:46:51.83900,1911.250,2
13:46:51.94900,1911.250,1
13:46:52.44100,1911.250,1
13:46:53.58900,1911.250,3
13:46:57.66000,1911.250,1
13:46:58.74200,1911.250,4
13:47:02.96800,1911.250,11
13:47:03.58500,1911.250,1
13:47:03.82000,1911.500,1
13:47:07.30000,1911.500,7
13:47:07.87800,1911.500,1
13:47:09.21800,1911.250,27
13:47:10.89800,1911.250,8
13:47:11.41400,1911.250,27
13:47:12.00000,1911.500,1
13:47:16.67900,1911.250,2
13:47:23.55800,1911.250,90
13:47:24.58500,1911.250,87
13:47:25.60100,1911.250,1
13:47:25.67900,1911.250,8
13:47:26.66400,1911.250,11
13:47:26.85100,1911.250,29
13:47:27.25300,1911.250,38
13:47:28.40200,1911.250,13
13:47:28.67500,1911.250,1
13:47:30.13600,1911.250,1
13:47:30.55000,1911.500,25
13:47:33.46400,1911.250,6
13:47:35.54600,1911.250,1
13:47:36.56600,1911.250,31
13:47:36.80400,1911.250,26
13:47:37.37100,1911.250,2
13:47:38.96800,1911.250,32
13:47:40.28900,1911.250,1
13:47:40.69900,1911.000,2
13:47:41.23800,1911.250,1
13:47:42.72200,1911.250,5
13:47:43.62800,1911.250,1
13:47:44.56200,1911.250,1
13:47:48.73800,1911.250,131
13:47:48.82000,1911.250,13
13:47:49.07000,1911.000,110
13:47:50.19500,1911.250,34
13:47:50.56200,1911.250,5
13:47:50.57000,1911.250,1
13:47:51.24600,1911.250,2
13:47:51.76500,1911.000,129
13:47:51.77700,1911.000,2
13:47:55.86700,1911.000,1
13:48:00.78900,1911.000,115
13:48:05.24600,1911.000,1
13:48:06.82400,1911.250,55
13:48:12.05800,1911.250,1
13:48:12.87500,1911.500,192
13:48:13.52700,1911.500,1
13:48:13.85100,1911.500,6
13:48:14.07000,1911.500,5
13:48:16.46000,1911.500,3
13:48:16.74200,1911.500,2
13:48:16.89800,1911.500,1
13:48:17.21800,1911.500,1
13:48:17.40600,1911.500,2
13:48:17.53100,1911.500,1
13:48:17.71800,1911.500,1
13:48:18.53500,1911.500,1
13:48:19.66700,1911.500,1
13:48:19.91400,1911.500,1
13:48:20.26100,1911.500,5
13:48:21.30800,1911.500,1
13:48:21.52300,1911.500,1
13:48:22.01100,1911.500,1
13:48:22.48800,1911.250,1
13:48:22.82400,1911.500,1
13:48:23.74200,1911.500,1
13:48:23.89400,1911.500,3
13:48:24.90600,1911.500,3
13:48:25.66700,1911.500,6
13:48:27.13200,1911.250,1
13:48:27.28900,1911.250,2
13:48:27.64400,1911.250,1
13:48:29.04200,1911.250,1
13:48:30.55400,1911.250,1
13:48:33.01100,1911.250,1
13:48:38.38600,1911.500,6
13:48:39.63200,1911.500,38
13:48:41.08900,1911.500,6
13:48:41.62500,1911.500,5
13:48:41.85900,1911.500,2
13:48:42.21800,1911.500,5
13:48:42.31200,1911.500,3
13:48:42.60900,1911.500,25
13:48:42.83200,1911.500,17
13:48:43.01500,1911.500,1
13:48:44.58500,1911.500,28
13:48:44.67500,1911.500,2
13:48:44.77300,1911.500,13
13:48:55.92900,1911.250,1
13:48:58.32800,1911.250,59
13:48:58.63600,1911.250,54
13:48:58.89800,1911.250,3
13:48:59.13200,1911.250,5
13:48:59.62100,1911.250,5
13:49:00.51500,1911.250,5
13:49:02.91700,1911.250,7
13:49:08.36300,1911.000,10
13:49:08.68700,1911.000,10
13:49:08.83900,1911.000,5
13:49:09.01500,1911.000,5
13:49:09.16000,1911.000,5
13:49:09.62100,1911.250,1
13:49:12.53100,1911.250,1
13:49:16.19500,1911.250,87
13:49:20.10500,1911.500,3
13:49:20.84700,1911.250,1
13:49:21.43700,1911.500,1
13:49:21.94100,1911.500,4
13:49:33.01900,1911.250,2
13:49:33.39400,1911.500,7
13:49:35.04200,1911.500,95
13:49:37.04200,1911.500,2
13:49:42.06200,1911.750,16
13:49:43.87500,1911.750,51
13:49:46.70300,1911.750,5
13:49:47.05800,1911.750,23
13:49:47.38200,1911.750,41
13:49:48.20300,1911.750,3
13:49:48.60900,1911.750,31
13:49:50.46400,1911.750,9
13:49:50.57400,1911.750,19
13:49:50.85100,1911.750,5
13:49:51.03900,1911.750,1
13:49:51.39400,1912.000,36
13:49:51.46400,1912.000,1
13:49:51.94900,1912.000,1
13:49:52.48000,1912.000,1
13:49:52.54600,1912.000,1
13:49:53.16000,1911.750,64
13:49:53.80400,1911.750,11
13:49:54.60900,1911.750,1
13:49:55.51900,1911.750,1
13:49:56.38600,1911.750,15
13:49:57.25300,1911.750,1
13:49:57.82400,1911.750,1
13:49:58.57400,1911.500,10
13:49:58.65600,1911.500,1
13:49:59.42100,1911.750,1
13:50:01.33900,1911.750,15
13:50:02.87800,1911.750,1
13:50:03.89400,1911.750,24
13:50:04.72600,1911.750,5
13:50:04.91000,1911.750,22
13:50:06.80400,1911.750,1
13:50:07.89400,1911.750,10
13:50:09.37800,1911.750,20
13:50:11.19100,1912.000,130
13:50:12.57800,1911.750,3
13:50:12.66400,1912.000,11
13:50:13.16000,1912.000,3
13:50:13.45300,1912.000,1
13:50:14.87800,1912.000,1
13:50:17.57000,1912.000,103
13:50:17.74200,1912.000,1
13:50:19.30800,1912.000,1
13:50:20.96400,1912.000,1
13:50:21.85100,1912.000,1
13:50:23.58200,1912.000,1
13:50:23.90200,1912.000,4
13:50:24.25300,1912.000,1
13:50:24.89000,1912.000,2
13:50:30.12100,1911.750,1
13:50:31.58500,1912.000,2
13:50:33.03500,1911.750,1
13:50:34.52300,1912.000,1
13:50:35.22600,1912.000,3
13:50:36.46000,1911.750,1
13:50:38.07000,1912.000,4
13:50:38.67100,1912.000,1
13:50:39.17900,1912.000,2
13:50:39.37800,1912.000,1
13:50:40.41000,1912.000,2
13:50:40.58500,1912.000,2
13:50:43.01900,1912.000,89
13:50:43.05800,1912.000,15
13:50:43.14000,1912.000,16
13:50:43.51900,1912.000,5
13:50:45.45700,1912.000,1
13:50:47.10900,1912.250,19
13:50:47.29200,1912.000,1
13:50:48.57400,1912.250,1
13:50:48.83900,1912.250,1
13:50:51.78500,1912.000,96
13:50:51.87800,1912.000,1
13:50:52.91000,1912.250,215
13:50:52.91000,1912.250,20
13:50:53.53500,1912.250,1
13:50:54.05800,1912.250,6
13:50:54.90600,1912.250,1
13:50:55.52700,1912.250,2
13:50:56.28100,1912.250,2
13:50:56.86700,1912.250,19
13:50:57.03100,1912.000,10
13:50:57.33500,1912.250,42
13:50:58.13600,1912.250,1
13:50:59.04200,1912.250,4
13:51:03.54600,1912.250,4
13:51:04.07800,1912.250,1
13:51:08.34300,1912.000,1
13:51:08.51900,1912.250,1
13:51:13.00300,1912.250,1
13:51:14.28100,1912.000,1
13:51:16.45300,1912.000,1
13:51:17.00000,1912.250,5
13:51:18.83900,1912.250,1
13:51:20.02700,1912.000,194
13:51:20.06600,1911.750,223
13:51:20.50000,1911.750,1
13:51:26.10500,1911.500,2
13:51:31.90200,1911.500,1
13:51:32.17900,1911.500,17
13:51:32.73000,1911.750,1
13:51:33.04600,1911.500,1
13:51:33.19500,1911.500,1
13:51:37.52300,1911.500,12
13:51:38.05400,1911.500,4
13:51:38.27700,1911.500,5
13:51:38.48400,1911.500,134
13:51:38.67900,1911.500,2
13:51:38.73800,1911.250,2
13:51:42.08200,1911.500,1
13:51:42.41700,1911.500,1
13:51:43.07000,1911.500,95
13:51:47.09300,1911.500,1
13:51:52.08200,1911.500,1
13:51:55.27700,1911.500,1
13:51:55.56200,1911.500,91
13:52:00.36300,1911.500,2
13:52:00.45300,1911.500,5
13:52:01.52700,1911.750,7
13:52:01.91700,1911.500,1
13:52:03.06200,1911.500,1
13:52:03.51900,1911.500,1
13:52:04.55400,1911.500,3
13:52:09.32400,1911.500,124
13:52:17.49200,1911.750,36
13:52:21.88600,1911.750,1
13:52:22.07000,1911.750,1
13:52:23.65200,1911.750,15
13:52:24.08200,1911.500,1
13:52:26.83500,1911.500,1
13:52:28.03900,1911.500,1
13:52:29.62800,1911.500,1
13:52:29.89800,1911.500,3
13:52:30.80400,1911.500,10
13:52:32.62100,1911.500,10
13:52:33.06200,1911.500,1
13:52:34.42500,1911.500,42
13:52:36.53900,1911.500,1
13:52:37.19900,1911.750,4
13:52:38.96000,1911.750,1
13:52:39.26900,1912.000,110
13:52:40.52300,1911.750,2
13:52:43.50000,1911.750,734
13:52:43.58200,1911.750,107
13:52:45.01900,1911.750,6
13:52:47.08200,1911.250,117
13:52:48.23000,1911.500,1
13:52:49.16400,1911.250,1
13:52:50.07000,1911.250,1
13:52:50.62500,1911.500,115
13:52:53.31600,1911.500,3
13:52:56.00700,1911.500,1
13:52:59.78500,1911.500,1
13:53:07.68700,1911.250,4
13:53:08.92100,1911.500,1
13:53:10.41000,1911.250,1
13:53:11.51100,1911.250,1
13:53:17.25300,1911.500,1
13:53:19.49600,1911.250,2
13:53:19.60500,1911.500,1
13:53:21.73000,1911.500,1
13:53:23.26100,1911.500,1
13:53:26.66000,1911.500,103
13:53:29.74200,1911.250,146
13:53:40.19900,1911.250,2
13:53:40.82800,1911.250,2
13:53:44.60500,1911.250,1
13:53:45.49600,1911.250,1
13:53:45.79200,1911.250,1
13:53:46.70300,1911.250,1
13:53:50.10500,1911.250,3
13:53:51.06600,1911.250,1
13:53:52.57400,1911.250,1
13:53:56.89800,1911.500,1
13:53:58.29200,1911.250,121
13:54:06.64800,1911.500,3
13:54:07.63200,1911.500,1
13:54:09.66000,1911.250,1
13:54:10.00300,1911.500,6
13:54:12.74200,1911.250,10
13:54:17.48000,1911.250,93
13:54:17.60500,1911.250,7
13:54:17.70300,1911.250,28
13:54:18.09300,1911.250,5
13:54:18.69500,1911.250,1
13:54:19.53500,1911.250,1
13:54:20.58900,1911.250,14
13:54:20.75700,1911.250,8
13:54:21.42100,1911.250,12
13:54:21.62500,1911.250,2
13:54:21.85900,1911.250,1
13:54:22.29200,1911.250,16
13:54:22.71000,1911.250,2
13:54:23.46400,1911.000,112
13:54:23.46400,1910.750,255
13:54:23.76100,1910.750,687
13:54:24.05000,1910.500,3
13:54:24.91000,1910.750,2
13:54:26.26900,1910.500,2
13:54:26.59300,1910.500,1
13:54:27.03100,1910.750,270
13:54:27.23400,1910.500,344
13:54:27.51100,1910.750,1
13:54:28.09700,1910.750,28
13:54:28.35100,1910.750,1
13:54:28.80400,1910.750,1
13:54:29.15200,1910.750,3
13:54:29.64400,1910.750,4
13:54:30.12500,1910.750,1
13:54:30.66700,1910.750,1
13:54:30.89800,1910.750,14
13:54:31.45700,1910.750,3
13:54:32.09300,1910.750,2
13:54:32.51900,1910.750,1
13:54:32.76500,1910.750,2
13:54:34.07400,1910.750,147
13:54:35.28900,1910.500,10
13:54:35.71800,1910.750,53
13:54:35.79600,1910.750,2
13:54:36.05800,1910.750,5
13:54:39.64000,1911.000,2
13:54:40.15600,1910.750,97
13:54:40.23400,1910.750,124
13:54:40.58900,1910.750,2
13:54:47.42900,1910.750,21
13:54:49.48400,1910.750,1
13:54:50.00700,1910.750,2
13:54:50.32400,1910.750,3
13:54:51.07000,1911.000,64
13:54:51.37100,1911.000,1
13:54:51.59300,1911.000,9
13:54:52.07400,1910.750,22
13:54:52.23400,1911.000,2
13:54:53.16000,1910.750,8
13:54:55.59300,1910.750,1
13:54:57.54200,1910.750,2
13:54:58.17900,1910.750,1
13:55:02.23000,1911.000,158
13:55:02.46800,1911.000,79
13:55:02.77700,1911.000,1
13:55:03.64000,1911.000,45
13:55:09.43700,1911.000,74
13:55:10.36300,1911.000,22
13:55:11.26500,1911.000,3
13:55:12.28100,1911.000,47
13:55:12.45700,1911.000,1
13:55:12.69900,1911.000,18
13:55:13.21000,1911.000,9
13:55:21.91000,1910.750,1
13:55:22.07800,1910.750,2
13:55:23.41000,1911.000,1
13:55:26.03100,1910.750,1
13:55:28.58500,1911.000,90
13:55:28.59700,1911.000,22
13:55:29.15200,1911.000,2
13:55:34.65600,1911.000,12
13:55:35.26500,1911.000,2
13:55:36.10500,1911.000,2
13:55:36.55800,1911.000,3
13:55:37.23400,1910.750,122
13:55:38.17900,1911.000,1
13:55:39.37100,1911.000,2
13:55:42.33500,1911.000,2
13:55:42.76500,1911.000,1
13:55:44.13200,1911.000,5
13:55:45.87500,1911.000,1
13:55:49.88200,1910.750,1
13:55:50.78500,1910.750,1
13:55:53.31200,1910.750,334
13:55:53.93700,1910.750,11
13:55:55.15200,1910.750,1
13:55:55.46800,1910.750,1
13:55:56.84700,1911.000,1
13:55:57.17100,1911.000,1
13:55:59.18300,1910.750,15
13:55:59.80000,1910.750,5
13:56:02.80000,1911.000,4
13:56:03.11700,1910.750,1
13:56:05.09700,1911.000,2
13:56:05.48000,1910.750,40
13:56:11.75000,1911.000,33
13:56:12.01900,1911.000,9
13:56:12.12800,1911.000,45
13:56:13.16700,1911.000,1
13:56:13.78900,1911.000,3
13:56:16.72600,1910.750,1
13:56:19.94100,1911.000,1
13:56:21.14400,1910.750,159
13:56:21.65600,1910.750,60
13:56:22.03900,1910.750,3
13:56:23.24200,1910.750,1
13:56:23.94900,1910.750,1
13:56:25.46000,1911.000,2
13:56:30.01900,1911.000,1
13:56:31.55800,1910.750,1
13:56:33.11300,1910.750,1
13:56:33.56600,1910.750,10
13:56:35.11700,1910.750,5
13:56:35.26900,1910.750,5
13:56:35.43700,1910.750,5
13:56:35.74200,1910.750,25
13:56:35.90200,1910.750,5
13:56:42.91700,1910.750,2
13:56:43.60900,1911.000,2
13:56:44.94100,1911.000,9
13:56:46.19500,1911.000,291
13:56:46.37100,1911.000,1
13:56:48.28100,1911.000,9
13:56:49.20700,1911.000,1
13:56:49.95700,1911.000,1
13:56:50.67500,1911.000,1
13:56:52.21000,1911.000,1
13:56:53.73000,1911.000,1
13:56:54.08900,1911.000,31
13:56:54.53500,1910.750,3
13:56:54.91700,1911.000,7
13:56:55.54200,1911.250,176
13:56:57.49200,1911.250,6
13:56:58.62800,1911.000,1
13:56:58.74600,1911.250,104
13:56:59.76900,1911.250,10
13:57:02.24200,1911.500,174
13:57:03.53100,1911.500,61
13:57:03.65600,1911.500,1
13:57:04.24600,1911.500,10
13:57:05.01900,1911.500,1
13:57:05.59300,1911.500,28
13:57:05.70300,1911.500,1
13:57:07.00700,1911.500,1
13:57:07.35100,1911.250,15
13:57:07.65200,1911.500,1
13:57:09.12500,1911.500,7
13:57:09.74600,1911.500,1
13:57:10.61700,1911.500,5
13:57:11.80000,1911.500,102
13:57:12.25300,1911.500,60
13:57:13.17900,1911.250,1
13:57:13.54200,1911.500,88
13:57:14.89800,1911.500,5
13:57:16.17900,1911.500,9
13:57:16.43700,1911.500,1
13:57:16.93300,1911.500,33
13:57:18.83900,1911.500,50
13:57:18.94900,1911.500,5
13:57:19.58500,1911.250,10
13:57:24.18300,1911.250,140
13:57:24.29600,1911.250,5
13:57:25.57400,1911.000,1
13:57:29.27300,1911.250,1
13:57:30.39400,1911.250,97
13:57:31.03100,1911.250,18
13:57:31.41000,1911.250,55
13:57:31.50700,1911.250,14
13:57:35.73400,1911.250,40
13:57:35.88200,1911.250,7
13:57:37.79200,1911.250,10
13:57:43.87800,1911.500,2
13:57:50.16000,1911.250,1
13:57:58.53500,1911.500,11
13:57:58.69100,1911.500,39
13:57:59.17100,1911.500,11
13:58:01.30800,1911.500,2
13:58:01.91400,1911.500,120
13:58:02.82000,1911.500,16
13:58:04.41000,1911.500,1
13:58:04.71000,1911.500,12
13:58:04.89800,1911.500,28
13:58:05.49600,1911.500,21
13:58:05.74200,1911.500,1
13:58:06.38200,1911.500,21
13:58:06.94500,1911.500,2
13:58:07.85500,1911.250,8
13:58:10.16700,1911.250,1
13:58:11.53500,1911.250,5
13:58:12.28100,1911.500,110
13:58:12.41000,1911.750,3
13:58:13.23800,1911.750,3
13:58:13.55400,1911.750,1
13:58:14.13200,1911.750,2
13:58:16.67500,1911.750,2
13:58:17.75300,1911.500,20
13:58:19.22600,1911.750,1
13:58:21.26500,1911.750,2
13:58:25.84300,1911.750,1
13:58:25.94900,1911.750,1
13:58:27.32400,1911.750,2
13:58:27.65200,1911.750,1
13:58:28.10900,1911.750,10
13:58:28.58500,1911.750,113
13:58:29.12100,1911.750,2
13:58:29.58200,1911.750,1
13:58:30.43700,1911.750,50
13:58:30.81200,1911.750,1
13:58:31.24600,1911.750,2
13:58:34.45300,1911.500,1
13:58:34.69100,1911.750,1
13:58:35.89400,1911.500,10
13:58:36.89400,1911.500,10
13:58:38.45300,1911.750,2
13:58:38.92100,1911.750,1
13:58:41.69100,1911.750,1
13:58:42.18300,1911.750,4
13:58:42.60900,1911.750,56
13:58:42.73000,1911.750,1
13:58:43.25300,1911.750,18
13:58:43.73800,1911.750,5
13:58:43.88600,1911.750,1
13:58:44.59300,1911.750,1
13:58:46.96400,1911.750,4
13:58:47.94100,1911.500,2
13:58:50.05400,1911.750,7
13:58:50.60500,1911.750,5
13:58:50.77700,1911.750,5
13:58:50.92500,1911.750,5
13:58:51.11700,1911.750,5
13:58:51.27300,1911.750,5
13:58:51.66700,1911.750,2
13:58:54.15200,1911.750,15
13:58:54.22600,1911.750,5
13:58:54.38200,1911.750,5
13:58:54.54200,1911.750,6
13:58:54.69900,1911.750,5
13:58:55.01500,1911.750,21
13:58:55.60900,1911.500,14
13:58:55.79600,1911.750,1
13:58:56.83500,1911.750,1
13:58:57.69100,1911.500,71
13:59:01.60900,1911.750,2
13:59:01.94100,1911.750,1
13:59:02.19900,1911.750,3
13:59:03.19100,1911.750,7
13:59:03.90600,1911.750,72
13:59:06.01100,1911.750,1
13:59:06.36300,1911.500,87
13:59:08.53500,1911.750,23
13:59:10.42500,1911.500,45
13:59:10.77700,1911.500,175
13:59:10.91400,1911.500,12
13:59:11.57400,1911.500,29
13:59:13.97200,1911.500,25
13:59:14.17500,1911.750,1
13:59:14.85900,1911.750,1
13:59:15.51100,1911.750,1
13:59:16.58200,1911.500,10
13:59:17.71000,1911.750,2
13:59:18.14400,1911.750,1
13:59:19.32800,1911.750,1
13:59:21.38600,1911.750,1
13:59:23.85900,1911.500,7
13:59:24.29600,1911.750,1
13:59:25.24600,1911.750,1
13:59:25.35500,1911.750,2
13:59:25.76900,1911.500,1
13:59:26.80800,1911.750,1
13:59:28.91000,1911.750,3
13:59:30.60900,1911.750,5
13:59:32.55800,1911.750,1
13:59:33.06200,1911.500,25
13:59:33.15200,1911.500,1
13:59:34.15600,1911.750,1
13:59:35.15200,1911.750,94
13:59:36.37500,1911.750,1
13:59:37.55400,1911.750,1
13:59:38.01900,1911.750,1
13:59:38.32800,1911.750,1
13:59:39.21000,1911.750,1
13:59:39.96400,1911.750,1
13:59:40.74200,1911.750,1
13:59:42.75700,1911.750,1
13:59:44.72600,1911.750,1
13:59:44.97200,1911.750,3
13:59:45.74600,1911.750,2
13:59:46.69900,1911.750,1
13:59:46.94100,1911.500,3
13:59:48.08500,1911.750,2
13:59:50.71000,1911.750,4
13:59:51.60100,1912.000,471
13:59:51.69100,1911.750,25
13:59:52.86700,1912.000,1
13:59:53.69100,1912.000,275
13:59:53.88200,1912.000,1
13:59:54.07800,1912.000,14
13:59:54.75700,1912.000,32
13:59:56.23400,1912.000,1
13:59:57.46000,1912.250,11
13:59:57.66400,1912.000,1
13:59:58.38200,1912.250,6
13:59:58.93300,1912.250,45
13:59:59.16700,1912.250,1
13:59:59.96400,1912.250,1
14:00:00.51100,1912.000,0
14:00:00.62100,1912.250,2
14:00:01.25300,1912.250,1
14:00:02.30400,1912.000,98
14:00:02.30800,1912.000,32
14:00:02.76500,1912.000,118
14:00:03.35100,1912.000,2
14:00:03.55400,1912.000,3
14:00:05.82800,1912.000,5
14:00:06.57800,1911.750,1
14:00:07.08500,1912.000,161
14:00:11.54600,1911.750,1
14:00:12.17100,1912.000,2
14:00:13.64000,1911.750,299
14:00:15.19500,1911.750,4
14:00:15.96800,1912.000,1
14:00:24.65200,1912.000,2
14:00:25.14800,1911.750,2
14:00:27.74200,1912.000,1
14:00:32.21800,1912.000,1
14:00:33.05000,1911.750,1
14:00:33.17100,1911.750,1
14:00:33.69100,1911.250,419
14:00:33.80400,1911.500,6
14:00:34.30400,1911.500,1
14:00:34.85500,1911.250,1
14:00:35.14400,1911.250,1
14:00:35.32800,1911.500,1
14:00:35.61700,1911.500,707
14:00:36.63600,1911.500,1
14:00:37.38600,1911.500,2
14:00:38.62500,1911.750,107
14:00:42.14800,1911.750,21
14:00:46.75700,1911.750,1
14:00:49.75300,1911.750,1
14:00:50.39000,1912.000,27
14:00:51.24600,1912.000,76
14:00:51.49600,1912.000,7
14:00:51.92500,1912.250,1
14:00:52.50700,1912.000,117
14:00:53.37500,1912.000,2
14:00:53.77300,1912.000,1
14:00:54.16700,1912.000,38
14:01:01.47200,1911.750,133
14:01:01.61700,1911.500,1
14:01:06.69500,1911.750,7
14:01:07.96800,1911.750,13
14:01:08.00700,1911.750,5
14:01:08.60500,1911.500,3
14:01:10.71400,1911.750,42
14:01:11.41700,1911.750,5
14:01:12.46400,1912.000,2
14:01:14.58500,1912.000,1
14:01:18.75700,1912.000,3
14:01:19.18700,1911.750,1
14:01:19.32400,1911.750,1
14:01:25.02300,1912.000,3
14:01:25.37100,1912.000,44
14:01:26.05000,1912.000,1
14:01:26.34300,1912.000,4
14:01:27.47600,1911.750,361
14:01:27.57000,1911.750,14
14:01:28.87100,1911.750,53
14:01:28.92900,1912.000,32
14:01:28.94500,1911.750,3
14:01:29.41400,1912.000,15
14:01:30.64800,1911.750,1
14:01:32.90200,1911.750,2
14:01:35.01900,1912.000,3
14:01:37.03900,1911.750,1
14:01:37.26500,1911.750,1
14:01:38.58200,1911.750,1
14:01:38.83500,1912.000,4
14:01:39.14800,1912.000,1
14:01:40.03500,1911.750,55
14:01:40.58200,1911.750,10
14:01:40.74600,1911.750,24
14:01:41.05400,1911.750,15
14:01:42.34300,1911.750,1
14:01:43.69900,1911.750,2
14:01:44.13600,1911.500,1
14:01:44.69500,1911.750,4
14:01:45.05400,1911.750,4
14:01:45.94100,1911.750,1
14:01:46.05400,1911.750,1
14:01:46.31600,1911.750,1
14:01:46.65200,1911.750,31
14:01:46.95300,1911.750,21
14:01:47.18300,1911.750,4
14:01:49.88600,1912.000,1
14:01:52.36300,1912.000,62
14:01:52.51500,1912.000,3
14:01:52.73800,1912.000,6
14:01:55.02300,1912.000,12
14:01:57.00000,1911.750,1
14:01:58.45300,1912.000,1
14:01:59.72200,1912.000,1
14:01:59.96000,1911.750,1
14:02:01.70700,1911.750,11
14:02:03.06600,1912.000,6
14:02:03.20700,1911.750,1
14:02:03.57000,1912.000,1
14:02:04.26500,1912.000,1
14:02:06.30000,1912.000,1
14:02:07.15200,1912.000,2
14:02:07.50000,1912.000,2
14:02:16.72200,1912.000,17
14:02:20.05400,1912.000,9
14:02:21.83500,1911.750,2
14:02:26.37800,1911.750,1
14:02:27.11300,1911.750,4
14:02:30.02300,1912.000,9
14:02:31.28100,1911.750,1
14:02:33.21800,1911.750,1
14:02:33.26900,1911.750,1
14:02:33.57400,1911.750,1
14:02:34.80000,1911.750,1
14:02:36.85900,1911.750,12
14:02:38.46000,1911.750,1
14:02:38.67500,1911.750,131
14:02:38.81600,1911.750,93
14:02:40.03500,1911.750,69
14:02:42.64800,1912.000,1
14:02:43.49600,1911.750,1
14:02:47.96400,1911.750,3
14:02:50.05400,1912.000,2
14:02:50.19100,1911.750,1
14:02:53.25000,1912.000,1
14:03:00.03100,1912.000,5
14:03:01.75700,1912.000,92
14:03:03.23000,1911.750,1
14:03:05.27700,1912.000,1
14:03:10.02700,1911.750,7
14:03:11.62100,1912.000,1
14:03:12.59700,1911.750,1
14:03:14.16700,1911.750,1
14:03:14.58500,1911.750,2
14:03:15.19900,1911.750,4
14:03:19.35100,1912.000,7
14:03:21.26900,1911.750,1
14:03:21.57800,1911.750,290
14:03:21.76500,1911.750,9
14:03:22.04600,1911.750,57
14:03:22.30000,1911.750,2
14:03:22.61700,1911.750,2
14:03:23.56200,1911.750,115
14:03:24.07000,1911.750,1
14:03:26.19100,1911.750,1
14:03:27.26100,1911.750,1
14:03:28.89000,1911.750,9
14:03:30.83200,1911.750,2
14:03:31.76500,1911.750,2
14:03:42.60500,1911.750,7
14:03:44.31200,1912.000,5
14:03:44.67100,1911.750,14
14:03:45.35500,1911.750,2
14:03:46.89000,1911.750,8
14:03:47.69500,1912.000,162
14:03:50.42100,1911.750,1
14:03:54.58200,1912.000,1
14:03:55.89800,1911.750,223
14:03:56.26100,1911.750,68
14:03:58.09300,1911.750,59
14:03:59.05400,1911.750,64
14:03:59.18300,1911.750,13
14:04:00.03500,1911.750,2
14:04:00.18700,1911.750,7
14:04:00.34700,1911.750,2
14:04:04.00700,1911.750,207
14:04:05.25300,1911.750,1
14:04:05.92900,1911.750,4
14:04:08.80000,1911.750,1
14:04:10.11700,1911.750,1
14:04:11.10100,1911.750,5
14:04:12.50700,1911.750,7
14:04:15.83500,1911.750,5
14:04:16.07000,1911.750,8
14:04:16.69500,1911.750,132
14:04:20.02300,1911.750,12
14:04:22.57000,1911.750,6
14:04:23.66700,1911.750,5
14:04:28.23800,1911.500,3
14:04:30.68700,1911.750,4
14:04:31.43700,1911.500,1
14:04:33.22600,1911.500,1
14:04:37.44100,1911.500,1
14:04:40.23000,1911.750,5
14:04:45.09700,1911.750,4
14:04:46.68300,1911.750,23
14:04:48.30000,1911.750,2
14:04:48.39400,1911.750,41
14:04:48.56600,1911.750,1
14:04:49.15200,1911.750,4
14:04:50.06600,1911.750,84
14:04:50.46000,1911.750,5
14:04:50.70300,1911.750,32
14:04:51.02300,1911.750,38
14:04:53.16700,1912.000,1
14:04:53.75300,1912.000,1
14:04:54.86300,1912.000,5
14:04:55.09300,1912.000,5
14:04:55.27300,1912.000,5
14:04:55.50000,1912.000,5
14:04:55.64000,1911.750,1
14:04:55.69500,1912.000,5
14:04:55.92900,1912.000,5
14:05:01.85500,1912.000,91
14:05:02.28100,1911.750,1
14:05:02.46000,1912.000,1
14:05:03.48800,1912.000,1
14:05:04.12100,1912.000,2
14:05:04.30400,1912.000,1
14:05:04.82400,1912.000,2
14:05:06.01900,1911.750,1
14:05:07.45300,1912.000,3
14:05:09.71000,1912.000,5
14:05:10.93700,1911.750,1
14:05:12.07400,1912.000,47
14:05:17.27700,1912.000,1
14:05:19.55400,1912.000,1
14:05:19.71400,1912.000,1
14:05:21.49200,1912.000,122
14:05:22.92500,1912.000,2
14:05:24.09300,1912.000,3
14:05:24.46000,1912.000,1
14:05:25.27300,1912.000,3
14:05:26.25000,1911.750,100
14:05:26.33500,1911.750,165
14:05:28.69500,1911.750,2
14:05:30.39000,1911.750,1
14:05:32.05400,1911.750,27
14:05:33.78900,1912.000,2
14:05:35.96400,1911.750,1
14:05:38.28900,1912.000,1
14:05:38.78100,1912.000,105
14:05:39.69100,1912.250,3
14:05:42.01500,1912.250,1
14:05:43.08900,1912.250,1
14:05:43.39400,1912.250,1
14:05:43.82000,1912.000,1
14:05:44.15600,1912.250,1
14:05:45.30400,1912.250,97
14:05:46.25000,1912.250,130
14:05:46.37500,1912.250,1
14:05:46.94900,1912.250,1
14:05:47.46400,1912.250,2
14:05:47.84300,1912.250,5
14:05:48.32400,1912.000,2
14:05:48.50700,1912.250,1
14:05:49.03500,1912.250,1
14:05:49.58500,1912.250,1
14:05:49.92100,1912.250,1
14:05:50.84300,1912.250,4
14:05:50.96000,1912.250,1
14:05:51.91400,1912.250,1
14:05:52.21000,1912.250,53
14:05:52.26500,1912.250,14
14:05:52.64800,1912.250,53
14:05:53.10100,1912.250,8
14:05:53.37800,1912.250,9
14:05:53.67100,1912.250,16
14:05:54.14400,1912.250,145
14:05:55.17100,1912.250,8
14:05:55.46000,1912.250,14
14:05:55.69500,1912.250,1
14:05:56.23800,1912.250,1
14:05:56.88200,1912.250,1
14:05:57.30400,1912.250,1
14:05:57.73400,1912.250,20
14:05:58.36700,1912.500,1
14:05:59.47200,1912.500,1
14:06:00.40600,1912.500,233
14:06:01.15600,1912.500,1
14:06:01.49600,1912.250,1
14:06:01.77300,1912.500,42
14:06:02.92100,1912.500,2
14:06:03.20300,1912.250,1
14:06:03.87100,1912.500,2
14:06:04.05400,1912.500,1
14:06:04.35100,1912.500,67
14:06:04.52700,1912.500,37
14:06:05.12500,1912.750,101
14:06:05.38600,1912.500,2
14:06:05.53500,1912.750,1
14:06:05.85500,1912.750,1
14:06:06.45700,1912.750,19
14:06:06.69500,1912.500,1
14:06:06.95300,1912.750,41
14:06:07.09700,1912.750,1
14:06:07.73000,1912.750,8
14:06:08.03900,1912.750,1
14:06:08.23400,1912.750,2
14:06:08.39000,1912.750,1
14:06:08.59700,1912.750,1
14:06:08.66700,1912.750,1
14:06:08.82400,1912.750,4
14:06:09.15600,1912.750,6
14:06:10.00700,1912.500,1
14:06:10.22200,1912.750,2
14:06:10.49200,1912.750,2
14:06:10.71800,1912.750,1
14:06:11.67900,1912.750,1
14:06:13.14000,1912.750,1
14:06:13.27700,1912.750,1
14:06:13.89800,1912.750,2
14:06:15.07400,1912.750,97
14:06:15.23800,1913.000,100
14:06:15.33900,1912.750,72
14:06:15.48400,1912.750,5
14:06:15.66000,1912.750,9
14:06:16.22600,1912.750,1
14:06:16.96400,1912.750,115
14:06:17.19100,1913.000,1
14:06:17.58200,1913.000,1
14:06:18.06600,1913.000,2
14:06:18.69100,1913.000,1
14:06:18.92500,1913.000,85
14:06:20.20700,1912.750,1
14:06:20.41000,1912.750,5
14:06:20.89400,1913.000,1
14:06:21.63600,1912.750,2
14:06:22.26100,1913.000,1
14:06:23.54600,1913.000,1
14:06:23.90200,1913.000,1
14:06:24.38600,1913.000,1
14:06:24.54600,1913.000,98
14:06:24.77300,1913.000,17
14:06:25.15200,1913.250,80
14:06:25.25000,1913.250,24
14:06:25.42500,1913.250,8
14:06:25.62100,1913.250,100
14:06:25.83500,1913.000,51
14:06:26.15200,1913.000,1
14:06:26.55800,1913.250,2
14:06:27.26500,1913.250,1
14:06:27.49200,1913.250,1
14:06:27.58500,1913.000,4
14:06:27.85100,1913.250,2
14:06:27.94500,1913.250,10
14:06:28.38200,1913.250,55
14:06:28.88600,1913.250,5
14:06:29.19100,1913.000,1
14:06:29.51900,1913.250,3
14:06:29.58200,1913.250,2
14:06:29.92500,1913.250,2
14:06:30.20300,1913.250,1
14:06:30.33500,1913.250,3
14:06:30.75700,1913.250,2
14:06:31.72200,1913.250,56
14:06:31.92900,1913.500,94
14:06:32.13200,1913.500,19
14:06:32.25000,1913.500,10
14:06:32.32400,1913.500,4
14:06:33.08900,1913.500,112
14:06:33.19900,1913.500,5
14:06:33.34700,1913.500,2
14:06:34.32800,1913.500,2
14:06:34.53100,1913.500,2
14:06:34.69100,1913.500,1
14:06:34.90600,1913.500,2
14:06:35.25300,1913.500,3
14:06:35.75000,1913.250,5
14:06:36.25000,1913.500,10
14:06:36.91400,1913.500,1
14:06:37.07800,1913.500,1
14:06:37.13200,1913.500,50
14:06:37.29200,1913.500,68
14:06:37.44500,1913.250,1
14:06:37.72600,1913.500,92
14:06:38.00000,1913.500,7
14:06:38.22600,1913.500,2
14:06:38.68300,1913.500,13
14:06:39.05400,1913.500,1
14:06:39.23400,1913.500,42
14:06:39.38200,1913.500,3
14:06:39.84300,1913.500,2
14:06:40.17100,1913.500,2
14:06:40.31200,1913.500,1
14:06:40.52700,1913.500,1
14:06:40.89800,1913.750,164
14:06:40.90200,1913.750,73
14:06:41.35100,1913.750,181
14:06:41.80400,1914.250,665
14:06:42.23000,1914.000,573
14:06:42.35100,1914.000,17
14:06:42.42100,1914.000,2
14:06:42.49600,1914.000,1
14:06:42.54600,1914.000,1
14:06:43.22600,1914.000,2
14:06:43.34700,1913.750,10
14:06:43.48400,1914.000,2
14:06:43.62500,1913.750,11
14:06:44.11700,1913.750,156
14:06:44.28100,1913.750,1
14:06:44.59300,1913.750,7
14:06:44.71000,1913.750,4
14:06:45.06600,1913.500,17
14:06:45.30000,1913.750,6
14:06:45.51900,1913.750,5
14:06:45.64400,1913.750,1
14:06:45.76100,1913.750,5
14:06:46.31200,1913.750,48
14:06:46.31200,1913.750,9
14:06:46.36300,1913.750,1
14:06:46.64800,1913.750,72
14:06:47.15200,1913.750,8
14:06:47.49200,1913.500,2
14:06:47.95700,1913.750,1
14:06:48.23800,1913.750,2
14:06:48.42500,1913.750,4
14:06:48.58200,1913.750,1
14:06:49.55000,1913.750,6
14:06:49.80800,1913.750,1
14:06:50.35900,1913.750,1
14:06:50.74200,1913.750,4
14:06:50.95700,1913.750,145
14:06:51.39800,1913.750,10
14:06:52.46800,1914.000,3
14:06:53.28500,1914.000,1
14:06:53.97200,1914.000,3
14:06:54.38200,1913.750,2
14:06:54.58200,1914.000,1
14:06:55.00000,1914.000,2
14:06:55.08900,1913.750,2
14:06:55.37500,1914.000,1
14:06:55.75300,1914.000,20
14:06:57.87100,1913.750,6
14:06:58.65200,1914.000,2
14:06:58.90600,1914.000,3
14:06:59.33500,1914.000,51
14:06:59.33500,1914.000,41
14:06:59.43300,1913.750,12
14:06:59.88600,1914.000,6
14:06:59.88600,1914.000,1
14:07:00.39800,1914.000,249
14:07:00.67900,1914.000,5
14:07:01.91700,1913.750,3
14:07:02.03500,1914.000,4
14:07:02.41700,1914.000,5
14:07:02.46800,1914.000,2
14:07:02.92900,1914.000,1
14:07:03.39800,1914.000,2
14:07:03.80400,1914.000,211
14:07:04.17100,1914.000,15
14:07:04.58500,1913.750,1
14:07:04.82800,1914.000,29
14:07:05.20300,1914.000,1
14:07:05.37100,1914.000,1
14:07:05.58500,1913.750,1
14:07:05.75700,1914.000,2
14:07:05.88200,1913.750,1
14:07:06.16400,1914.000,62
14:07:06.82000,1914.000,24
14:07:07.07000,1914.000,4
14:07:07.26900,1914.000,15
14:07:07.39800,1914.000,1
14:07:07.43300,1914.000,20
14:07:07.60900,1914.000,1
14:07:08.00300,1913.750,1
14:07:08.19100,1914.000,5
14:07:08.62800,1914.000,1
14:07:09.33900,1914.000,1
14:07:09.48000,1914.000,1
14:07:09.67100,1913.750,4
14:07:11.08900,1914.000,2
14:07:11.41400,1914.000,15
14:07:12.23000,1913.750,1
14:07:12.53500,1913.750,1
14:07:12.80400,1913.750,1
14:07:12.91400,1914.000,1
14:07:13.00000,1914.000,1
14:07:13.34300,1914.000,2
14:07:14.80000,1913.750,1
14:07:15.21400,1913.750,1
14:07:15.37100,1914.000,2
14:07:15.76900,1913.750,161
14:07:16.60100,1913.750,65
14:07:16.75300,1913.750,6
14:07:16.83200,1913.750,1
14:07:17.12500,1913.750,59
14:07:18.14800,1913.750,10
14:07:19.08900,1913.500,1
14:07:20.14800,1913.750,9
14:07:20.41700,1913.750,1
14:07:20.68700,1913.750,2
14:07:20.94900,1913.750,89
14:07:21.41000,1913.500,1
14:07:22.17900,1913.750,51
14:07:22.89800,1913.750,50
14:07:23.75000,1913.750,72
14:07:23.85500,1913.750,15
14:07:24.35500,1913.750,14
14:07:24.62800,1913.750,1
14:07:24.76100,1913.750,35
14:07:24.96000,1913.750,3
14:07:27.40200,1913.750,133
14:07:27.57000,1913.750,18
14:07:27.81600,1913.750,21
14:07:29.24200,1913.500,1
14:07:29.83900,1913.750,5
14:07:30.09300,1913.750,3
14:07:30.39000,1913.750,57
14:07:30.86700,1913.750,2
14:07:32.11300,1913.750,1
14:07:32.55400,1913.750,1
14:07:33.68300,1913.750,24
14:07:34.45700,1914.000,1
14:07:35.33200,1914.000,1
14:07:36.01900,1913.750,1
14:07:36.33500,1913.750,15
14:07:37.04600,1913.750,1
14:07:38.50300,1913.750,3
14:07:40.02700,1914.000,40
14:07:40.42500,1913.750,2
14:07:40.65200,1914.000,8
14:07:41.62800,1914.000,55
14:07:42.38600,1914.000,4
14:07:43.61300,1914.000,1
14:07:44.33500,1913.750,10
14:07:46.68700,1914.000,1
14:07:46.85500,1913.750,1
14:07:48.95300,1913.750,1
14:07:49.46800,1913.750,2
14:07:50.02300,1914.000,1
14:07:51.52700,1914.000,1
14:07:51.86300,1914.000,5
14:07:54.07800,1913.750,185
14:07:55.95300,1913.500,5
14:07:58.11300,1913.500,1
14:07:58.44900,1913.750,1
14:07:59.13600,1913.500,1
14:08:00.63200,1913.750,398
14:08:01.44500,1913.750,1
14:08:01.81600,1913.750,1
14:08:04.08500,1913.750,2
14:08:05.01900,1913.750,35
14:08:06.44900,1913.750,1
14:08:06.83900,1913.500,5
14:08:07.28100,1913.500,2
14:08:07.69100,1913.750,14
14:08:08.22200,1913.750,94
14:08:08.61700,1914.000,2
14:08:10.03500,1913.750,7
14:08:10.37800,1914.000,1
14:08:11.62100,1913.750,44
14:08:12.40600,1913.750,220
14:08:12.73800,1914.000,35
14:08:13.67900,1914.000,52
14:08:13.67900,1914.000,16
14:08:13.81200,1914.000,1
14:08:14.07800,1914.000,1
14:08:14.67500,1914.250,98
14:08:14.93700,1914.000,3
14:08:15.02300,1914.250,38
14:08:16.04600,1914.000,3
14:08:16.35900,1914.250,3
14:08:16.89400,1914.250,22
14:08:17.94900,1914.250,122
14:08:18.19900,1914.000,2
14:08:18.42900,1914.250,25
14:08:19.01900,1914.000,1
14:08:19.13200,1914.250,8
14:08:19.30400,1914.250,1
14:08:19.94500,1914.250,1
14:08:20.02700,1914.000,4
14:08:20.14000,1914.250,18
14:08:20.35500,1914.250,59
14:08:20.57000,1914.500,67
14:08:20.64000,1914.500,3
14:08:20.69500,1914.250,2
14:08:20.86700,1914.500,1
14:08:20.95700,1914.500,1
14:08:21.49200,1914.500,8
14:08:21.68700,1914.250,75
14:08:21.96800,1914.500,122
14:08:22.13600,1914.500,3
14:08:22.16700,1914.250,1
14:08:23.01900,1914.250,208
14:08:23.66400,1914.500,1
14:08:23.97200,1914.500,20
14:08:24.39000,1914.750,173
14:08:24.49200,1914.750,21
14:08:24.54600,1914.750,1
14:08:24.74200,1914.750,1
14:08:25.27700,1914.750,3
14:08:25.32800,1914.750,38
14:08:26.03900,1914.750,59
14:08:26.09300,1914.500,1
14:08:26.20300,1914.500,3
14:08:26.80800,1914.500,14
14:08:26.94500,1914.750,1
14:08:27.19900,1914.750,15
14:08:27.54200,1914.750,1
14:08:27.91400,1914.750,4
14:08:28.29200,1914.750,10
14:08:28.46400,1914.750,1
14:08:28.62100,1914.750,1
14:08:28.76500,1914.750,25
14:08:29.08500,1914.500,191
14:08:29.35100,1914.500,2
14:08:29.64800,1914.500,1
14:08:29.75300,1914.500,1
14:08:30.02300,1914.250,14
14:08:30.18300,1914.500,4
14:08:31.09300,1914.500,27
14:08:31.36700,1914.500,10
14:08:32.05400,1914.500,1
14:08:32.22200,1914.500,6
14:08:32.85100,1914.500,13
14:08:33.25300,1914.500,1
14:08:33.78100,1914.500,5
14:08:34.14000,1914.500,51
14:08:34.59300,1914.250,7
14:08:35.03100,1914.250,11
14:08:35.17500,1914.250,1
14:08:36.41400,1914.250,1
14:08:36.65200,1914.500,1
14:08:37.22200,1914.250,2
14:08:40.09300,1914.500,15
14:08:40.89000,1914.250,1
14:08:41.56200,1914.500,1
14:08:42.10100,1914.250,1
14:08:43.17500,1914.500,2
14:08:43.47600,1914.250,165
14:08:43.63600,1914.250,1
14:08:44.91000,1914.250,58
14:08:45.95300,1914.250,1
14:08:46.17500,1914.250,1
14:08:47.37100,1914.250,21
14:08:47.72600,1914.250,1
14:08:48.96800,1914.250,100
14:08:49.13200,1914.500,4
14:08:50.02300,1914.500,8
14:08:50.61300,1914.250,58
14:08:50.85900,1914.250,2
14:08:51.34300,1914.250,45
14:08:51.46800,1914.250,22
14:08:51.58900,1914.500,10
14:08:53.50000,1914.500,2
14:08:53.59300,1914.250,12
14:08:53.89400,1914.500,2
14:08:55.03100,1914.250,61
14:08:56.03900,1914.250,1
14:08:56.35500,1914.250,21
14:08:56.89000,1914.500,6
14:08:57.51100,1914.500,1
14:08:57.72600,1914.500,3
14:08:58.05800,1914.500,1
14:08:58.30400,1914.250,2
14:08:58.71000,1914.250,107
14:08:59.30400,1914.250,1
14:08:59.83500,1914.250,2
14:09:00.44100,1914.250,15
14:09:00.50700,1914.250,8
14:09:01.12100,1914.250,32
14:09:01.33200,1914.250,11
14:09:02.64400,1914.500,1
14:09:03.13600,1914.250,1
14:09:03.71400,1914.250,2
14:09:04.34700,1914.500,96
14:09:04.52300,1914.500,2
14:09:04.80000,1914.500,5
14:09:05.01900,1914.500,24
14:09:05.51100,1914.500,26
14:09:05.83900,1914.500,1
14:09:06.19500,1914.500,57
14:09:06.29200,1914.500,9
14:09:06.73400,1914.500,1
14:09:07.62500,1914.500,1
14:09:08.35900,1914.250,6
14:09:09.42500,1914.250,2
14:09:10.02300,1914.500,3
14:09:10.88600,1914.500,19
