03:00:00.06600,1918.500,0
03:00:00.17500,1918.250,7
03:00:00.42100,1918.500,19
03:00:00.50000,1918.500,1
03:00:00.85100,1918.250,41
03:00:01.05800,1918.250,1
03:00:01.52300,1918.250,6
03:00:01.57800,1918.250,11
03:00:04.45700,1918.000,7
03:00:05.41400,1918.000,3
03:00:05.63600,1918.000,2
03:00:07.41400,1918.000,199
03:00:08.36700,1917.750,8
03:00:08.48000,1917.750,30
03:00:08.48400,1917.750,45
03:00:08.52300,1917.750,5
03:00:08.63200,1917.500,45
03:00:09.31600,1917.500,1
03:00:09.77700,1917.500,1
03:00:10.46000,1917.750,2
03:00:11.39000,1917.500,21
03:00:11.97200,1917.500,1
03:00:12.32400,1917.500,26
03:00:12.71800,1917.250,4
03:00:12.83200,1917.250,1
03:00:13.26900,1917.250,1
03:00:13.66000,1917.500,64
03:00:14.05000,1917.500,11
03:00:14.27700,1917.250,3
03:00:14.54600,1917.500,11
03:00:14.82000,1917.750,1
03:00:15.24200,1917.500,1
03:00:15.55400,1917.750,27
03:00:15.65600,1917.750,22
03:00:16.19900,1918.000,3
03:00:16.21400,1917.750,1
03:00:16.83500,1918.000,31
03:00:18.06200,1918.250,36
03:00:18.08500,1918.250,9
03:00:19.12500,1918.000,5
03:00:19.83900,1918.000,14
03:00:20.06200,1918.000,2
03:00:21.26100,1917.750,4
03:00:21.85500,1918.000,18
03:00:23.50300,1918.250,38
03:00:23.69500,1918.000,1
03:00:24.65200,1918.250,2
03:00:25.10900,1918.000,7
03:00:25.16400,1918.000,5
03:00:25.78100,1918.000,1
03:00:26.08200,1918.000,8
03:00:27.64800,1917.750,1
03:00:28.71000,1917.750,2
03:00:29.22600,1917.750,5
03:00:29.78100,1918.000,77
03:00:32.08500,1917.750,63
03:00:32.22600,1917.500,1
03:00:32.23000,1917.500,2
03:00:32.54200,1917.750,2
03:00:33.41400,1917.500,14
03:00:34.42500,1917.750,1
03:00:34.80400,1917.500,13
03:00:35.41700,1917.500,3
03:00:37.88600,1917.500,1
03:00:38.64400,1917.250,1
03:00:39.13200,1917.250,1
03:00:42.28500,1917.250,89
03:00:42.89800,1917.250,5
03:00:43.75000,1917.000,6
03:00:44.08900,1917.250,1
03:00:44.42100,1917.000,3
03:00:45.19500,1917.250,17
03:00:45.47200,1917.250,3
03:00:45.78900,1917.250,5
03:00:46.27300,1917.250,19
03:00:47.85900,1917.250,1
03:00:48.04600,1917.000,1
03:00:48.11700,1917.250,1
03:00:49.40600,1917.000,7
03:00:50.12800,1917.000,66
03:00:50.41700,1917.000,11
03:00:50.82000,1917.000,3
03:00:51.03900,1917.000,19
03:00:51.56600,1917.000,2
03:00:51.94900,1917.000,2
03:00:52.25000,1917.000,10
03:00:52.58200,1917.250,14
03:00:52.80800,1917.250,1
03:00:53.27300,1917.250,9
03:00:53.66400,1917.000,52
03:00:54.06200,1917.000,1
03:00:54.82000,1917.000,1
03:00:55.11300,1917.000,1
03:00:55.81600,1917.000,1
03:00:56.80000,1917.000,12
03:00:57.04200,1917.000,1
03:00:58.46400,1917.250,28
03:00:59.03900,1917.250,17
03:00:59.13200,1917.250,8
03:00:59.16700,1917.250,25
03:01:00.37100,1917.000,4
03:01:00.46000,1917.250,1
03:01:01.19900,1917.250,18
03:01:01.39800,1917.000,25
03:01:01.45300,1917.250,91
03:01:01.94100,1917.250,1
03:01:02.40200,1917.250,12
03:01:02.60900,1917.250,1
03:01:02.86300,1917.250,1
03:01:03.76900,1917.250,5
03:01:04.38200,1917.250,1
03:01:04.50700,1917.250,1
03:01:05.23000,1917.500,143
03:01:05.46000,1917.500,15
03:01:05.80000,1917.250,10
03:01:06.04200,1917.250,1
03:01:07.38200,1917.250,1
03:01:08.19900,1917.250,2
03:01:08.26500,1917.250,15
03:01:09.62500,1917.000,48
03:01:09.86700,1917.000,14
03:01:11.45700,1917.000,5
03:01:12.20300,1916.750,19
03:01:12.53900,1917.000,12
03:01:13.08500,1917.250,20
03:01:13.58200,1917.500,1
03:01:13.73000,1917.250,1
03:01:13.90600,1917.250,2
03:01:15.05000,1917.250,10
03:01:15.22600,1917.500,2
03:01:16.81600,1917.250,11
03:01:17.38600,1917.250,15
03:01:18.18700,1917.250,5
03:01:19.69500,1917.000,30
03:01:20.03500,1917.000,1
03:01:21.67900,1916.750,1
03:01:22.65200,1917.000,4
03:01:23.23400,1916.750,19
03:01:24.33900,1917.000,29
03:01:25.29600,1917.000,1
03:01:25.95300,1917.000,28
03:01:28.23400,1917.000,1
03:01:28.70300,1916.750,1
03:01:28.78100,1917.000,61
03:01:31.27300,1917.000,3
03:01:34.14800,1917.000,5
03:01:34.39800,1917.000,6
03:01:34.56600,1917.000,87
03:01:36.61700,1916.750,1
03:01:37.61700,1917.000,1
03:01:37.71800,1917.000,16
03:01:38.23400,1917.250,2
03:01:39.16400,1917.250,1
03:01:40.90200,1917.250,1
03:01:42.15200,1917.000,27
03:01:42.66000,1917.000,7
03:01:44.70300,1917.250,40
03:01:48.01100,1917.250,37
03:01:48.01100,1917.250,2
03:01:50.42100,1917.250,1
03:01:51.00000,1917.250,26
03:01:55.79200,1917.250,26
03:01:56.48000,1917.500,22
03:01:59.07000,1917.250,16
03:02:01.05000,1917.250,24
03:02:02.29200,1917.000,1
03:02:03.27700,1917.250,8
03:02:03.78100,1917.250,5
03:02:04.28900,1917.250,1
03:02:04.66400,1917.250,4
03:02:05.02700,1917.500,7
03:02:08.29600,1917.500,13
03:02:09.27300,1917.250,21
03:02:10.72600,1917.250,9
03:02:12.69100,1917.000,1
03:02:15.79200,1917.000,1
03:02:16.60500,1917.000,51
03:02:17.21000,1917.000,2
03:02:17.41000,1917.000,2
03:02:19.80400,1917.000,1
03:02:20.11700,1916.750,11
03:02:20.49200,1916.750,22
03:02:21.11300,1917.000,1
03:02:21.58500,1917.000,11
03:02:21.82400,1916.750,5
03:02:22.28900,1916.750,2
03:02:22.90600,1916.750,1
03:02:23.28100,1916.750,1
03:02:24.96400,1916.750,1
03:02:25.35900,1916.750,28
03:02:30.00300,1916.750,9
03:02:30.83900,1917.000,10
03:02:34.65200,1917.000,2
03:02:35.39800,1917.000,1
03:02:36.00000,1917.000,1
03:02:38.14000,1917.250,22
03:02:39.56200,1917.250,32
03:02:41.55000,1917.250,3
03:02:44.78900,1917.250,8
03:02:44.91000,1917.000,1
03:02:45.32000,1917.250,1
03:02:48.66400,1917.000,11
03:02:52.68700,1916.750,35
03:02:53.72200,1916.500,7
03:02:54.58200,1916.500,2
03:02:55.91000,1916.750,26
03:02:56.43700,1916.750,3
03:02:57.07800,1916.750,5
03:02:58.87800,1916.500,1
03:02:59.44900,1916.500,3
03:02:59.96400,1916.750,1
03:03:00.55800,1916.750,3
03:03:00.66700,1916.750,1
03:03:00.91700,1916.500,5
03:03:02.22600,1916.750,50
03:03:02.25000,1916.750,3
03:03:03.08200,1916.750,1
03:03:03.20700,1916.750,33
03:03:03.58500,1916.750,2
03:03:04.58500,1916.750,3
03:03:05.81600,1916.750,49
03:03:06.81200,1916.750,1
03:03:07.37100,1916.750,1
03:03:09.43700,1916.750,115
03:03:10.34700,1916.750,1
03:03:10.39000,1916.750,1
03:03:11.91700,1917.000,21
03:03:13.27700,1917.250,10
03:03:13.35500,1917.250,4
03:03:14.42500,1917.250,13
03:03:14.50700,1917.250,2
03:03:14.66700,1917.250,6
03:03:16.02700,1917.250,1
03:03:17.42500,1917.000,3
03:03:19.96000,1917.250,21
03:03:22.79600,1917.250,5
03:03:23.25000,1917.000,1
03:03:23.75300,1917.250,105
03:03:25.28100,1917.500,4
03:03:25.47200,1917.500,10
03:03:26.18300,1917.500,1
03:03:29.44900,1917.250,19
03:03:29.93300,1917.250,3
03:03:32.81600,1917.250,9
03:03:33.41400,1917.250,1
03:03:34.08200,1917.250,1
03:03:39.53100,1917.250,20
03:03:40.27300,1917.250,1
03:03:41.66700,1917.250,2
03:03:43.31200,1917.500,64
03:03:46.44100,1917.500,2
03:03:49.45700,1917.500,14
03:03:49.56200,1917.500,10
03:03:49.68700,1917.250,1
03:03:52.64800,1917.500,6
03:03:53.28100,1917.500,9
03:03:55.25000,1917.500,10
03:03:57.11700,1917.250,18
03:03:59.29200,1917.250,6
03:03:59.89800,1917.250,16
03:03:59.90600,1917.250,5
03:04:00.64000,1917.250,14
03:04:01.08900,1917.250,12
03:04:02.19500,1917.500,1
03:04:02.30400,1917.250,1
03:04:03.94900,1917.250,11
03:04:04.19100,1917.500,4
03:04:05.47200,1917.250,3
03:04:05.76500,1917.500,13
03:04:09.54600,1917.500,3
03:04:09.85900,1917.750,2
03:04:10.11700,1917.500,1
03:04:10.68300,1917.750,26
03:04:11.02700,1917.750,12
03:04:12.17100,1917.750,2
03:04:12.95700,1917.750,1
03:04:13.25700,1918.000,108
03:04:13.84300,1918.000,12
03:04:14.22600,1918.000,4
03:04:15.00700,1918.000,1
03:04:17.62500,1918.000,57
03:04:18.08900,1918.000,125
03:04:18.25700,1918.000,4
03:04:18.71400,1917.750,50
03:04:20.97200,1917.750,5
03:04:21.58200,1917.750,29
03:04:21.87100,1917.750,5
03:04:22.85500,1917.500,1
03:04:23.23000,1917.500,4
03:04:25.21000,1917.500,27
03:04:27.35900,1917.750,25
03:04:27.55400,1917.500,1
03:04:29.69100,1917.500,14
03:04:30.04600,1917.500,6
03:04:32.12500,1917.250,27
03:04:32.40600,1917.250,1
03:04:32.48000,1917.250,5
03:04:32.59300,1917.250,2
03:04:33.09300,1917.250,3
03:04:35.00300,1917.250,3
03:04:36.43700,1917.250,15
03:04:37.08200,1917.500,3
03:04:43.09700,1917.500,10
03:04:45.30400,1917.500,27
03:04:45.58900,1917.500,36
03:04:47.68300,1917.750,12
03:04:48.53900,1917.750,16
03:04:51.08200,1918.000,1
03:04:51.60500,1918.000,40
03:04:55.34300,1918.000,25
03:04:55.45300,1918.000,2
03:04:57.39000,1918.000,22
03:04:57.73800,1918.250,4
03:04:58.91400,1918.000,3
03:04:59.67100,1918.000,1
03:05:01.96400,1918.250,6
03:05:02.53100,1918.250,39
03:05:07.30400,1918.250,47
03:05:07.76500,1918.250,1
03:05:09.71000,1918.500,68
03:05:09.78100,1918.750,5
03:05:09.81200,1918.750,1
03:05:10.32000,1918.500,5
03:05:11.19900,1918.500,22
03:05:11.47200,1918.500,5
03:05:12.39800,1918.500,11
03:05:13.18300,1918.500,4
03:05:13.62800,1918.750,8
03:05:14.62100,1918.750,15
03:05:15.82800,1918.500,7
03:05:16.12500,1918.500,6
03:05:16.37800,1918.750,2
03:05:18.31600,1918.250,1
03:05:18.54600,1918.500,1
03:05:20.20300,1918.500,1
03:05:21.75000,1918.250,1
03:05:23.77700,1918.500,18
03:05:30.49200,1918.500,25
03:05:31.43700,1918.500,5
03:05:31.69500,1918.750,15
03:05:32.97200,1918.750,1
03:05:37.32400,1918.500,30
03:05:37.95300,1918.750,5
03:05:40.50000,1918.500,4
03:05:40.73400,1918.500,9
03:05:41.30000,1918.750,1
03:05:41.46000,1918.500,5
03:05:45.50000,1918.500,14
03:05:46.34300,1918.500,22
03:05:46.62100,1918.500,1
03:05:48.01900,1918.750,58
03:05:48.11300,1918.750,1
03:05:49.00700,1918.750,469
03:05:49.03100,1918.750,65
03:05:49.08200,1918.750,21
03:05:49.26500,1919.000,27
03:05:50.22600,1919.000,1
03:05:51.11300,1918.750,1
03:05:52.03500,1918.750,2
03:05:53.53900,1918.500,12
03:05:53.94500,1918.500,3
03:05:55.31200,1918.500,19
03:05:55.35900,1918.500,4
03:05:56.73800,1918.500,17
03:05:57.86300,1918.500,10
03:05:58.24200,1918.500,10
03:05:59.00700,1918.500,6
03:05:59.21400,1918.500,1
03:06:02.15200,1918.250,89
03:06:03.02300,1918.500,1
03:06:03.72200,1918.500,1
03:06:04.44900,1918.250,16
03:06:04.77300,1918.000,35
03:06:05.91400,1918.250,2
03:06:06.10500,1918.250,7
03:06:06.42900,1918.500,1
03:06:07.19500,1918.500,6
03:06:07.49600,1918.500,27
03:06:08.08200,1918.500,1
03:06:10.44100,1918.250,25
03:06:10.94900,1918.000,34
03:06:11.03100,1918.000,5
03:06:12.30800,1917.750,7
03:06:12.59300,1917.750,29
03:06:13.75700,1917.750,6
03:06:14.11300,1917.750,1
03:06:14.46800,1917.750,14
03:06:14.83900,1917.750,2
03:06:15.33200,1917.750,1
03:06:16.60500,1918.000,15
03:06:17.02300,1918.000,15
03:06:18.64800,1917.750,15
03:06:19.83500,1917.750,9
03:06:20.44100,1917.750,14
03:06:21.90200,1917.500,44
03:06:22.25000,1917.500,9
03:06:23.05000,1917.250,6
03:06:23.42100,1917.000,70
03:06:23.76100,1917.250,3
03:06:24.12100,1917.250,1
03:06:24.32800,1917.000,1
03:06:24.88600,1917.250,1
03:06:25.43300,1917.000,3
03:06:26.17500,1917.000,2
03:06:26.30400,1917.000,1
03:06:27.57400,1917.250,10
03:06:27.74200,1917.250,12
03:06:27.96000,1917.250,12
03:06:29.16400,1917.250,2
03:06:31.41700,1916.750,64
03:06:31.56600,1916.750,2
03:06:33.10900,1917.000,8
03:06:33.39000,1917.250,2
03:06:34.55400,1917.250,10
03:06:34.61700,1917.000,10
03:06:35.87500,1917.250,1
03:06:39.66400,1917.000,52
03:06:40.09700,1917.000,1
03:06:40.37100,1917.000,25
03:06:42.28500,1917.000,1
03:06:43.17100,1916.750,20
03:06:43.39400,1916.750,1
03:06:44.56200,1916.500,97
03:06:45.33200,1916.250,9
03:06:46.02300,1916.250,5
03:06:46.32400,1916.250,22
03:06:47.03100,1916.000,84
03:06:47.20300,1916.000,1
03:06:48.19900,1916.000,1
03:06:48.75000,1916.000,32
03:06:49.18700,1916.000,1
03:06:49.46800,1916.250,57
03:06:49.60500,1916.250,3
03:06:50.47600,1916.000,98
03:06:51.13200,1916.000,22
03:06:51.65600,1915.750,58
03:06:51.78900,1915.750,2
03:06:52.10900,1915.750,28
03:06:52.39400,1916.000,6
03:06:52.69100,1916.000,24
03:06:53.05400,1916.250,7
03:06:53.45300,1916.000,11
03:06:53.80800,1916.000,12
03:06:54.03900,1916.000,4
03:06:54.66700,1916.000,6
03:06:55.09300,1915.750,100
03:06:55.58200,1916.000,1
03:06:55.81200,1916.000,41
03:06:57.65600,1915.750,12
03:06:57.70700,1915.500,117
03:06:57.87500,1915.500,1
03:06:58.12800,1915.500,1
03:06:58.43700,1915.500,45
03:06:59.25000,1915.750,1
03:06:59.56200,1915.500,36
03:07:03.17900,1915.500,112
03:07:03.38200,1915.750,39
03:07:03.85500,1915.750,2
03:07:05.10900,1916.000,4
03:07:05.50300,1915.750,12
03:07:06.31600,1915.750,1
03:07:06.94900,1915.750,20
03:07:07.22600,1915.750,5
03:07:08.23000,1916.000,1
03:07:09.53900,1915.750,3
03:07:09.80000,1915.750,6
03:07:12.02300,1915.750,4
03:07:12.77700,1916.000,17
03:07:13.09700,1916.000,5
03:07:14.83500,1916.250,16
03:07:15.83200,1916.250,13
03:07:16.17500,1916.250,1
03:07:16.67100,1916.000,3
03:07:18.18300,1916.500,139
03:07:19.03500,1916.250,35
03:07:19.47600,1916.000,34
03:07:19.95300,1916.000,10
03:07:20.46400,1916.000,6
03:07:22.66700,1916.000,11
03:07:25.08200,1916.000,1
03:07:26.47600,1915.750,19
03:07:27.30800,1915.750,1
03:07:28.85900,1915.750,14
03:07:30.96400,1915.500,142
03:07:31.35100,1915.500,20
03:07:31.89000,1915.500,14
03:07:33.16400,1915.750,20
03:07:33.22200,1915.750,9
03:07:33.88600,1915.500,6
03:07:34.26900,1915.500,15
03:07:34.37800,1915.500,4
03:07:35.37500,1915.750,46
03:07:36.18700,1915.500,21
03:07:36.19900,1915.250,9
03:07:36.56600,1915.250,1
03:07:38.60500,1915.500,3
03:07:39.13200,1915.250,1
03:07:39.29200,1915.250,95
03:07:40.40600,1915.250,3
03:07:41.03900,1915.500,39
03:07:42.68300,1915.500,13
03:07:43.09700,1915.500,10
03:07:43.33500,1915.500,3
03:07:43.64000,1915.500,9
03:07:44.36300,1915.500,1
03:07:44.45300,1915.250,1
03:07:45.15600,1915.250,2
03:07:46.01900,1915.500,5
03:07:48.50000,1915.500,1
03:07:49.06200,1915.750,15
03:07:49.32400,1915.750,5
03:07:50.23800,1915.500,1
03:07:50.96800,1915.750,8
03:07:53.83500,1915.750,3
03:07:55.67900,1915.750,1
03:07:57.52700,1915.500,2
03:07:58.65200,1915.750,5
03:08:01.46800,1915.500,2
03:08:02.41000,1915.750,1
03:08:03.09700,1915.500,11
03:08:03.13600,1915.500,17
03:08:06.35500,1915.500,1
03:08:06.96800,1915.250,73
03:08:07.08200,1915.250,20
03:08:07.25700,1915.250,6
03:08:07.51900,1915.250,1
03:08:08.23000,1915.500,1
03:08:08.73000,1915.250,1
03:08:08.89800,1915.250,5
03:08:09.21400,1915.250,7
03:08:09.51100,1915.250,5
03:08:11.78100,1915.250,1
03:08:12.11300,1915.500,36
03:08:12.23800,1915.500,18
03:08:14.78100,1915.750,5
03:08:15.47600,1915.500,25
03:08:15.80800,1915.750,3
03:08:16.00000,1915.750,1
03:08:16.06200,1915.500,3
03:08:16.42100,1915.750,5
03:08:16.69900,1915.500,1
03:08:16.91400,1915.750,6
03:08:18.00700,1915.750,2
03:08:18.10500,1915.750,38
03:08:19.39800,1915.750,10
03:08:19.66000,1915.500,1
03:08:21.31600,1915.500,16
03:08:22.02700,1915.500,15
03:08:22.28500,1915.500,1
03:08:24.20700,1915.250,1
03:08:24.58900,1915.250,14
03:08:25.80000,1915.250,10
03:08:27.11300,1915.250,7
03:08:27.69100,1915.250,8
03:08:28.14800,1915.250,2
03:08:29.79200,1915.250,2
03:08:30.28900,1915.500,1
03:08:31.93300,1915.250,4
03:08:32.23400,1915.250,3
03:08:33.09300,1915.250,11
03:08:33.20700,1915.250,13
03:08:34.49600,1915.250,9
03:08:34.50000,1915.250,23
03:08:34.63200,1915.250,8
03:08:34.84300,1915.250,1
03:08:35.37800,1915.250,1
03:08:36.63600,1915.250,1
03:08:37.21800,1915.250,1
03:08:37.33500,1915.250,17
03:08:37.67100,1915.250,1
03:08:40.59700,1915.250,1
03:08:41.46000,1915.250,1
03:08:41.77700,1915.250,1
03:08:42.05000,1915.500,1
03:08:43.52300,1915.250,1
03:08:44.04600,1915.250,17
03:08:45.62100,1915.250,6
03:08:45.97200,1915.000,8
03:08:46.28500,1915.000,2
03:08:47.25700,1915.000,2
03:08:48.87800,1915.000,10
03:08:50.52300,1915.000,2
03:08:50.76100,1915.250,5
03:08:51.01500,1915.250,5
03:08:51.64000,1915.250,22
03:08:53.40200,1915.500,29
03:08:54.67100,1915.500,31
03:08:54.77700,1915.250,10
03:08:56.53100,1915.500,1
03:08:57.14000,1915.250,11
03:08:57.49600,1915.000,14
03:08:57.51900,1915.000,3
03:08:57.66000,1915.000,132
03:08:58.45300,1915.000,3
03:09:03.69500,1915.500,34
03:09:04.00000,1915.250,1
03:09:04.47600,1915.500,39
03:09:06.50700,1915.500,1
03:09:07.73400,1915.750,21
03:09:09.12100,1915.500,2
03:09:11.23800,1915.500,1
03:09:11.32400,1915.750,49
03:09:11.40200,1915.750,5
03:09:11.96800,1915.750,55
03:09:12.24600,1915.750,3
03:09:12.56200,1915.750,23
03:09:13.76100,1915.500,14
03:09:14.16400,1915.250,1
03:09:16.40600,1915.250,2
03:09:17.56200,1915.500,1
03:09:17.97200,1915.250,1
03:09:19.41400,1915.250,43
03:09:21.83200,1915.000,1
03:09:22.03900,1915.000,2
03:09:22.58900,1915.000,3
03:09:23.52300,1915.250,11
03:09:24.30400,1915.000,3
03:09:25.72600,1915.000,2
03:09:27.00000,1915.000,4
03:09:28.02300,1915.000,3
03:09:29.29200,1915.250,66
03:09:31.09700,1915.250,15
03:09:31.26900,1915.500,19
03:09:33.07400,1915.250,1
03:09:33.37800,1915.250,1
03:09:34.55000,1915.250,18
03:09:35.68700,1915.250,3
03:09:36.11700,1915.250,2
03:09:37.29600,1915.000,9
03:09:37.67900,1915.250,2
03:09:37.84300,1915.250,5
03:09:38.67500,1915.250,3
03:09:45.22200,1915.250,3
03:09:45.31200,1915.250,5
03:09:45.79200,1915.250,5
03:09:46.30800,1915.250,8
03:09:46.79600,1915.000,30
03:09:47.67900,1915.250,1
03:09:47.92900,1915.000,1
03:09:49.73000,1915.250,3
03:09:50.21400,1915.000,2
03:09:51.85100,1915.000,33
03:09:52.32800,1915.000,10
03:09:55.17500,1915.000,2
03:09:55.71400,1915.250,42
03:09:56.05000,1915.000,2
03:09:56.54200,1915.250,4
03:09:57.19900,1915.000,1
03:09:57.62800,1915.250,1
03:09:58.42900,1915.250,1
03:09:58.75700,1915.250,5
03:09:59.74200,1915.250,22
03:10:00.50300,1915.000,7
03:10:00.62100,1915.500,17
03:10:01.65200,1915.500,9
03:10:02.50700,1915.500,50
03:10:03.30800,1915.000,47
03:10:03.57800,1915.250,12
03:10:03.82000,1915.250,6
03:10:05.85500,1915.250,1
03:10:07.78900,1915.000,20
03:10:08.76900,1915.250,1
03:10:11.88600,1915.000,5
03:10:12.72200,1915.000,3
03:10:13.20300,1915.000,62
03:10:14.95700,1915.000,10
03:10:17.16400,1915.000,11
03:10:18.37800,1915.000,22
03:10:18.38200,1915.000,1
03:10:18.45300,1915.000,3
03:10:18.84300,1915.000,4
03:10:19.38600,1914.750,5
03:10:20.26500,1914.750,2
03:10:21.44100,1914.750,5
03:10:22.28100,1915.000,20
03:10:23.71800,1915.000,5
03:10:24.72600,1915.000,2
03:10:26.37800,1915.000,12
03:10:26.94500,1915.000,1
03:10:29.29200,1915.250,55
03:10:29.76100,1915.250,11
03:10:30.23800,1915.250,1
03:10:30.65600,1915.500,1
03:10:31.96800,1915.250,2
03:10:32.39400,1915.250,2
03:10:33.04200,1915.250,1
03:10:33.36700,1915.250,3
03:10:33.58900,1915.250,2
03:10:34.17900,1915.500,16
03:10:34.35500,1915.500,2
03:10:34.64400,1915.500,1
03:10:34.85500,1915.500,5
03:10:35.88600,1915.500,11
03:10:38.72200,1915.750,12
03:10:39.17500,1915.750,7
03:10:40.34300,1915.750,20
03:10:40.51500,1915.750,7
03:10:41.17100,1915.750,3
03:10:42.40200,1915.500,6
03:10:43.65600,1915.750,2
03:10:48.12500,1915.750,1
03:10:52.18300,1915.750,4
03:10:57.96000,1915.750,1
03:11:00.77300,1915.500,59
03:11:01.21000,1915.500,2
03:11:01.43700,1915.750,1
03:11:04.12500,1915.500,1
03:11:05.86300,1915.250,20
03:11:07.14000,1915.250,11
03:11:07.50300,1915.250,9
03:11:07.56600,1915.250,1
03:11:08.11300,1915.250,9
03:11:09.03900,1915.250,9
03:11:09.96800,1915.250,4
03:11:10.51100,1915.500,1
03:11:11.46800,1915.250,11
03:11:12.28900,1915.250,1
03:11:13.03500,1915.250,39
03:11:13.19500,1915.250,1
03:11:13.52700,1915.250,7
03:11:15.21800,1915.000,2
03:11:16.75000,1915.250,12
03:11:17.52700,1915.250,13
03:11:22.14400,1915.250,5
03:11:24.55800,1915.250,1
03:11:24.97200,1915.250,9
03:11:30.03900,1915.250,10
03:11:30.31600,1915.250,40
03:11:30.86700,1915.250,5
03:11:33.68700,1915.000,5
03:11:34.03500,1915.000,6
03:11:34.84700,1915.000,25
03:11:35.37100,1915.250,1
03:11:35.64400,1915.250,9
03:11:36.17900,1915.250,13
03:11:38.08200,1915.250,18
03:11:39.42500,1915.000,1
03:11:42.30800,1915.000,2
03:11:43.35500,1915.250,1
03:11:43.94900,1915.250,1
03:11:44.50000,1915.000,1
03:11:45.64400,1915.250,23
03:11:46.00700,1915.250,1
03:11:46.39000,1915.500,20
03:11:46.51100,1915.500,2
03:11:46.58900,1915.500,1
03:11:47.54200,1915.500,20
03:11:47.70300,1915.500,1
03:11:48.49600,1915.500,30
03:11:49.30800,1915.500,1
03:11:50.81200,1915.250,1
03:11:51.78900,1915.000,6
03:11:56.41400,1915.000,2
03:11:56.81600,1915.000,74
03:11:56.86700,1915.000,8
03:12:01.96400,1915.250,23
03:12:03.40600,1915.000,8
03:12:04.58900,1915.000,6
03:12:05.08500,1915.000,1
03:12:05.81600,1914.750,4
03:12:09.46800,1914.750,71
03:12:09.89800,1914.500,8
03:12:12.34700,1914.750,1
03:12:14.00000,1914.500,4
03:12:14.14400,1914.750,1
03:12:17.37500,1914.500,1
03:12:19.12800,1914.500,5
03:12:19.46000,1914.750,25
03:12:20.00000,1914.500,5
03:12:26.33200,1914.750,40
03:12:26.33500,1914.750,2
03:12:28.47600,1915.000,63
03:12:29.51900,1914.750,21
03:12:29.78100,1914.750,5
03:12:32.25300,1914.750,11
03:12:32.41400,1914.750,8
03:12:35.08500,1914.750,5
03:12:35.62800,1914.750,1
03:12:36.29200,1914.750,1
03:12:36.86700,1914.750,1
03:12:37.94100,1914.750,4
03:12:38.72600,1914.750,19
03:12:40.01500,1914.500,1
03:12:50.14000,1914.500,78
03:12:50.25000,1914.250,6
03:12:50.43700,1914.250,30
03:12:50.48000,1914.250,1
03:12:50.58200,1914.500,39
03:12:51.01500,1914.500,32
03:12:51.66000,1914.500,1
03:12:53.04200,1914.750,10
03:12:54.48000,1914.750,1
03:12:54.89800,1914.750,1
03:12:55.77300,1914.750,13
03:12:59.12100,1914.500,1
03:12:59.86700,1914.750,1
03:13:00.94100,1914.500,16
03:13:01.26900,1914.500,16
03:13:01.90200,1914.250,3
03:13:02.63600,1914.250,2
03:13:03.24200,1914.250,2
03:13:04.80000,1914.500,1
03:13:06.62800,1914.500,22
03:13:07.75700,1914.500,6
03:13:08.02300,1914.750,31
03:13:08.11300,1914.750,3
03:13:08.61300,1914.750,108
03:13:09.06600,1914.750,27
03:13:09.44900,1914.750,7
03:13:10.46000,1914.750,14
03:13:12.33900,1914.750,23
03:13:12.47600,1914.750,1
03:13:12.80800,1914.750,3
03:13:13.33900,1914.750,1
03:13:14.18700,1914.750,4
03:13:15.89000,1915.000,26
03:13:15.96800,1915.000,9
03:13:16.97200,1915.000,1
03:13:17.44500,1915.000,8
03:13:17.87800,1915.000,1
03:13:18.14000,1915.000,2
03:13:18.28900,1915.000,3
03:13:20.24200,1915.000,2
03:13:20.59300,1915.000,8
03:13:22.03100,1915.000,8
03:13:22.21800,1915.250,2
03:13:24.03500,1915.250,14
03:13:25.53500,1915.250,3
03:13:26.55800,1915.250,5
03:13:30.59300,1915.000,5
03:13:31.09700,1915.000,17
03:13:31.40200,1915.000,2
03:13:31.59300,1915.000,2
03:13:31.73400,1915.000,4
03:13:32.63600,1914.750,29
03:13:33.16000,1914.750,9
03:13:33.43700,1914.750,2
03:13:34.69900,1914.750,19
03:13:36.78100,1914.750,21
03:13:37.73400,1915.000,7
03:13:37.82400,1915.000,1
03:13:38.02300,1915.000,19
03:13:38.29200,1915.000,1
03:13:39.32000,1914.750,3
03:13:40.39400,1914.750,16
03:13:41.89400,1915.000,6
03:13:42.16400,1915.000,1
03:13:42.31200,1915.000,1
03:13:42.93300,1915.000,12
03:13:46.24200,1915.000,1
03:13:48.47600,1915.000,10
03:13:48.69100,1915.000,4
03:13:50.72200,1915.000,7
03:13:52.34700,1915.250,173
03:13:52.42500,1915.250,5
03:13:53.53900,1915.250,1
03:13:54.35500,1915.250,4
03:13:54.58900,1915.250,1
03:13:55.08900,1915.500,2
03:13:56.86300,1915.250,3
03:13:57.89000,1915.250,1
03:13:58.82400,1915.250,62
03:13:58.91700,1915.500,6
03:13:59.12100,1915.500,2
03:13:59.57800,1915.500,24
03:14:01.95300,1915.750,39
03:14:02.18700,1915.750,3
03:14:02.91400,1915.500,10
03:14:03.10900,1915.500,4
03:14:04.79600,1915.500,5
03:14:04.94100,1915.500,1
03:14:05.75700,1915.750,10
03:14:06.57400,1915.750,3
03:14:06.70700,1915.750,1
03:14:06.87100,1915.750,12
03:14:07.20700,1916.000,25
03:14:07.52300,1916.000,7
03:14:08.05000,1916.000,8
03:14:08.75700,1916.000,1
03:14:10.12100,1916.000,1
03:14:10.26100,1916.250,13
03:14:11.85100,1916.000,5
03:14:12.00300,1916.250,2
03:14:15.53100,1916.250,29
03:14:17.03500,1916.000,29
03:14:17.51500,1915.750,7
03:14:17.70700,1915.750,2
03:14:20.37800,1915.750,20
03:14:23.03100,1916.000,26
03:14:23.93700,1916.000,1
03:14:24.89400,1916.250,8
03:14:30.03900,1916.250,10
03:14:31.21000,1916.000,10
03:14:31.89400,1916.000,7
03:14:32.05800,1916.000,8
03:14:35.25700,1916.000,5
03:14:35.38200,1916.000,15
03:14:36.00700,1916.000,8
03:14:38.44100,1915.750,15
03:14:40.56600,1915.750,10
03:14:40.67900,1915.750,1
03:14:41.87500,1915.750,11
03:14:42.19500,1915.750,5
03:14:44.28500,1915.750,3
03:14:44.41000,1915.750,3
03:14:45.00000,1916.000,6
03:14:47.52700,1916.000,36
03:14:48.33500,1916.000,7
03:14:49.37100,1916.000,6
03:14:50.75700,1915.750,1
03:14:52.76500,1915.750,1
03:14:52.96800,1915.750,1
03:14:53.16400,1915.750,1
03:14:54.38600,1915.750,7
03:14:54.65600,1915.750,1
03:14:55.17500,1915.750,8
03:14:58.44100,1915.500,70
03:15:00.46400,1915.250,50
03:15:00.51900,1915.000,1
03:15:00.83900,1915.000,2
03:15:01.13600,1915.000,2
03:15:01.91700,1915.000,1
03:15:02.30400,1915.000,180
03:15:02.78900,1914.500,40
03:15:02.85900,1914.750,13
03:15:03.57800,1915.000,1
03:15:03.83500,1914.750,1
03:15:05.55000,1914.750,1
03:15:07.16000,1914.750,12
03:15:07.49600,1914.500,13
03:15:07.72600,1914.500,7
03:15:07.90200,1914.500,2
03:15:08.19900,1914.500,1
03:15:08.41700,1914.500,1
03:15:08.53100,1914.500,2
03:15:14.12800,1914.750,35
03:15:14.39400,1914.750,5
03:15:17.39800,1914.750,18
03:15:17.54200,1914.750,10
03:15:19.78100,1915.000,1
03:15:20.79200,1915.000,22
03:15:22.17900,1915.000,1
03:15:23.54600,1915.250,5
03:15:23.71000,1915.250,23
03:15:26.64000,1915.000,22
03:15:27.78500,1914.750,16
03:15:28.58500,1914.750,4
03:15:29.39400,1914.750,3
03:15:29.67900,1914.750,4
03:15:30.61700,1914.750,12
03:15:31.19500,1914.500,4
03:15:32.07000,1914.750,1
03:15:32.27300,1914.500,2
03:15:33.73400,1914.750,1
03:15:34.28500,1914.750,1
03:15:34.41000,1914.750,1
03:15:34.74600,1914.500,2
03:15:35.93700,1914.750,7
03:15:36.19100,1914.750,1
03:15:36.84300,1914.500,22
03:15:37.45700,1914.250,8
03:15:37.63600,1914.250,12
03:15:37.83200,1914.250,1
03:15:38.19900,1914.250,4
03:15:38.58900,1914.000,17
03:15:38.92500,1914.250,2
03:15:39.04600,1914.000,1
03:15:39.41700,1914.250,1
03:15:41.42100,1914.250,1
03:15:41.70300,1914.000,1
03:15:45.19500,1914.000,1
03:15:46.25000,1914.250,1
03:15:47.61700,1914.000,9
03:15:47.81600,1914.000,1
03:15:47.93700,1914.000,54
03:15:49.26100,1914.000,1
03:15:51.72200,1913.750,10
03:15:51.92100,1913.750,2
03:15:52.59700,1913.750,2
03:15:52.81200,1913.750,4
03:15:53.03100,1913.750,3
03:15:53.04200,1913.750,32
03:15:53.47600,1913.750,50
03:15:54.83200,1913.750,5
03:15:55.35900,1913.750,1
03:15:57.08500,1913.750,1
03:15:57.32800,1913.750,7
03:15:57.83500,1914.000,1
03:15:58.42500,1913.750,18
03:15:58.89800,1913.750,6
03:15:59.26900,1913.500,3
03:15:59.44100,1913.500,2
03:16:00.95300,1913.750,83
03:16:01.23400,1914.000,62
03:16:01.46000,1913.750,1
03:16:02.20700,1913.750,1
03:16:04.21400,1914.000,2
03:16:04.97200,1913.500,76
03:16:05.17900,1913.750,1
03:16:05.86700,1913.750,16
03:16:06.36300,1913.750,1
03:16:09.53900,1913.500,73
03:16:09.94500,1913.500,1
03:16:10.93300,1913.500,12
03:16:11.05800,1913.500,1
03:16:11.25000,1913.250,3
03:16:11.72200,1913.500,6
03:16:12.78500,1913.500,1
03:16:13.32800,1913.250,1
03:16:13.66400,1913.500,2
03:16:13.97200,1913.250,1
03:16:14.25300,1913.500,1
03:16:15.28100,1913.250,1
03:16:16.92500,1913.250,1
03:16:17.42500,1913.500,1
03:16:17.83200,1913.250,1
03:16:18.65200,1913.250,1
03:16:19.64000,1913.250,62
03:16:19.68700,1913.250,1
03:16:19.82400,1913.250,5
03:16:19.88200,1913.250,4
03:16:20.04600,1913.250,1
03:16:20.32400,1913.500,1
03:16:22.29600,1913.250,2
03:16:25.54600,1913.500,48
03:16:29.68700,1913.750,23
03:16:30.19500,1913.750,34
03:16:31.28500,1913.500,1
03:16:31.73000,1913.500,17
03:16:33.51100,1913.500,12
03:16:34.51500,1913.750,3
03:16:39.23000,1913.750,16
03:16:40.01100,1913.750,36
03:16:42.64400,1913.750,1
03:16:43.15200,1913.750,12
03:16:43.19900,1914.000,5
03:16:43.75000,1914.000,38
03:16:44.16700,1914.000,10
03:16:45.28100,1913.500,21
03:16:45.53900,1914.000,5
03:16:46.81200,1913.750,1
03:16:48.64400,1913.750,1
03:16:50.87500,1914.250,83
03:16:53.94100,1914.000,30
03:16:55.92100,1913.500,51
03:16:56.93300,1913.750,17
03:17:00.04200,1914.000,6
03:17:00.10100,1914.000,3
03:17:01.50300,1914.250,2
03:17:01.83900,1914.250,1
03:17:02.44100,1914.000,10
03:17:08.44500,1914.000,1
03:17:08.91000,1914.250,23
03:17:09.64800,1914.250,2
03:17:10.30800,1914.250,31
03:17:11.44900,1914.250,4
03:17:13.03500,1914.250,24
03:17:14.24200,1914.500,55
03:17:17.46400,1914.250,6
03:17:18.96800,1914.250,1
03:17:19.81600,1914.500,1
03:17:24.35500,1914.250,3
03:17:24.94100,1914.500,36
03:17:26.36700,1914.500,35
03:17:28.00000,1914.500,2
03:17:28.81600,1914.500,4
03:17:31.15200,1914.500,15
03:17:35.25000,1914.250,96
03:17:35.80000,1914.500,14
03:17:36.27300,1914.750,1
03:17:36.76900,1914.500,1
03:17:38.62100,1915.000,21
03:17:39.60900,1914.750,17
03:17:43.39000,1914.750,29
03:17:43.75000,1914.750,6
03:17:45.19500,1915.000,1
03:17:45.39400,1914.750,112
03:17:46.23800,1914.750,15
03:17:46.83200,1914.750,1
03:17:46.92900,1915.000,2
03:17:47.83200,1914.750,14
03:17:49.66700,1914.750,1
03:17:50.95700,1914.500,5
03:17:51.59300,1914.500,7
03:17:53.46800,1914.500,65
03:17:53.80000,1914.500,16
03:17:54.00000,1914.500,1
03:17:54.64800,1914.750,52
03:17:54.64800,1914.750,5
03:17:54.64800,1914.750,23
03:17:54.65600,1914.750,68
03:17:54.73000,1914.750,13
03:17:57.41700,1914.750,13
03:17:58.91000,1914.750,2
03:17:59.46400,1914.750,3
03:18:04.07800,1914.750,145
03:18:04.42900,1914.750,7
03:18:05.15600,1915.000,60
03:18:06.03100,1915.250,25
03:18:10.22600,1915.500,1
03:18:11.25700,1915.250,25
03:18:12.01500,1915.250,1
03:18:13.25300,1915.000,29
03:18:13.50300,1914.750,17
03:18:14.22200,1914.750,6
03:18:14.43300,1914.750,1
03:18:15.21400,1914.750,9
03:18:15.80800,1914.500,11
03:18:16.39000,1914.500,1
03:18:16.91000,1914.500,1
03:18:18.08500,1914.250,16
03:18:19.49200,1914.250,10
03:18:20.40600,1914.500,1
03:18:23.22600,1914.250,19
03:18:23.77700,1914.250,4
03:18:24.05800,1914.500,428
03:18:24.54200,1914.250,13
03:18:24.85900,1914.250,1
03:18:25.09300,1914.250,1
03:18:25.38200,1914.250,13
03:18:25.51900,1914.250,1
03:18:26.46400,1914.000,20
03:18:28.17500,1914.250,5
03:18:30.43300,1914.250,1
03:18:34.53900,1914.500,140
03:18:39.63600,1914.750,9
03:18:41.59700,1914.500,20
03:18:42.27700,1914.500,5
03:18:43.64000,1914.750,2
03:18:45.25300,1914.500,1
03:18:49.10100,1914.750,5
03:18:51.00300,1914.750,6
03:18:51.71400,1914.750,21
03:18:53.26900,1914.750,10
03:18:53.85500,1914.750,2
03:18:54.25700,1915.000,5
03:18:56.31600,1915.250,1
03:18:57.33900,1915.250,5
03:18:57.65200,1915.000,1
03:19:00.27700,1915.000,42
03:19:02.25700,1914.750,13
03:19:02.41000,1914.750,3
03:19:03.05800,1914.750,1
03:19:03.80400,1915.000,10
03:19:05.30000,1914.750,10
03:19:07.46800,1914.500,1
03:19:11.33900,1914.500,1
03:19:12.30800,1914.500,32
03:19:12.57400,1914.250,2
03:19:12.72600,1914.250,24
03:19:12.78500,1914.250,11
03:19:13.67500,1914.000,8
03:19:14.01900,1914.000,30
03:19:14.14400,1914.000,3
03:19:14.17500,1914.000,1
03:19:14.35900,1914.000,4
03:19:14.47600,1913.750,1
03:19:15.27300,1914.000,1
03:19:15.70300,1914.000,3
03:19:15.89000,1914.000,1
03:19:16.21800,1914.250,4
03:19:17.32400,1914.000,1
03:19:19.26100,1914.000,28
03:19:19.69900,1914.000,19
03:19:20.28900,1914.000,4
03:19:21.42900,1914.000,7
03:19:21.60500,1914.000,5
03:19:22.59300,1914.000,1
03:19:22.91700,1914.000,1
03:19:23.21000,1914.000,1
03:19:23.46800,1914.000,15
03:19:26.23400,1914.250,11
03:19:26.43700,1914.250,11
03:19:27.68300,1914.250,11
03:19:30.65600,1914.500,16
03:19:32.23400,1914.500,1
03:19:33.46800,1914.250,1
03:19:35.25700,1914.250,11
03:19:36.66400,1914.250,12
03:19:39.33200,1914.250,14
03:19:43.26900,1914.250,55
03:19:44.28900,1914.250,5
03:19:46.08500,1914.250,1
03:19:46.83200,1914.250,5
03:19:47.01100,1914.250,15
03:19:48.42500,1914.500,26
03:19:49.60900,1914.500,8
03:19:49.70700,1914.500,5
03:19:49.80400,1914.500,2
03:19:49.90600,1914.500,3
03:19:50.02300,1914.250,5
03:19:50.30000,1914.250,130
03:19:50.53900,1914.250,4
03:19:50.71400,1914.250,8
03:19:51.00700,1914.250,4
03:19:54.22600,1914.500,46
03:19:54.50700,1914.750,31
03:19:54.94900,1915.000,82
03:19:55.00300,1915.000,7
03:19:56.23800,1915.000,1
03:19:57.07800,1915.000,4
03:19:57.32400,1915.000,3
03:19:57.53100,1914.750,3
03:19:57.70700,1914.750,3
03:19:58.06600,1914.750,1
03:19:58.21800,1915.000,1
03:20:02.15200,1914.750,9
03:20:02.86700,1914.750,32
03:20:03.04200,1914.500,5
03:20:04.55400,1914.750,9
03:20:06.02700,1914.500,17
03:20:06.33200,1914.500,3
03:20:08.12500,1914.500,2
03:20:08.67500,1914.250,25
03:20:09.45700,1914.250,2
03:20:09.66000,1914.000,3
03:20:09.76100,1914.000,5
03:20:09.78100,1914.000,21
03:20:09.87100,1914.250,1
03:20:12.31200,1914.000,4
03:20:14.90600,1914.000,5
03:20:15.15200,1913.750,1
03:20:15.73800,1914.000,29
03:20:15.87800,1914.000,8
03:20:16.88600,1914.000,1
03:20:21.19100,1914.000,44
03:20:22.50000,1914.000,1
03:20:22.64800,1914.250,2
03:20:23.41000,1914.000,3
03:20:23.91400,1914.000,8
03:20:24.48800,1914.000,4
03:20:24.95300,1914.000,6
03:20:26.16700,1914.000,1
03:20:26.53900,1914.000,3
03:20:28.39400,1913.750,18
03:20:28.47600,1913.750,11
03:20:30.55400,1913.500,2
03:20:32.41400,1913.500,52
03:20:32.49600,1913.500,2
03:20:33.10500,1913.500,1
03:20:33.43300,1913.500,44
03:20:37.39000,1913.750,40
03:20:38.39800,1913.750,31
03:20:40.81600,1914.000,1
03:20:41.33200,1913.750,7
03:20:41.66700,1913.750,4
03:20:42.66400,1913.750,6
03:20:43.37500,1914.000,1
03:20:44.18700,1914.000,16
03:20:44.26500,1914.000,1
03:20:45.68300,1914.000,1
03:20:45.91000,1914.000,3
03:20:46.47600,1914.000,9
03:20:49.08200,1914.000,1
03:20:49.76900,1914.000,1
03:20:50.32800,1913.750,27
03:20:51.14000,1913.750,2
03:20:52.54200,1913.750,29
03:20:55.89800,1913.750,2
03:20:57.27700,1913.500,12
03:20:57.47600,1913.500,47
03:20:57.82400,1913.500,43
03:20:58.61300,1913.500,50
03:20:59.68300,1913.500,1
03:21:00.01500,1913.500,6
03:21:00.45700,1913.500,19
03:21:00.94500,1913.500,5
03:21:01.16400,1913.500,5
03:21:01.59700,1913.500,4
03:21:02.06200,1913.500,2
03:21:03.14000,1913.750,1
03:21:04.50300,1913.500,12
03:21:04.89400,1913.500,1
03:21:05.14800,1913.750,1
03:21:05.48400,1913.750,52
03:21:05.57400,1913.750,9
03:21:06.07000,1913.750,3
03:21:06.36700,1913.750,1
03:21:07.12800,1913.750,1
03:21:08.82400,1914.000,3
03:21:11.34300,1913.750,4
03:21:11.62500,1913.750,8
03:21:12.64800,1913.750,1
03:21:14.28500,1913.500,5
03:21:15.25300,1913.500,2
03:21:16.25700,1913.750,26
03:21:16.91700,1913.750,53
03:21:17.01100,1913.750,12
03:21:17.06200,1914.000,1
03:21:18.70700,1914.000,8
03:21:19.86700,1914.000,2
03:21:22.53500,1914.000,25
03:21:22.80000,1914.000,1
03:21:23.45300,1914.250,2
03:21:23.97200,1914.000,1
03:21:24.58200,1914.000,7
03:21:24.76500,1914.000,1
03:21:25.26500,1913.750,5
03:21:25.46000,1914.000,1
03:21:26.92900,1913.750,5
03:21:27.47200,1914.000,1
03:21:29.04200,1914.000,10
03:21:29.48000,1914.250,1
03:21:29.58900,1914.000,5
03:21:30.24600,1914.250,1
03:21:30.96000,1914.000,1
03:21:31.48800,1914.250,1
03:21:32.41000,1914.250,14
03:21:33.52300,1914.250,1
03:21:35.21400,1914.250,1
03:21:37.08200,1914.000,1
03:21:39.30800,1914.000,1
03:21:39.41700,1914.250,2
03:21:40.81200,1914.000,19
03:21:41.16700,1914.000,3
03:21:41.24600,1914.000,2
03:21:41.44900,1914.250,1
03:21:42.51100,1914.000,2
03:21:44.82000,1914.000,8
03:21:45.26100,1913.750,30
03:21:47.11300,1913.500,1
03:21:47.57000,1913.500,17
03:21:47.82800,1913.500,15
03:21:47.94900,1913.500,15
03:21:49.24200,1913.500,18
03:21:50.25700,1913.500,7
03:21:50.63600,1913.500,2
03:21:50.80000,1913.500,1
03:21:52.69100,1913.500,4
03:21:55.10500,1913.500,2
03:21:55.57400,1913.500,2
03:21:55.81600,1913.500,10
03:21:56.44900,1913.500,8
03:21:59.46000,1913.500,6
03:22:08.52300,1913.500,15
03:22:09.45700,1913.500,12
03:22:09.87100,1913.500,9
03:22:10.57400,1913.500,1
03:22:11.30400,1913.500,1
03:22:12.64400,1913.500,24
03:22:13.50000,1913.500,1
03:22:17.15600,1913.500,1
03:22:17.67900,1913.250,52
03:22:22.20700,1913.250,1
03:22:23.12100,1913.500,12
03:22:23.48400,1913.250,1
03:22:26.54600,1913.250,104
03:22:26.78900,1913.250,27
03:22:27.16700,1913.250,11
03:22:27.28100,1913.250,1
03:22:28.35100,1913.250,13
03:22:28.57800,1913.250,20
03:22:29.18300,1913.250,18
03:22:29.57400,1913.250,4
03:22:30.03100,1913.250,15
03:22:30.71800,1913.250,1
03:22:31.25300,1912.750,56
03:22:31.38200,1912.750,2
03:22:31.82000,1912.750,1
03:22:31.92500,1913.000,15
03:22:32.03900,1913.000,9
03:22:32.24200,1913.000,3
03:22:32.46800,1913.250,2
03:22:32.80800,1913.250,3
03:22:33.01500,1913.250,2
03:22:34.72200,1913.250,2
03:22:35.69900,1913.250,10
03:22:36.01500,1913.250,5
03:22:36.73000,1913.250,5
03:22:36.92100,1913.000,20
03:22:37.14000,1913.250,3
03:22:38.14400,1913.250,16
03:22:39.33900,1913.250,1
03:22:39.61700,1913.000,4
03:22:40.59300,1913.250,5
03:22:42.10900,1913.500,3
03:22:42.76500,1913.500,12
03:22:44.22200,1913.500,1
03:22:44.34700,1913.750,1
03:22:46.28500,1913.500,1
03:22:47.58200,1913.750,9
03:22:47.90600,1913.750,7
03:22:49.12500,1913.500,23
03:22:49.33500,1913.750,4
03:22:49.91700,1913.500,1
03:22:53.87500,1913.500,1
03:22:55.68700,1913.750,36
03:22:59.23400,1914.000,2
03:22:59.30000,1914.000,1
03:23:04.08900,1914.000,2
03:23:04.69500,1913.750,1
03:23:06.41700,1913.750,1
03:23:06.80800,1914.000,17
03:23:09.92500,1914.250,17
03:23:13.51500,1914.250,21
03:23:14.62800,1914.250,1
03:23:17.12800,1914.250,5
03:23:17.28100,1914.250,1
03:23:18.10500,1914.250,3
03:23:18.22600,1914.250,1
03:23:18.51500,1914.250,1
03:23:20.55400,1914.000,55
03:23:22.19500,1914.000,4
03:23:24.16000,1914.000,1
03:23:24.42900,1914.000,2
03:23:26.19900,1914.500,308
03:23:26.37100,1914.500,2
03:23:27.47600,1914.500,1
03:23:27.64800,1914.500,16
03:23:32.51900,1914.500,28
03:23:32.65200,1914.500,59
03:23:34.13600,1914.500,5
03:23:36.58200,1914.750,79
03:23:36.60500,1914.750,5
03:23:40.30000,1914.750,63
03:23:40.51100,1915.000,14
03:23:41.46800,1915.000,5
03:23:43.70300,1914.500,27
03:23:45.90600,1914.500,1
03:23:46.69500,1914.750,4
03:23:49.14400,1915.000,5
03:23:49.33900,1915.000,42
03:23:49.43300,1915.000,5
03:23:49.94100,1914.750,1
03:23:50.84300,1915.000,1
03:23:51.51500,1915.000,3
03:23:52.33500,1915.000,16
03:23:52.66400,1915.000,2
03:23:52.92500,1915.000,1
03:23:54.74600,1915.250,18
03:23:54.90600,1915.250,15
03:23:55.73800,1915.250,1
03:23:56.18700,1915.250,7
03:23:56.67500,1915.250,9
03:23:57.03500,1915.500,2
03:23:57.05400,1915.250,13
03:23:57.31600,1915.250,17
03:23:58.90600,1915.250,80
03:23:59.55400,1915.000,10
03:24:00.53500,1915.500,5
03:24:01.22200,1915.500,30
03:24:01.43700,1915.500,13
03:24:01.53100,1915.500,4
03:24:03.38200,1915.500,5
03:24:03.48000,1915.500,10
03:24:04.47200,1915.500,1
03:24:04.96000,1915.750,8
03:24:05.90200,1915.250,3
03:24:05.93700,1915.250,4
03:24:06.03500,1915.250,5
03:24:06.90200,1915.250,4
03:24:08.13600,1915.500,1
03:24:08.85100,1915.000,11
03:24:09.09700,1915.250,1
03:24:09.66700,1915.250,18
03:24:09.78900,1915.500,2
03:24:10.04600,1915.250,14
03:24:11.00000,1915.000,31
03:24:11.24600,1915.000,25
03:24:11.58500,1915.000,2
03:24:13.43700,1915.000,5
03:24:13.92900,1914.750,18
03:24:14.21400,1914.750,4
03:24:14.65600,1915.000,20
03:24:15.40600,1915.000,16
03:24:16.13200,1915.000,5
03:24:16.52700,1915.000,4
03:24:16.61300,1915.000,1
03:24:17.57400,1915.000,2
03:24:18.07400,1915.250,1
03:24:18.89400,1915.000,1
03:24:20.39800,1915.000,50
03:24:20.66000,1915.000,3
03:24:21.51100,1915.000,1
03:24:22.15600,1915.250,2
03:24:23.03500,1915.250,4
03:24:23.79600,1915.500,33
03:24:24.27300,1915.500,1
03:24:24.88600,1915.500,13
03:24:26.31600,1915.500,8
03:24:27.07000,1915.250,57
03:24:27.68700,1915.250,2
03:24:28.37100,1915.250,9
03:24:29.56600,1915.250,10
03:24:30.81600,1915.250,1
03:24:35.45300,1915.500,20
03:24:40.93300,1915.500,70
03:24:41.23800,1915.500,10
03:24:42.17900,1915.500,1
03:24:43.14000,1915.500,2
03:24:43.30400,1915.500,2
03:24:44.12800,1915.250,1
03:24:44.80800,1915.750,2
03:24:46.39000,1915.500,8
03:24:47.19500,1915.250,18
03:24:49.87100,1915.000,23
03:24:50.12100,1915.000,17
03:24:51.80400,1915.250,31
03:24:51.89800,1915.250,9
03:24:51.94900,1915.250,1
03:24:52.78100,1915.000,7
03:24:52.90200,1915.250,1
03:24:54.74600,1915.000,24
03:24:55.45700,1915.000,8
03:24:56.53100,1915.000,4
03:24:59.53900,1915.000,10
03:25:00.52300,1915.250,50
03:25:01.50700,1915.500,2
03:25:02.94500,1915.250,12
03:25:03.15600,1915.000,1
03:25:06.85100,1915.250,19
03:25:07.55000,1915.250,2
03:25:07.80400,1915.500,18
03:25:08.83200,1915.500,1
03:25:09.68300,1915.750,2
03:25:12.56200,1915.750,63
03:25:15.61300,1915.750,14
03:25:20.14400,1916.000,8
03:25:20.42500,1916.000,2
03:25:20.71000,1915.750,40
03:25:20.79600,1915.500,14
03:25:20.87500,1915.500,8
03:25:20.94500,1915.500,1
03:25:21.91700,1915.750,10
03:25:22.62800,1915.500,21
03:25:22.93300,1915.500,2
03:25:25.80000,1915.500,16
03:25:28.41700,1915.500,6
03:25:29.52700,1915.500,10
03:25:33.26900,1915.750,26
03:25:34.83500,1915.750,9
03:25:38.40600,1915.500,1
03:25:39.12800,1915.500,1
03:25:40.82800,1915.500,1
03:25:41.69100,1915.750,10
03:25:47.42500,1915.750,1
03:25:47.94500,1915.750,14
03:25:48.29600,1915.500,6
03:25:49.71400,1915.500,14
03:25:50.84700,1915.250,111
03:25:51.18700,1915.250,2
03:25:51.85900,1915.000,5
03:25:55.88600,1914.750,20
03:25:56.03100,1915.000,22
03:25:58.46800,1915.250,6
03:25:59.55800,1915.250,12
03:26:02.69500,1915.250,2
03:26:03.60100,1915.250,1
03:26:04.60500,1915.250,2
03:26:05.17500,1915.000,1
03:26:06.15600,1915.250,4
03:26:06.65600,1915.250,8
03:26:08.05000,1915.000,1
03:26:08.17900,1915.250,1
03:26:08.25700,1915.250,12
03:26:10.35900,1915.250,6
03:26:11.03500,1915.250,1
03:26:11.48800,1915.000,30
03:26:11.82400,1915.000,2
03:26:12.24200,1915.000,5
03:26:12.33200,1915.000,2
03:26:12.82800,1915.000,54
03:26:13.47200,1914.750,10
03:26:14.65600,1914.500,1
03:26:16.80000,1914.750,15
03:26:19.54600,1914.750,18
03:26:20.09300,1914.750,3
03:26:21.43300,1914.750,9
03:26:22.10500,1914.750,21
03:26:22.41000,1914.750,3
03:26:22.73400,1915.000,2
03:26:23.05800,1914.750,9
03:26:26.44500,1914.750,1
03:26:26.92900,1914.750,2
03:26:27.19100,1914.750,97
03:26:27.73000,1914.750,13
03:26:29.48800,1914.750,10
03:26:30.54200,1914.750,6
03:26:30.77300,1914.750,3
03:26:31.95300,1914.750,7
03:26:36.03500,1914.500,37
03:26:37.02300,1914.500,1
03:26:38.35900,1914.250,31
03:26:38.47200,1914.000,12
03:26:38.53500,1914.250,14
03:26:38.88200,1914.250,6
03:26:39.20700,1914.250,4
03:26:41.81600,1914.250,1
03:26:44.73800,1914.500,11
03:26:47.30000,1914.750,37
03:26:49.44100,1914.750,1
03:26:49.70300,1914.750,9
03:26:52.00700,1915.000,22
03:26:53.08200,1915.250,7
03:26:59.71800,1915.000,25
03:27:01.49600,1915.000,14
03:27:07.41700,1915.000,8
03:27:10.18300,1915.000,1
03:27:11.85900,1915.250,9
03:27:12.14000,1915.250,1
03:27:14.60900,1915.250,1
03:27:15.96800,1915.250,11
03:27:20.37100,1915.500,3
03:27:21.20700,1915.250,17
03:27:21.87800,1915.000,1
03:27:22.37100,1915.250,10
03:27:22.63200,1915.250,2
03:27:23.80800,1915.250,1
03:27:24.66700,1915.500,10
03:27:25.26100,1915.250,7
03:27:27.38600,1915.250,7
03:27:28.19900,1915.000,17
03:27:29.45700,1915.000,4
03:27:30.36700,1914.750,14
03:27:32.03500,1914.750,6
03:27:33.11300,1914.750,7
03:27:34.38200,1914.750,18
03:27:34.96800,1914.750,2
03:27:35.37500,1915.000,16
03:27:37.88600,1914.750,14
03:27:41.93300,1915.000,24
03:27:44.06200,1915.000,5
03:27:44.76900,1915.000,6
03:27:47.37500,1914.750,54
03:27:48.19900,1914.750,15
03:27:48.42500,1914.750,16
03:27:48.83900,1914.750,11
03:27:50.89000,1915.000,9
03:27:51.07000,1915.000,19
03:27:52.85500,1915.000,1
03:27:56.53500,1915.250,22
03:27:57.66000,1915.250,13
03:27:59.96800,1915.000,10
03:28:05.19100,1915.250,12
03:28:06.71400,1915.250,3
03:28:07.25700,1915.250,8
03:28:11.20300,1915.250,2
03:28:12.77700,1915.250,15
03:28:13.19100,1915.000,5
03:28:13.71800,1915.000,6
03:28:14.78900,1915.000,4
03:28:14.87800,1915.000,1
03:28:15.54200,1914.750,128
03:28:21.35100,1914.750,3
03:28:22.22200,1914.750,1
03:28:22.90600,1915.000,38
03:28:28.05400,1915.000,13
03:28:28.33500,1915.000,2
03:28:28.80000,1915.000,6
03:28:30.01500,1915.000,2
03:28:33.78500,1914.750,4
03:28:35.09700,1914.750,4
03:28:35.23800,1914.750,1
03:28:37.53500,1914.750,16
03:28:39.23800,1914.750,8
03:28:40.00700,1914.750,4
03:28:44.65600,1915.000,3
03:28:44.74600,1915.000,13
03:28:48.80400,1915.000,17
03:28:50.09300,1915.000,1
03:28:52.30800,1915.000,1
03:28:52.59700,1915.250,6
03:28:52.77700,1915.250,13
03:28:53.30400,1915.250,5
03:28:55.19900,1915.250,4
03:28:56.36700,1915.250,5
03:28:56.94500,1915.500,1
03:28:57.90200,1915.500,1
03:28:58.55400,1915.250,1
03:28:59.12500,1915.500,10
03:29:00.65600,1915.250,2
03:29:01.66700,1915.250,14
03:29:03.39800,1915.000,2
03:29:03.85500,1915.000,17
03:29:06.13200,1914.750,1
03:29:07.26500,1915.000,63
03:29:07.47200,1915.000,12
03:29:08.40200,1914.750,41
03:29:10.17900,1914.500,29
03:29:10.50700,1914.500,1
03:29:10.66400,1914.500,3
03:29:11.17900,1914.500,1
03:29:12.36300,1914.500,10
03:29:12.76500,1914.500,1
03:29:17.01500,1914.500,13
03:29:18.55800,1914.750,9
03:29:20.06600,1914.500,10
03:29:21.96800,1914.500,19
03:29:22.93700,1914.500,7
03:29:23.63600,1914.500,10
03:29:24.28500,1914.750,8
03:29:24.28900,1914.750,29
03:29:24.94100,1914.500,202
03:29:25.65600,1914.250,21
03:29:27.01100,1914.000,66
03:29:27.28900,1914.250,7
03:29:28.59300,1913.750,4
03:29:29.17900,1913.750,7
03:29:29.56200,1913.750,22
03:29:30.17500,1913.750,1
03:29:30.76900,1913.750,1
03:29:32.86300,1913.750,1
03:29:33.76500,1913.500,42
03:29:34.77700,1913.750,18
03:29:35.16700,1913.750,19
03:29:37.05400,1913.500,39
03:29:37.38600,1913.500,9
03:29:37.81600,1913.500,1
03:29:38.09700,1913.750,2
03:29:38.46000,1913.500,20
03:29:39.04600,1913.500,1
03:29:41.22200,1913.500,1
03:29:41.64000,1913.500,1
03:29:42.76900,1913.500,6
03:29:43.08900,1913.500,2
03:29:43.19500,1913.500,10
03:29:43.29200,1913.500,3
03:29:43.56200,1913.500,5
03:29:44.10900,1913.500,10
03:29:44.68700,1913.750,20
03:29:45.81600,1913.500,4
03:29:45.91000,1913.500,28
03:29:46.02700,1913.500,2
03:29:46.12500,1913.500,1
03:29:49.79600,1913.500,23
03:29:50.32000,1913.500,3
03:29:52.09300,1913.750,13
03:29:52.45300,1914.000,1
03:29:53.79600,1914.000,19
03:29:54.52300,1914.000,36
03:29:55.96800,1914.000,3
03:29:56.80000,1914.000,14
03:30:00.41400,1914.000,13
03:30:00.59300,1914.000,1
03:30:00.96400,1913.750,36
03:30:01.38200,1913.750,2
03:30:02.00700,1913.750,6
03:30:02.14400,1914.000,16
03:30:02.51900,1913.500,5
03:30:02.61700,1913.750,6
03:30:03.14800,1913.750,2
03:30:03.48000,1913.750,1
03:30:04.04600,1913.500,33
03:30:04.85100,1913.500,30
03:30:05.12500,1913.500,4
03:30:05.97200,1913.500,12
03:30:07.29600,1913.250,32
03:30:07.32400,1913.250,19
03:30:07.44500,1913.250,10
03:30:08.10100,1913.250,2
03:30:08.50300,1913.000,29
03:30:08.69100,1913.250,5
03:30:08.94100,1913.000,2
03:30:09.14000,1913.250,6
03:30:09.78100,1913.000,2
03:30:10.46400,1913.250,18
03:30:12.39000,1913.000,3
03:30:12.51100,1913.000,8
03:30:12.85500,1913.250,3
03:30:13.14000,1913.000,98
03:30:13.44900,1912.750,13
03:30:13.56200,1912.750,2
03:30:13.78500,1912.750,2
03:30:13.87500,1913.000,2
03:30:14.01500,1913.000,1
03:30:14.50300,1912.750,3
03:30:15.62800,1912.750,1
03:30:16.02700,1912.750,25
03:30:17.09300,1912.750,27
03:30:17.44100,1912.750,1
03:30:18.13200,1913.000,8
03:30:18.44900,1913.000,38
03:30:19.49600,1913.000,3
03:30:19.80800,1913.000,5
03:30:19.87800,1913.000,5
03:30:22.14800,1912.750,100
03:30:22.15200,1912.750,11
03:30:22.41700,1912.500,28
03:30:22.53500,1912.500,10
03:30:23.64400,1912.500,1
03:30:24.48000,1912.750,143
03:30:24.65200,1912.750,2
03:30:25.77300,1913.000,52
03:30:26.23000,1913.000,4
03:30:26.73800,1913.000,28
03:30:30.07400,1912.750,21
03:30:33.01500,1912.750,1
03:30:34.23400,1912.750,1
03:30:35.62500,1912.750,1
03:30:36.62100,1912.500,7
03:30:37.43700,1912.500,2
03:30:37.69100,1912.750,2
03:30:40.60500,1912.750,21
03:30:41.40600,1912.750,1
03:30:42.55000,1912.750,7
03:30:44.46000,1912.500,60
03:30:44.57000,1912.250,29
03:30:44.64800,1912.250,43
03:30:44.72600,1912.250,17
03:30:44.80000,1912.250,33
03:30:45.35100,1912.250,1
03:30:45.75000,1912.250,42
03:30:46.04200,1912.500,11
03:30:47.30800,1912.500,1
03:30:49.07000,1912.500,2
03:30:49.78500,1912.500,18
03:30:50.82800,1912.500,18
03:30:51.45700,1912.500,4
03:30:52.12800,1912.500,12
03:30:52.55000,1912.750,112
03:30:52.55000,1912.750,1
03:30:54.96400,1912.250,33
03:30:55.44500,1912.500,8
03:30:55.96400,1912.250,5
03:30:57.19100,1912.500,5
03:30:58.83500,1912.500,9
03:30:58.94500,1912.500,1
03:31:03.58200,1912.750,26
03:31:03.73000,1912.750,1
03:31:04.67500,1912.500,48
03:31:04.76100,1912.250,1
03:31:05.70700,1912.000,28
03:31:05.80400,1912.000,1
03:31:05.87500,1912.250,2
03:31:06.44900,1912.000,2
03:31:06.59300,1912.000,32
03:31:06.68300,1912.000,10
03:31:08.34700,1912.000,27
03:31:08.49600,1912.000,8
03:31:09.06200,1912.000,5
03:31:09.55400,1912.000,4
03:31:11.08500,1911.750,32
03:31:11.14400,1911.750,5
03:31:11.47200,1911.750,1
03:31:11.78900,1912.000,1
03:31:12.17100,1911.750,1
03:31:12.90600,1911.750,1
03:31:14.17900,1912.000,2
03:31:14.85500,1912.000,5
03:31:15.64400,1912.250,68
03:31:15.71800,1912.250,1
03:31:17.34700,1912.250,1
03:31:17.59700,1912.000,1
03:31:19.07000,1912.000,6
03:31:19.71400,1912.250,4
03:31:20.25300,1912.000,90
03:31:20.38600,1912.250,2
03:31:20.53500,1912.250,2
03:31:21.25300,1912.000,2
03:31:21.78100,1912.250,7
03:31:21.85900,1912.250,5
03:31:22.47600,1912.500,1
03:31:23.44100,1912.500,23
03:31:24.08200,1912.500,1
03:31:25.55800,1912.750,2
03:31:28.43700,1912.500,50
03:31:29.43700,1912.500,2
03:31:32.34300,1912.500,2
03:31:33.46800,1912.500,2
03:31:33.66400,1912.250,6
03:31:34.59300,1912.250,3
03:31:35.94100,1912.250,18
03:31:36.17100,1912.250,2
03:31:36.51100,1912.250,1
03:31:36.76500,1912.250,9
03:31:36.86300,1912.250,2
03:31:38.31600,1912.250,8
03:31:41.03100,1912.500,9
03:31:41.20300,1912.500,5
03:31:42.14800,1912.500,1
03:31:43.00000,1912.500,2
03:31:44.41700,1912.500,1
03:31:44.72200,1912.500,4
03:31:44.92900,1912.500,1
03:31:46.46400,1912.500,8
03:31:46.74200,1912.500,2
03:31:48.10900,1912.250,10
03:31:48.56200,1912.500,39
03:31:49.14800,1912.500,4
03:31:51.70300,1912.500,12
03:31:53.20300,1912.500,18
03:31:57.71400,1912.500,5
03:31:58.45300,1912.750,27
03:31:59.58900,1913.000,13
03:32:03.06600,1912.500,17
03:32:03.19500,1912.500,1
03:32:05.83200,1912.500,15
03:32:06.45700,1912.750,1
03:32:06.78100,1912.500,5
03:32:06.90200,1912.500,8
03:32:07.87100,1912.250,25
03:32:09.40600,1912.250,2
03:32:09.91400,1912.250,10
03:32:11.04600,1912.250,3
03:32:12.35100,1912.250,54
03:32:12.68700,1912.000,59
03:32:13.96000,1912.000,1
03:32:14.35500,1911.750,19
03:32:14.57800,1911.750,7
03:32:15.60100,1911.750,7
03:32:15.75000,1911.750,1
03:32:16.84700,1911.750,1
03:32:17.16400,1911.750,2
03:32:17.50300,1911.750,5
03:32:18.04200,1911.750,1
03:32:18.17100,1912.000,1
03:32:18.57000,1911.750,1
03:32:18.77300,1911.750,15
03:32:18.89400,1911.750,1
03:32:19.57000,1912.000,164
03:32:19.67900,1911.750,1
03:32:20.38200,1912.000,10
03:32:21.45300,1911.750,1
03:32:22.08900,1911.750,11
03:32:22.73400,1912.000,36
03:32:23.88200,1912.250,2
03:32:24.32000,1912.000,25
03:32:25.02700,1912.000,3
03:32:25.35500,1912.000,1
03:32:25.82000,1912.000,9
03:32:26.08500,1912.000,7
03:32:26.40600,1912.000,1
03:32:26.66000,1912.000,16
03:32:27.67900,1911.750,1
03:32:29.26900,1912.000,5
03:32:30.12800,1912.250,1
03:32:32.18300,1912.250,18
03:32:32.35900,1912.250,1
03:32:32.87500,1912.250,15
03:32:34.43700,1912.000,1
03:32:35.15200,1912.250,2
03:32:36.41400,1912.000,3
03:32:36.71400,1912.000,2
03:32:39.49600,1912.250,13
03:32:42.26100,1912.250,7
03:32:46.52300,1912.000,11
03:32:48.23800,1912.000,39
03:32:49.03500,1912.000,2
03:32:49.64000,1912.000,1
03:32:50.08900,1912.000,2
03:32:50.64000,1911.750,1
03:32:54.73400,1912.000,1
03:32:55.13200,1911.750,28
03:32:55.35100,1912.000,132
03:32:55.55400,1912.000,3
03:32:57.07000,1911.750,1
03:32:59.37500,1912.000,2
03:32:59.59300,1912.000,1
03:33:00.89800,1912.000,3
03:33:01.25300,1912.250,1
03:33:02.62800,1912.000,11
03:33:04.52700,1912.000,1
03:33:07.12800,1912.250,21
03:33:07.29600,1912.250,17
03:33:07.61300,1912.000,1
03:33:08.82400,1912.000,1
03:33:10.20700,1912.000,33
03:33:10.81600,1912.000,12
03:33:17.87800,1912.000,1
03:33:22.60100,1911.750,26
03:33:22.96000,1911.750,8
03:33:23.14800,1911.750,3
03:33:25.77700,1911.500,1
03:33:26.15600,1911.750,1
03:33:26.35500,1911.500,30
03:33:26.83200,1911.500,1
03:33:28.35100,1911.750,5
03:33:29.28900,1911.750,1
03:33:29.67900,1911.750,2
03:33:30.12800,1911.750,3
03:33:32.35500,1911.750,2
03:33:32.76900,1911.750,31
03:33:36.19100,1911.750,4
03:33:37.60900,1911.750,5
03:33:39.73400,1912.000,2
03:33:40.38200,1912.000,71
03:33:40.71400,1912.000,32
03:33:40.90200,1912.000,1
03:33:42.57800,1911.750,2
03:33:43.81200,1911.750,9
03:33:44.60900,1911.750,12
03:33:45.62800,1912.000,5
03:33:47.38200,1912.000,41
03:33:48.82800,1912.000,2
03:33:49.94900,1912.250,11
03:33:50.05400,1912.250,6
03:33:50.65600,1912.250,1
03:33:51.36300,1912.250,4
03:33:52.16000,1912.250,1
03:33:53.21800,1911.750,104
03:33:53.22600,1911.750,50
03:33:53.78900,1912.000,16
03:33:53.91400,1912.250,1
03:33:55.16700,1912.250,1
03:33:55.65200,1912.250,1
03:33:56.44900,1912.250,2
03:33:57.14000,1912.000,5
03:34:00.44100,1911.750,35
03:34:00.54600,1911.750,1
03:34:00.96800,1911.500,1
03:34:02.15600,1911.500,1
03:34:02.46800,1911.750,23
03:34:03.69900,1912.000,5
03:34:06.73400,1912.000,11
03:34:07.71400,1912.000,8
03:34:08.44900,1912.000,1
03:34:08.89800,1912.250,1
03:34:11.94100,1912.000,24
03:34:14.26500,1912.000,1
03:34:14.41400,1912.000,1
03:34:14.78500,1912.000,10
03:34:15.55400,1912.000,15
03:34:16.84300,1912.000,53
03:34:17.74200,1912.000,1
03:34:20.42100,1912.000,1
03:34:20.82000,1912.250,14
03:34:22.16700,1912.250,1
03:34:22.80400,1912.000,16
03:34:25.10900,1911.750,1
03:34:25.21800,1911.750,5
03:34:25.66400,1912.000,1
03:34:26.44900,1911.750,25
03:34:27.66700,1911.750,6
03:34:29.52700,1911.750,3
03:34:30.41000,1911.750,1
03:34:34.96000,1911.500,5
03:34:35.77700,1911.750,26
03:34:35.94100,1911.750,16
03:34:36.15600,1912.000,1
03:34:37.94900,1911.750,1
03:34:39.95300,1911.750,10
03:34:40.18300,1911.750,10
03:34:44.56200,1912.000,17
03:34:45.02300,1911.750,1
03:34:50.54600,1911.750,43
03:34:50.65200,1911.500,7
03:34:50.73800,1911.750,7
03:34:51.60900,1911.750,4
03:34:52.39400,1911.750,1
03:34:52.60900,1911.750,1
03:34:53.22200,1911.500,58
03:34:53.62500,1911.750,36
03:34:54.56200,1911.250,92
03:34:54.62800,1911.250,1
03:34:56.23400,1911.500,10
03:34:56.38600,1911.250,38
03:34:56.51500,1911.500,2
03:34:57.13600,1911.250,12
03:34:57.68300,1911.500,9
03:34:58.35900,1911.250,1
03:35:00.43300,1911.250,10
03:35:00.43700,1911.250,10
03:35:01.21800,1911.000,144
03:35:01.32400,1911.000,24
03:35:01.42100,1911.000,3
03:35:01.79600,1911.000,1
03:35:02.28900,1910.750,10
03:35:02.36300,1910.750,3
03:35:03.25300,1911.000,14
03:35:03.67500,1911.000,2
03:35:04.91700,1911.000,2
03:35:05.75000,1911.250,1
03:35:06.03900,1911.000,1
03:35:07.12100,1911.000,14
03:35:07.30400,1911.000,14
03:35:07.64800,1911.250,50
03:35:07.80800,1911.250,21
03:35:10.62800,1911.250,1
03:35:10.83900,1911.000,7
03:35:11.62500,1911.250,1
03:35:12.48000,1911.250,17
03:35:13.37800,1911.250,14
03:35:14.08900,1911.250,25
03:35:16.16400,1911.250,6
03:35:16.67900,1911.250,2
03:35:18.91400,1911.250,5
03:35:19.66000,1911.250,66
03:35:20.04200,1911.500,7
03:35:20.71800,1911.500,1
03:35:22.40600,1911.250,24
03:35:22.64800,1911.250,8
03:35:27.72600,1911.250,30
03:35:29.55400,1911.500,2
03:35:30.36300,1911.500,11
03:35:30.42900,1911.250,2
03:35:30.93300,1911.250,2
03:35:31.52700,1911.250,1
03:35:32.09700,1911.250,1
03:35:32.33500,1911.500,1
03:35:36.10900,1911.250,10
03:35:36.37100,1911.250,7
03:35:37.09300,1911.250,9
03:35:38.25300,1911.250,1
03:35:39.34300,1911.500,1
03:35:39.42500,1911.500,2
03:35:39.81600,1911.500,10
03:35:39.90600,1911.500,8
03:35:40.82400,1911.500,5
03:35:42.37800,1911.500,1
03:35:49.07000,1911.750,5
03:35:49.34700,1911.500,2
03:35:51.00000,1911.500,27
03:35:51.95300,1911.500,1
03:35:53.13600,1911.500,2
03:35:56.41700,1911.750,39
03:35:58.80000,1912.000,43
03:35:59.67100,1912.000,1
03:35:59.84300,1912.250,1
03:36:04.13200,1912.000,63
03:36:04.18700,1911.750,1
03:36:04.41400,1911.750,40
03:36:06.77300,1911.750,1
03:36:07.36700,1911.750,20
03:36:08.11300,1911.750,7
03:36:10.13600,1911.500,22
03:36:10.26100,1911.750,5
03:36:11.12100,1911.500,10
03:36:11.85900,1911.500,10
03:36:12.08900,1911.500,27
03:36:13.49600,1911.250,110
03:36:14.47200,1911.000,2
03:36:14.85100,1911.000,1
03:36:16.41400,1911.000,1
03:36:17.22200,1911.000,2
03:36:17.32400,1911.250,42
03:36:19.05800,1911.250,69
03:36:22.48800,1911.250,3
03:36:22.89800,1911.500,28
03:36:23.22200,1911.250,31
03:36:23.35100,1911.250,1
03:36:23.61700,1911.250,11
03:36:23.96800,1911.250,2
03:36:24.34300,1911.250,13
03:36:24.53900,1911.250,1
03:36:24.85100,1911.250,1
03:36:25.26900,1911.250,1
03:36:27.17100,1911.250,2
03:36:27.42100,1911.250,6
03:36:27.61300,1911.500,11
03:36:27.64800,1911.250,5
03:36:28.83200,1911.500,33
03:36:29.47600,1911.500,1
03:36:31.46800,1911.750,14
03:36:31.60900,1911.750,28
03:36:31.91400,1911.750,4
03:36:32.08200,1911.750,2
03:36:32.28100,1911.750,2
03:36:32.42900,1911.750,2
03:36:32.55800,1911.750,2
03:36:32.73800,1911.750,2
03:36:32.91400,1911.750,3
03:36:39.02300,1911.750,3
03:36:40.63600,1911.750,1
03:36:42.19100,1912.000,100
03:36:42.37500,1911.750,11
03:36:45.25300,1912.000,6
03:36:45.68300,1912.000,2
03:36:47.71000,1912.000,1
03:36:47.89400,1912.000,47
03:36:49.55000,1912.000,8
03:36:49.62100,1912.000,1
03:36:49.82000,1912.000,4
03:36:50.95300,1912.000,3
03:36:51.47600,1912.000,5
03:36:55.36300,1912.000,5
03:36:55.60500,1912.000,9
03:36:55.69900,1912.000,2
03:36:56.84700,1912.250,62
03:36:57.19900,1912.250,6
03:36:57.81200,1912.250,6
03:36:58.19500,1912.250,4
03:36:59.80000,1912.250,3
03:37:00.77300,1912.250,30
03:37:01.40600,1912.250,1
03:37:03.12500,1912.250,7
03:37:03.75700,1912.250,2
03:37:04.12100,1912.500,19
03:37:08.11300,1912.500,43
03:37:09.00000,1912.750,1
03:37:09.77700,1912.750,3
03:37:10.36700,1912.750,6
03:37:12.00700,1912.750,2
03:37:14.49200,1912.750,46
03:37:14.58500,1912.750,8
03:37:16.57800,1912.750,13
03:37:17.36300,1912.750,9
03:37:18.92500,1912.750,11
03:37:20.33200,1912.500,6
03:37:25.53100,1912.750,30
03:37:29.91700,1913.000,61
03:37:30.78500,1913.000,2
03:37:31.81600,1913.000,14
03:37:32.67900,1913.000,6
03:37:32.87100,1913.000,19
03:37:33.77700,1913.250,6
03:37:34.41700,1913.250,1
03:37:36.59700,1913.250,2
03:37:36.72200,1913.250,17
03:37:37.50300,1913.250,1
03:37:37.90200,1913.000,31
03:37:38.27300,1913.000,6
03:37:39.12100,1912.750,3
03:37:40.88200,1912.750,1
03:37:46.12500,1912.750,25
03:37:46.28900,1912.750,11
03:37:47.34700,1913.000,39
03:37:49.83500,1913.250,20
03:37:50.44900,1913.000,243
03:37:50.56600,1913.000,12
03:37:50.94100,1913.000,7
03:37:51.26100,1913.000,2
03:37:52.44900,1912.750,1
03:37:54.29600,1912.750,10
03:37:56.38200,1912.750,2
03:37:56.54600,1912.750,14
03:37:57.01900,1912.750,1
03:37:58.21800,1912.750,2
03:38:05.47200,1912.750,23
03:38:05.67500,1912.750,7
03:38:05.88200,1913.000,25
03:38:06.22200,1913.000,1
03:38:07.58900,1913.000,47
03:38:07.75300,1913.000,5
03:38:09.51100,1913.000,1
03:38:09.89400,1913.000,6
03:38:10.31200,1913.000,2
03:38:11.85900,1913.000,5
03:38:15.00700,1913.000,22
03:38:16.24600,1913.000,1
03:38:16.48800,1913.000,1
03:38:16.58900,1913.250,44
03:38:17.89000,1913.250,2
03:38:20.86300,1913.250,10
03:38:21.56200,1913.250,3
03:38:24.00000,1913.250,1
03:38:26.73400,1913.250,50
03:38:29.18300,1913.250,41
03:38:30.61300,1913.250,1
03:38:31.19900,1913.250,13
03:38:32.44900,1913.250,1
03:38:33.22200,1913.250,1
03:38:33.72600,1913.250,3
03:38:35.94100,1913.250,1
03:38:36.47600,1913.250,1
03:38:37.76100,1913.500,7
03:38:37.87800,1913.500,1
03:38:38.76500,1913.500,1
03:38:39.08500,1913.250,5
03:38:40.77300,1913.500,59
03:38:41.05400,1913.500,18
03:38:43.47200,1913.500,9
03:38:44.61700,1913.500,2
03:38:45.31200,1913.500,1
03:38:48.21800,1913.500,5
03:38:51.89400,1913.500,6
03:38:53.05000,1913.500,3
03:38:54.43700,1913.500,1
03:38:54.67100,1913.500,10
03:39:01.30400,1913.250,28
03:39:02.16000,1913.250,2
03:39:02.96000,1913.250,1
03:39:03.46800,1913.500,65
03:39:03.57400,1913.500,5
03:39:05.14000,1913.500,3
03:39:05.70300,1913.500,8
03:39:08.07800,1913.500,1
03:39:12.43300,1913.250,10
03:39:20.66700,1913.500,15
03:39:21.11700,1913.500,35
03:39:23.10900,1913.750,3
03:39:25.34700,1913.500,1
03:39:27.11300,1913.500,1
03:39:30.11300,1913.500,41
03:39:30.31600,1913.500,1
03:39:30.35100,1913.500,1
03:39:30.80000,1913.500,10
03:39:31.01100,1913.500,2
03:39:31.60900,1913.500,2
03:39:31.85900,1913.500,2
03:39:36.28900,1913.250,16
03:39:36.39800,1913.000,1
03:39:36.57000,1913.250,1
03:39:37.03900,1913.250,7
03:39:37.66400,1913.250,1
03:39:38.16400,1913.250,1
03:39:41.12100,1913.250,11
03:39:46.26100,1913.500,26
03:39:54.96000,1913.500,6
03:39:55.76100,1913.500,1
03:39:57.19500,1913.500,9
03:39:58.84700,1913.500,5
03:39:59.19100,1913.500,1
03:40:00.55400,1913.500,90
03:40:00.55400,1913.500,1
03:40:00.75000,1913.250,5
03:40:01.06200,1913.250,12
03:40:01.26900,1913.250,3
03:40:01.66700,1913.250,5
03:40:02.01900,1913.250,4
03:40:02.03100,1913.250,3
03:40:04.46400,1913.000,1
03:40:05.61300,1913.000,1
03:40:06.54200,1913.000,36
03:40:07.25300,1913.000,52
03:40:07.75700,1913.000,1
03:40:09.57000,1913.000,76
03:40:10.95300,1912.750,5
03:40:11.94500,1913.000,1
03:40:12.75300,1913.250,1
03:40:14.21400,1913.000,1
03:40:15.16400,1913.250,6
03:40:15.26100,1913.000,9
03:40:17.43700,1913.250,64
03:40:17.83200,1913.250,6
03:40:21.77700,1913.000,1
03:40:28.55800,1913.000,1
03:40:29.05400,1913.250,1
03:40:29.21800,1913.250,4
03:40:29.60100,1913.250,1
03:40:33.19900,1913.000,27
03:40:41.27700,1912.750,291
03:40:41.27700,1912.750,19
03:40:41.61700,1912.750,41
03:40:41.84300,1912.750,8
03:40:42.00700,1912.750,150
03:40:42.22600,1912.750,41
03:40:42.39400,1912.750,61
03:40:42.72200,1913.000,10
03:40:43.13600,1912.750,3
03:40:44.29600,1912.750,84
03:40:47.14400,1912.750,57
03:40:48.28100,1912.750,110
03:40:51.15600,1912.750,25
03:40:54.54200,1912.750,1
03:40:54.93700,1912.500,82
03:40:57.29600,1912.250,1
03:40:58.04200,1912.500,9
03:40:58.14800,1912.500,1
03:40:58.84700,1912.500,12
03:40:59.51100,1912.500,1
03:41:03.05800,1912.750,8
03:41:04.26500,1912.750,2
03:41:05.13600,1912.750,2
03:41:05.21000,1912.750,14
03:41:06.80800,1912.500,2
03:41:09.73000,1912.750,1
03:41:09.87100,1912.750,6
03:41:12.87500,1913.000,52
03:41:14.18700,1913.000,5
03:41:14.38200,1913.000,17
03:41:14.60900,1913.000,14
03:41:17.59300,1913.000,31
03:41:21.85100,1913.000,2
03:41:24.41400,1913.000,5
03:41:32.34700,1912.750,1
03:41:32.83200,1912.750,11
03:41:34.32000,1912.750,10
03:41:35.09700,1912.750,4
03:41:35.61300,1912.750,1
03:41:35.80000,1912.750,5
03:41:37.12100,1912.750,1
03:41:38.80800,1912.500,19
03:41:43.27700,1912.500,31
03:41:44.46800,1912.500,97
03:41:46.65600,1912.500,1
03:41:47.04600,1912.500,1
03:41:48.08200,1912.500,2
03:41:55.78900,1912.500,1
03:41:57.34700,1912.500,1
03:41:58.44100,1912.750,44
03:41:59.10900,1912.500,8
03:42:02.92900,1912.750,11
03:42:05.49600,1912.750,5
03:42:07.05000,1912.500,30
03:42:07.18700,1912.500,11
03:42:08.18300,1912.500,3
03:42:09.66000,1912.500,3
03:42:10.14000,1912.500,1
03:42:11.76100,1912.500,1
03:42:12.23000,1912.750,155
03:42:12.23800,1912.750,11
03:42:15.11700,1912.750,1
03:42:15.69100,1912.750,3
03:42:17.62100,1912.750,5
03:42:22.67900,1913.000,5
03:42:22.84700,1912.750,5
03:42:29.05800,1912.750,20
03:42:31.53500,1912.750,1
03:42:32.46800,1913.000,100
03:42:33.84300,1913.250,24
03:42:36.01100,1913.000,10
03:42:36.47600,1913.250,1
03:42:36.96800,1913.500,2
03:42:37.60500,1913.500,36
03:42:38.83500,1913.250,1
03:42:39.26500,1913.500,2
03:42:40.18700,1913.500,2
03:42:40.58900,1913.250,8
03:42:44.33200,1913.750,11
03:42:44.86700,1913.750,51
03:42:48.15600,1913.750,21
03:42:48.37500,1913.750,3
03:42:49.23800,1913.750,2
03:42:49.50000,1914.000,8
03:42:49.63600,1913.750,1
03:42:49.85900,1913.750,4
03:42:49.94900,1913.750,1
03:42:50.30400,1914.000,19
03:42:50.48400,1914.000,2
03:42:50.55800,1914.000,2
03:42:50.67500,1914.000,1
03:42:51.10500,1914.000,7
03:42:51.53100,1914.000,1
03:42:52.00300,1913.750,2
03:42:54.28500,1914.000,36
03:42:54.41700,1914.250,6
03:42:54.75700,1914.000,2
03:42:55.24600,1914.250,1
03:42:56.60100,1914.000,1
03:42:56.89400,1914.250,1
03:42:57.29200,1914.000,4
03:42:57.38200,1914.000,4
03:42:59.42100,1914.000,3
03:42:59.67100,1914.000,11
03:43:01.71400,1914.000,23
03:43:01.79200,1914.000,13
03:43:02.07400,1914.000,1
03:43:02.86300,1913.750,54
03:43:04.21400,1913.500,27
03:43:04.47600,1913.500,1
03:43:04.82000,1913.500,36
03:43:05.37800,1913.500,38
03:43:06.86300,1913.500,31
03:43:07.38200,1913.500,2
03:43:10.37800,1913.500,1
03:43:10.69900,1913.500,8
03:43:11.76900,1913.500,4
03:43:11.83200,1913.500,1
03:43:12.34700,1913.500,3
03:43:12.87100,1913.500,3
03:43:13.71800,1913.750,1
03:43:14.49600,1914.000,39
03:43:15.61300,1914.000,2
03:43:15.75300,1914.000,24
03:43:16.23000,1914.000,15
03:43:17.26900,1913.750,56
03:43:20.25000,1914.000,16
03:43:20.44900,1914.000,18
03:43:20.64400,1913.750,1
03:43:20.79200,1913.750,1
03:43:23.16700,1914.000,1
03:43:24.71400,1914.000,7
03:43:29.08500,1914.000,5
03:43:31.00700,1914.000,11
03:43:31.23400,1914.000,3
03:43:31.90600,1914.000,1
03:43:34.41700,1914.000,1
03:43:36.17500,1914.000,1
03:43:37.69500,1914.000,25
03:43:39.35900,1913.750,5
03:43:43.14000,1913.750,1
03:43:44.44100,1913.750,36
03:43:46.39800,1913.500,18
03:43:52.00000,1913.500,3
03:43:52.19100,1913.500,1
03:43:52.82800,1913.750,31
03:43:53.05000,1913.750,2
03:43:54.58900,1913.750,17
03:43:56.61700,1913.750,8
03:44:00.97200,1913.500,15
03:44:01.39400,1913.750,1
03:44:01.84300,1913.500,1
03:44:06.76100,1913.750,10
03:44:08.52300,1913.750,4
03:44:09.64000,1913.750,31
03:44:09.69500,1913.750,1
03:44:10.59300,1913.750,3
03:44:12.05400,1914.000,1
03:44:12.88600,1914.000,3
03:44:14.17500,1914.250,86
03:44:14.24200,1914.250,5
03:44:14.39000,1914.250,10
03:44:15.89800,1914.500,4
03:44:15.96000,1914.500,4
03:44:17.07000,1914.250,3
03:44:18.19900,1914.250,1
03:44:18.40200,1914.250,2
03:44:19.44100,1914.250,1
03:44:22.11700,1914.500,51
03:44:22.33200,1914.500,10
03:44:23.20300,1914.500,1
03:44:23.47600,1914.500,1
03:44:24.53100,1914.500,6
03:44:24.76500,1914.250,42
03:44:24.82400,1914.250,7
03:44:24.96000,1914.250,1
03:44:25.45700,1914.250,2
03:44:25.71400,1914.250,1
03:44:26.14000,1914.250,7
03:44:30.03500,1914.250,1
03:44:30.87100,1914.250,21
03:44:31.60900,1914.000,33
03:44:32.32000,1914.000,1
03:44:34.74600,1914.000,23
03:44:35.10500,1914.000,1
03:44:35.64000,1914.000,5
03:44:40.24600,1914.250,10
03:44:40.42100,1914.250,8
03:44:41.44100,1914.250,22
03:44:43.65200,1914.500,3
03:44:44.47600,1914.500,51
03:44:45.09300,1914.750,6
03:44:45.35100,1914.750,2
03:44:46.28900,1914.500,13
03:44:47.19100,1914.500,12
03:44:47.29600,1914.500,3
03:44:47.35900,1914.500,1
03:44:47.45300,1914.500,2
03:44:47.58900,1914.500,1
03:44:47.80000,1914.500,3
03:44:48.23400,1914.500,5
03:44:48.67900,1914.500,3
03:44:49.05800,1914.250,14
03:44:49.48400,1914.750,192
03:44:49.53100,1914.750,7
03:44:49.65200,1914.750,2
03:44:50.51100,1914.750,2
03:44:50.81600,1914.750,1
03:44:51.03100,1914.750,5
03:44:51.25700,1914.750,1
03:44:52.96800,1914.750,186
03:44:52.96800,1914.750,5
03:44:52.96800,1914.750,95
03:44:52.97200,1914.750,59
03:44:52.97200,1914.750,20
03:44:53.03100,1914.750,6
03:44:53.92100,1914.750,3
03:44:58.37500,1914.750,1
03:45:00.39400,1914.750,164
03:45:00.61300,1914.750,1
03:45:00.76500,1914.750,28
03:45:00.81200,1915.000,103
03:45:00.90200,1915.000,10
03:45:01.23400,1914.750,1
03:45:02.54600,1915.000,5
03:45:03.66400,1914.750,2
03:45:06.55000,1914.750,1
03:45:06.74600,1915.000,1
03:45:07.21000,1915.000,11
03:45:10.35500,1915.250,1
03:45:11.13600,1915.250,2
03:45:11.65200,1915.250,1
03:45:13.74600,1915.250,3
03:45:14.25300,1915.250,1
03:45:14.85100,1915.250,1
03:45:17.41700,1915.000,46
03:45:18.85500,1915.000,15
03:45:20.03100,1915.000,1
03:45:25.56200,1915.250,71
03:45:26.42100,1915.250,3
03:45:29.01500,1915.500,5
03:45:29.82000,1915.250,1
03:45:30.62500,1915.250,1
03:45:31.92900,1915.500,55
03:45:32.02300,1915.500,1
03:45:32.22600,1915.250,11
03:45:32.58500,1915.250,10
03:45:33.02300,1915.500,10
03:45:34.42100,1915.500,1
03:45:34.67900,1915.250,1
03:45:35.17900,1915.500,1
03:45:37.19900,1915.250,4
03:45:37.29600,1915.500,7
03:45:39.05400,1915.500,3
03:45:41.71400,1915.250,18
03:45:42.66700,1915.250,9
03:45:42.89400,1915.250,3
03:45:45.35500,1915.250,18
03:45:47.01900,1915.250,1
03:45:49.64000,1915.250,1
03:45:51.05400,1915.500,1
03:45:51.20300,1915.500,21
03:45:53.69100,1915.500,2
03:45:55.57000,1915.250,1
03:45:58.48000,1915.500,1
03:45:59.67900,1915.500,10
03:46:02.36300,1915.500,12
03:46:03.62800,1915.500,10
03:46:05.71000,1915.500,1
03:46:07.60100,1915.500,1
03:46:08.94100,1915.500,4
03:46:10.69900,1915.250,10
03:46:14.47600,1915.500,64
03:46:14.92500,1915.500,11
03:46:15.71000,1915.750,1
03:46:16.01100,1915.750,1
03:46:16.15600,1915.750,1
03:46:16.37100,1915.500,21
03:46:17.67900,1915.500,13
03:46:17.96400,1915.750,92
03:46:18.04600,1915.750,6
03:46:18.05400,1915.750,8
03:46:18.57400,1916.250,116
03:46:19.40600,1916.000,33
03:46:20.13600,1916.000,1
03:46:20.28500,1916.000,10
03:46:20.91400,1916.250,1
03:46:21.17500,1916.000,15
03:46:21.35500,1916.000,14
03:46:21.71800,1916.000,2
03:46:23.15600,1916.000,3
03:46:24.42900,1916.000,2
03:46:25.13200,1916.000,5
03:46:26.09700,1915.750,10
03:46:26.14400,1916.000,17
03:46:27.55400,1916.250,1
03:46:28.41700,1916.250,1
03:46:29.61300,1916.000,3
03:46:30.40600,1916.000,1
03:46:31.33500,1916.000,14
03:46:32.16000,1916.000,8
03:46:32.81600,1916.250,1
03:46:32.89400,1916.000,1
03:46:35.94500,1916.000,26
03:46:36.32400,1916.000,1
03:46:36.60500,1916.000,5
03:46:36.78100,1915.750,14
03:46:37.18300,1916.000,1
03:46:38.37800,1916.000,2
03:46:38.66400,1916.000,1
03:46:38.97200,1915.750,25
03:46:40.83500,1915.750,29
03:46:41.89800,1916.000,19
03:46:42.10100,1915.750,6
03:46:43.28100,1916.000,6
03:46:43.81600,1915.750,6
03:46:44.62500,1915.750,4
03:46:47.18300,1916.000,3
03:46:47.22200,1916.000,1
03:46:49.32800,1916.000,2
03:46:50.35100,1916.000,21
03:46:50.57400,1916.000,1
03:46:50.64000,1916.250,8
03:46:51.85900,1916.000,1
03:46:52.06600,1916.250,5
03:46:52.10500,1916.250,1
03:46:53.29200,1916.250,1
03:46:53.76100,1916.250,1
03:46:55.04600,1916.000,17
03:46:55.48400,1916.000,4
03:46:55.67900,1916.000,3
03:46:57.18700,1916.250,6
03:46:57.26100,1916.250,6
03:46:57.70700,1916.000,5
03:46:58.36300,1916.000,1
03:46:59.17100,1916.000,1
03:46:59.28100,1916.000,3
03:46:59.42500,1916.000,2
03:47:02.12100,1915.750,3
03:47:02.46800,1916.000,17
03:47:03.63200,1915.750,3
03:47:03.76900,1915.750,12
03:47:04.69500,1916.000,11
03:47:05.48000,1915.750,11
03:47:05.92100,1916.000,11
03:47:08.68700,1916.000,4
03:47:10.22200,1916.000,2
03:47:10.63200,1916.000,39
03:47:14.30400,1916.250,1
03:47:14.38200,1916.250,65
03:47:15.55800,1916.250,17
03:47:16.16700,1916.250,8
03:47:16.56200,1916.250,7
03:47:18.06600,1916.250,10
03:47:18.73800,1916.000,1
03:47:19.89000,1916.000,5
03:47:23.15600,1916.250,12
03:47:25.82800,1916.500,98
03:47:26.12800,1916.500,13
03:47:26.28900,1916.500,5
03:47:26.66000,1916.750,1
03:47:27.13600,1916.500,81
03:47:28.75000,1916.500,27
03:47:28.83200,1916.500,2
03:47:29.30800,1916.000,10
03:47:29.71800,1916.250,6
03:47:29.91700,1916.250,1
03:47:30.24200,1916.250,6
03:47:30.61700,1916.250,2
03:47:30.78900,1916.250,1
03:47:31.01500,1916.250,1
03:47:31.84300,1916.500,72
03:47:32.17500,1916.500,2
03:47:32.46400,1916.500,1
03:47:33.19100,1916.500,3
03:47:33.43300,1916.500,1
03:47:34.79600,1916.750,62
03:47:36.00700,1916.750,129
03:47:36.05400,1916.750,2
03:47:36.52700,1917.000,8
03:47:36.85100,1916.750,1
03:47:37.07400,1916.750,1
03:47:37.41700,1916.750,3
03:47:37.67100,1917.000,1
03:47:38.17500,1916.750,1
03:47:39.37100,1916.750,1
03:47:39.55800,1917.000,1
03:47:40.77700,1917.000,1
03:47:42.89000,1916.750,1
03:47:44.71800,1916.750,1
03:47:44.94500,1916.750,21
03:47:45.78900,1916.750,18
03:47:45.86300,1916.500,1
03:47:49.00700,1916.500,1
03:47:50.27700,1916.500,109
03:47:51.05800,1916.500,25
03:47:51.85100,1916.500,1
03:47:56.27300,1916.750,38
03:47:56.96400,1916.750,5
03:47:57.44900,1916.750,2
03:47:58.00300,1916.750,3
03:47:58.23400,1916.750,1
03:48:00.91400,1916.750,4
03:48:01.12800,1916.750,9
03:48:01.63200,1916.750,1
03:48:01.79200,1916.750,3
03:48:02.43300,1916.500,11
03:48:03.01900,1916.500,10
03:48:04.32400,1916.500,53
03:48:04.71400,1916.750,277
03:48:04.79200,1916.750,10
03:48:04.96800,1916.750,1
03:48:05.51500,1917.000,8
03:48:07.42900,1916.750,5
03:48:08.74200,1916.750,6
03:48:09.17900,1916.750,55
03:48:11.49200,1916.750,3
03:48:12.00300,1916.750,54
03:48:12.55800,1916.750,1
03:48:14.70700,1917.000,1
03:48:15.45300,1917.000,127
03:48:16.50700,1917.250,14
03:48:17.27700,1917.000,265
03:48:17.27700,1917.000,4
03:48:17.45300,1917.000,1
03:48:18.18700,1917.000,2
03:48:18.29600,1917.000,25
03:48:18.37500,1917.000,1
03:48:18.94500,1916.750,1
03:48:20.47600,1917.000,13
03:48:21.23800,1917.000,1
03:48:22.09300,1917.000,2
03:48:24.10100,1917.250,34
03:48:24.83500,1917.000,10
03:48:25.43700,1917.000,1
03:48:25.62800,1917.000,1
03:48:25.92100,1917.250,5
03:48:26.94900,1917.250,14
03:48:27.12500,1917.250,11
03:48:27.58900,1917.000,42
03:48:28.39000,1917.250,29
03:48:29.53100,1917.250,4
03:48:29.93300,1917.250,8
03:48:31.10900,1917.250,7
03:48:32.59300,1917.250,3
03:48:34.87100,1917.250,3
03:48:35.11700,1917.000,6
03:48:35.54600,1917.250,78
03:48:36.04600,1917.250,12
03:48:36.62500,1917.250,8
03:48:37.35900,1917.250,21
03:48:37.56600,1917.250,1
03:48:38.32800,1917.250,40
03:48:38.89400,1917.250,3
03:48:39.31200,1917.250,1
03:48:40.01900,1917.250,1
03:48:40.52700,1917.250,25
03:48:40.77300,1917.250,29
03:48:40.92100,1917.250,38
03:48:41.14800,1917.250,1
03:48:41.31600,1917.250,2
03:48:41.40600,1917.250,3
03:48:41.92100,1917.250,22
03:48:42.33200,1917.000,6
03:48:44.16000,1917.250,63
03:48:44.30400,1917.000,2
03:48:44.41400,1917.250,1
03:48:45.28900,1917.250,41
03:48:48.80800,1917.250,6
03:48:49.47200,1917.250,46
03:48:49.66400,1917.000,3
03:48:51.51100,1917.250,5
03:48:52.14800,1917.250,9
03:48:52.73400,1917.250,1
03:48:53.96800,1917.250,1
03:48:54.89400,1917.250,4
03:48:55.94100,1917.500,1
03:48:56.17100,1917.250,20
03:49:00.42500,1917.250,9
03:49:03.60100,1917.250,6
03:49:05.04600,1917.250,98
03:49:06.36700,1917.250,34
03:49:06.67900,1917.250,10
03:49:08.36300,1917.250,32
03:49:08.66400,1917.250,3
03:49:11.47200,1917.250,1
03:49:13.18700,1917.250,1
03:49:14.85500,1917.500,88
03:49:15.28100,1917.500,4
03:49:15.50300,1917.500,2
03:49:15.67900,1917.500,3
03:49:17.39000,1917.500,8
03:49:19.88600,1917.250,13
03:49:20.00000,1917.250,1
03:49:20.28900,1917.250,3
03:49:20.77300,1917.500,12
03:49:23.82000,1917.500,1
03:49:24.09300,1917.250,3
03:49:24.39800,1917.250,4
03:49:25.91000,1917.250,77
03:49:26.11700,1917.250,1
03:49:31.76500,1917.250,2
03:49:33.16700,1917.000,64
03:49:33.43700,1917.000,44
03:49:33.48000,1917.000,15
03:49:33.79600,1917.000,1
03:49:33.84700,1917.000,12
03:49:34.02300,1917.000,30
03:49:35.25300,1916.750,12
03:49:35.67900,1916.750,43
03:49:36.00700,1916.500,5
03:49:36.32000,1916.750,3
03:49:37.12800,1916.750,8
03:49:37.32800,1916.750,20
03:49:38.37100,1916.750,1
03:49:38.66700,1916.750,16
03:49:39.25700,1916.750,5
03:49:41.20300,1916.750,7
03:49:43.54600,1916.750,6
03:49:46.32400,1916.750,1
03:49:48.93700,1916.500,3
03:49:49.74200,1916.750,1
03:49:52.20700,1916.500,11
03:49:56.52300,1916.750,46
03:49:56.75700,1916.750,13
03:49:57.20300,1916.750,7
03:49:58.64000,1916.750,1
03:49:58.90600,1916.750,10
03:49:59.05000,1916.750,11
03:49:59.16400,1916.750,5
03:50:01.57000,1916.500,30
03:50:02.12100,1916.500,3
03:50:03.34300,1916.500,6
03:50:03.74600,1916.250,2
03:50:04.67500,1916.500,1
03:50:04.87500,1916.500,1
03:50:05.09700,1916.500,10
03:50:06.20700,1916.750,2
03:50:06.58900,1916.500,1
03:50:06.82800,1916.500,14
03:50:08.77300,1916.500,7
03:50:09.62500,1916.500,3
03:50:10.75300,1916.500,1
03:50:12.33500,1916.750,1
03:50:13.39800,1916.750,46
03:50:13.60100,1917.000,7
03:50:13.87800,1917.000,2
03:50:15.71400,1916.750,10
03:50:16.19500,1917.000,1
03:50:16.40200,1917.000,32
03:50:17.57800,1917.000,1
03:50:18.63600,1917.000,483
03:50:18.70300,1917.000,8
03:50:18.92900,1917.250,1
03:50:20.41000,1917.000,8
03:50:21.58500,1916.750,1
03:50:22.12800,1916.750,1
03:50:27.25700,1916.750,1
03:50:31.57400,1916.750,1
03:50:32.05000,1917.000,15
03:50:32.65200,1916.750,1
03:50:32.78500,1917.000,1
03:50:32.94100,1916.750,1
03:50:33.36300,1917.000,20
03:50:35.58900,1917.000,20
03:50:37.07800,1917.000,6
03:50:38.63200,1917.000,4
03:50:39.65600,1917.000,2
03:50:39.87100,1917.000,1
03:50:40.25000,1917.000,8
03:50:40.92900,1917.000,4
03:50:43.85500,1917.000,3
03:50:44.20700,1917.000,2
03:50:45.00000,1917.000,1
03:50:48.30400,1917.000,1
03:50:48.35100,1917.000,15
03:50:49.73800,1917.000,12
03:50:50.06600,1917.000,4
03:50:51.65200,1917.000,1
03:50:54.32000,1917.000,4
03:50:55.45300,1917.000,2
03:50:55.77300,1917.000,8
03:50:56.33500,1917.000,1
03:50:56.78500,1917.000,7
03:51:00.18700,1917.000,3
03:51:03.73000,1917.000,7
03:51:06.64800,1917.250,2
03:51:07.04600,1917.000,5
03:51:09.91700,1917.000,21
03:51:16.83500,1917.000,1
03:51:20.80000,1917.000,4
03:51:22.90200,1917.000,24
03:51:24.08500,1917.000,10
03:51:26.87800,1917.000,1
03:51:27.85900,1917.000,57
03:51:29.43300,1917.000,1
03:51:30.30000,1917.000,1
03:51:30.87100,1917.000,2
03:51:32.66000,1917.000,4
03:51:33.44900,1917.000,2
03:51:37.43700,1917.000,21
03:51:38.32000,1917.000,4
03:51:38.78900,1917.000,1
03:51:39.16700,1917.000,1
03:51:46.11700,1916.750,30
03:51:47.58900,1917.000,10
03:51:49.01100,1917.000,2
03:51:49.87100,1916.750,1
03:51:54.44100,1916.750,12
03:51:57.51900,1916.500,42
03:51:58.03900,1916.500,1
03:52:01.84300,1916.500,10
03:52:02.34700,1916.500,1
03:52:02.72600,1916.500,2
03:52:05.34700,1916.500,1
03:52:06.91400,1916.500,1
03:52:08.65200,1917.000,12
03:52:09.07400,1916.750,3
03:52:11.92500,1916.500,1
03:52:19.44900,1916.500,5
03:52:29.36700,1916.750,10
03:52:29.69100,1916.750,1
03:52:34.56200,1916.750,42
03:52:34.71000,1916.750,14
03:52:34.84700,1916.750,5
03:52:36.55800,1916.750,2
03:52:38.80000,1916.750,7
03:52:39.78900,1917.000,1
03:52:40.74200,1916.750,3
03:52:41.53500,1916.500,7
03:52:42.34700,1916.500,82
03:52:44.46400,1916.500,1
03:52:45.00700,1916.500,1
03:52:48.60500,1916.250,22
03:52:50.37100,1916.250,11
03:52:51.01100,1916.250,10
03:52:51.93300,1916.250,2
03:52:52.11300,1916.250,4
03:52:52.95300,1916.250,3
03:52:54.42100,1916.250,15
03:52:55.00300,1916.250,7
03:52:56.23400,1916.250,2
03:52:58.39800,1916.250,2
03:53:00.96400,1916.250,3
03:53:01.07400,1916.250,6
03:53:01.60100,1916.000,1
03:53:02.82400,1916.000,1
03:53:04.29600,1916.000,24
03:53:04.78900,1916.250,9
03:53:06.88600,1916.250,8
03:53:07.69100,1916.250,17
03:53:08.14000,1916.250,1
03:53:09.07400,1916.000,3
03:53:11.79200,1916.000,4
03:53:12.07000,1916.000,75
03:53:12.35100,1915.750,2
03:53:12.50300,1915.750,1
03:53:13.71400,1916.000,28
03:53:14.30800,1916.000,2
03:53:15.17500,1916.000,4
03:53:18.47200,1916.000,25
03:53:20.91400,1916.000,1
03:53:21.91700,1916.000,3
03:53:24.87500,1916.000,9
03:53:25.47200,1916.000,1
03:53:26.26100,1916.000,2
03:53:26.50000,1916.000,2
03:53:28.23400,1916.000,1
03:53:28.43300,1916.000,2
03:53:30.58200,1916.000,6
03:53:31.45700,1916.000,1
03:53:31.78500,1916.000,4
03:53:32.70300,1916.000,6
03:53:36.19100,1916.000,1
03:53:40.78900,1916.000,3
03:53:41.49600,1916.250,1
03:53:44.36700,1916.250,26
03:53:44.56600,1916.250,1
03:53:45.03100,1916.500,4
03:53:45.22200,1916.500,16
03:53:45.95700,1916.500,13
03:53:46.42500,1916.500,5
03:53:47.19900,1916.500,4
03:53:51.09700,1916.250,12
03:53:51.23000,1916.500,1
03:53:54.59300,1916.250,8
03:53:54.79200,1916.500,1
03:53:55.70700,1916.250,57
03:53:56.46000,1916.000,157
03:53:58.12500,1916.000,1
03:54:02.32800,1915.750,70
03:54:02.51100,1915.500,1
03:54:02.61300,1915.500,30
03:54:02.89000,1915.750,7
03:54:05.89800,1915.750,10
03:54:05.89800,1915.750,14
03:54:07.12100,1916.000,6
03:54:07.64800,1915.750,1
03:54:08.18300,1915.750,4
03:54:09.15600,1915.750,1
03:54:11.67100,1915.750,1
03:54:16.30000,1916.000,20
03:54:16.76500,1916.000,5
03:54:18.67500,1916.250,7
03:54:19.02700,1916.250,9
03:54:20.71800,1916.250,1
03:54:21.30000,1916.250,8
03:54:26.85100,1916.500,21
03:54:27.05800,1916.250,1
03:54:27.17900,1916.500,1
03:54:28.35900,1916.500,1
03:54:30.70700,1916.500,14
03:54:32.00000,1916.500,36
03:54:33.12100,1916.500,1
03:54:33.89000,1916.500,1
03:54:37.74200,1916.500,7
03:54:38.74600,1916.500,1
03:54:43.77700,1916.500,17
03:54:45.03500,1916.500,1
03:54:47.67900,1916.500,4
03:54:48.03900,1916.250,5
03:54:48.09700,1916.250,16
03:54:48.33900,1916.250,1
03:54:48.55000,1916.250,22
03:54:48.85500,1916.250,8
03:54:49.02700,1916.500,1
03:54:54.49600,1916.250,12
03:54:56.30000,1916.250,1
03:54:57.01500,1916.500,18
03:54:57.20700,1916.500,1
03:54:57.85500,1916.500,1
03:54:59.85100,1916.250,2
03:55:00.76900,1916.250,4
03:55:00.94100,1916.250,2
03:55:02.11300,1916.000,7
03:55:02.70700,1916.000,4
03:55:03.58900,1915.750,1
03:55:12.36700,1915.750,1
03:55:22.31200,1916.250,19
03:55:22.67100,1916.000,6
03:55:23.48800,1916.000,2
03:55:23.67100,1916.000,19
03:55:23.82400,1916.000,4
03:55:23.87500,1916.000,1
03:55:24.34700,1915.750,3
03:55:33.15600,1916.000,19
03:55:33.42900,1916.000,9
03:55:34.83500,1916.250,1
03:55:36.31600,1916.250,8
03:55:40.57400,1916.250,4
03:55:41.91000,1916.250,4
03:55:42.49200,1916.250,3
03:55:43.85900,1916.000,3
03:55:46.08900,1916.000,6
03:55:47.64400,1916.000,2
03:55:48.80400,1915.750,21
03:55:49.85900,1915.750,1
03:55:52.38600,1915.500,17
03:55:54.23400,1915.750,9
03:55:55.72600,1915.500,33
03:55:57.39800,1915.500,4
03:56:10.30000,1915.500,19
03:56:13.27700,1915.500,15
03:56:13.91000,1915.500,5
03:56:15.48400,1915.750,5
03:56:15.70700,1915.500,2
03:56:16.29600,1915.500,3
03:56:18.80800,1915.500,5
03:56:20.34700,1915.500,4
03:56:22.44900,1915.750,1
03:56:26.74200,1915.750,15
03:56:26.80800,1915.750,1
03:56:27.39800,1915.750,1
03:56:28.05800,1915.750,21
03:56:30.19100,1915.750,1
03:56:30.40200,1915.500,1
03:56:30.89800,1915.500,16
03:56:31.27700,1915.500,3
03:56:34.23400,1915.500,3
03:56:35.78100,1915.500,6
03:56:39.64000,1915.750,1
03:56:41.46000,1915.750,10
03:56:43.14400,1915.750,1
03:56:44.71000,1915.750,1
03:56:45.80000,1915.750,1
03:56:49.44100,1916.000,26
03:56:51.09300,1916.000,5
03:56:51.16700,1916.000,8
03:56:51.28900,1916.000,1
03:56:51.48400,1916.000,1
03:56:51.80000,1916.000,26
03:56:52.01500,1916.000,1
03:56:52.19100,1916.000,1
03:56:53.71800,1916.000,7
03:56:53.95700,1915.750,2
03:56:56.46800,1915.750,92
03:56:57.50000,1916.000,5
03:57:01.41400,1915.500,18
03:57:01.74200,1915.500,1
03:57:02.07800,1915.500,3
03:57:07.66700,1915.500,4
03:57:09.06200,1915.750,2
03:57:09.79600,1915.500,1
03:57:10.05800,1915.500,8
03:57:10.08900,1915.500,1
03:57:11.89800,1915.250,26
03:57:12.25000,1915.250,1
03:57:12.52300,1915.250,26
03:57:13.03900,1915.250,7
03:57:19.34300,1915.000,3
03:57:21.47200,1915.250,31
03:57:22.70300,1915.250,17
03:57:23.38600,1915.250,1
03:57:23.86700,1915.250,8
03:57:25.13200,1915.250,2
03:57:25.57000,1915.250,5
03:57:26.50300,1915.250,1
03:57:26.69900,1915.250,2
03:57:29.63200,1915.250,7
03:57:32.76100,1915.250,3
03:57:34.64000,1915.250,1
03:57:37.33500,1915.250,5
03:57:37.90200,1915.250,3
03:57:42.62800,1915.250,1
03:57:43.58200,1915.000,97
03:57:43.71800,1914.750,24
03:57:43.80800,1914.750,2
03:57:46.66700,1914.500,62
03:57:47.82800,1914.500,3
03:57:48.18300,1914.750,1
03:57:49.82000,1914.500,50
03:57:50.29200,1914.750,2
03:57:50.69100,1915.000,23
03:57:51.11300,1915.000,5
03:57:52.32400,1914.750,5
03:57:54.17900,1914.750,7
03:57:55.85500,1914.500,22
03:57:58.26100,1914.750,13
03:57:58.45700,1914.750,18
03:57:58.77700,1914.750,1
03:57:59.67500,1914.750,9
03:58:00.44100,1914.750,5
03:58:00.90200,1914.750,3
03:58:05.56600,1914.750,3
03:58:06.10500,1914.500,12
03:58:06.68700,1914.750,10
03:58:08.48800,1914.750,2
03:58:08.94500,1914.750,17
03:58:10.80400,1914.750,2
03:58:11.11700,1914.750,1
03:58:11.25300,1914.750,1
03:58:11.60500,1914.500,2
03:58:11.74600,1914.500,6
03:58:12.51900,1914.500,19
03:58:24.25700,1914.500,1
03:58:24.86300,1914.500,33
03:58:25.15600,1914.500,1
03:58:31.73800,1914.500,1
03:58:32.84700,1914.750,75
03:58:33.07400,1914.750,2
03:58:33.46400,1914.750,7
03:58:34.38200,1914.750,1
03:58:37.15600,1914.750,3
03:58:38.58500,1914.750,1
03:58:38.94500,1914.500,17
03:58:39.78900,1914.750,1
03:58:40.16000,1914.750,2
03:58:41.62500,1914.750,4
03:58:41.89400,1914.750,2
03:58:42.78900,1914.750,1
03:58:49.50700,1915.000,90
03:58:49.64400,1915.000,6
03:58:52.21400,1915.250,1
03:58:52.51500,1915.000,3
03:58:53.52300,1915.250,1
03:58:54.00700,1915.250,5
03:58:54.75700,1915.250,1
03:58:59.17100,1915.000,12
03:59:01.01900,1915.000,3
03:59:01.15600,1915.000,3
03:59:08.01100,1914.750,18
03:59:11.33900,1914.750,15
03:59:12.00700,1914.750,1
03:59:14.52700,1914.750,1
03:59:14.71400,1914.750,7
03:59:14.90200,1914.750,1
03:59:15.39400,1914.750,9
03:59:16.09300,1914.750,1
03:59:21.95300,1914.750,11
03:59:25.02700,1914.750,1
03:59:25.48400,1914.750,7
03:59:25.60500,1914.750,1
03:59:26.03500,1914.750,4
03:59:26.45700,1914.750,5
03:59:27.79600,1914.750,1
03:59:28.14800,1914.500,1
03:59:29.23800,1914.750,1
03:59:31.76100,1915.000,98
03:59:31.87100,1915.000,18
03:59:33.01900,1914.750,31
03:59:36.20700,1914.750,8
03:59:36.46800,1914.750,1
03:59:43.67100,1914.750,1
03:59:48.02700,1914.750,10
03:59:48.66400,1915.000,1
03:59:56.83500,1914.750,1
03:59:58.75000,1915.000,27
03:59:59.39400,1914.750,43
03:59:59.53500,1915.000,1
03:59:59.70300,1914.750,18
03:59:59.87800,1914.750,17
04:00:00.41700,1914.500,0
04:00:00.60100,1914.500,3
04:00:00.60500,1914.500,3
04:00:01.44500,1914.500,183
04:00:01.51900,1914.750,73
04:00:01.75300,1914.500,27
04:00:02.31600,1914.500,2
04:00:03.45700,1914.500,130
04:00:06.29600,1914.500,120
04:00:06.78100,1914.750,17
04:00:06.96800,1914.750,2
04:00:07.12500,1914.750,2
04:00:10.14800,1914.500,2
04:00:11.34300,1914.500,3
04:00:11.84300,1914.750,16
04:00:12.51500,1914.750,1
04:00:15.78900,1915.000,2
04:00:18.00000,1915.000,8
04:00:18.49600,1915.000,6
04:00:18.95300,1914.750,3
04:00:19.16700,1914.750,3
04:00:19.60500,1914.750,3
04:00:21.49600,1914.750,5
04:00:21.62800,1914.750,26
04:00:22.51900,1914.750,5
04:00:23.03500,1914.750,4
04:00:23.91700,1914.500,29
04:00:25.91400,1914.750,30
04:00:26.00700,1914.750,1
04:00:26.60500,1914.750,1
04:00:27.09300,1914.750,2
04:00:27.53900,1914.750,1
04:00:29.37100,1914.750,1
04:00:30.12800,1914.500,1
04:00:30.67100,1914.500,15
04:00:31.39400,1914.500,58
04:00:32.65200,1914.500,48
04:00:35.71800,1914.250,1
04:00:37.07000,1914.500,1
04:00:37.76500,1914.250,1
04:00:38.05800,1914.250,95
04:00:38.09300,1914.250,80
04:00:38.83900,1914.250,20
04:00:38.92900,1914.250,2
04:00:40.12100,1914.250,20
04:00:40.25700,1914.250,1
04:00:41.26100,1914.250,2
04:00:41.33200,1914.250,1
04:00:42.00000,1914.250,1
04:00:42.20700,1914.250,1
04:00:42.37500,1914.250,1
04:00:42.54600,1914.250,1
04:00:42.72200,1914.250,1
04:00:43.52700,1914.250,5
04:00:47.25000,1914.000,114
04:00:47.33200,1913.750,33
04:00:47.44900,1914.000,1
04:00:47.72200,1913.750,2
04:00:48.94900,1913.750,32
04:00:49.13200,1913.750,10
04:00:49.50700,1914.000,100
04:00:49.51500,1914.000,1
04:00:49.90600,1913.750,1
04:00:50.64400,1913.750,1
04:00:51.03900,1914.000,86
04:00:51.43700,1914.000,31
04:00:54.19500,1914.000,33
04:00:54.50700,1914.000,11
04:00:57.11700,1914.250,36
04:00:57.95700,1914.250,1
04:00:58.48000,1914.250,4
04:00:59.02700,1914.250,3
04:00:59.18300,1914.250,1
04:00:59.71800,1914.250,7
04:01:02.78500,1914.000,63
04:01:04.84300,1914.000,31
04:01:05.67900,1914.250,5
04:01:07.56200,1914.000,1
04:01:08.03100,1914.250,46
04:01:08.67100,1914.250,5
04:01:14.69900,1914.000,91
04:01:16.76100,1914.000,2
04:01:19.64400,1914.000,15
04:01:21.48000,1914.000,1
04:01:21.80000,1914.250,1
04:01:25.59700,1914.000,1
04:01:25.94500,1913.750,80
04:01:26.30800,1913.750,9
04:01:28.60900,1914.000,10
04:01:30.07000,1913.750,2
04:01:30.34300,1913.750,2
04:01:30.79600,1913.750,1
04:01:30.90600,1913.750,1
04:01:31.11700,1913.750,2
04:01:31.56600,1913.750,1
04:01:31.69500,1913.750,1
04:01:31.85900,1913.750,1
04:01:32.01100,1913.750,1
04:01:32.16400,1913.750,2
04:01:32.45300,1913.750,2
04:01:32.60100,1913.750,1
04:01:32.78900,1913.750,2
04:01:33.08500,1913.750,2
04:01:33.16000,1913.750,12
04:01:33.25300,1913.750,1
04:01:34.10100,1913.750,1
04:01:35.33500,1913.750,4
04:01:36.05800,1913.750,2
04:01:41.46400,1914.000,9
04:01:41.94500,1913.750,2
04:01:42.18300,1913.750,1
04:01:43.32800,1914.000,1
04:01:47.50300,1914.250,348
04:01:47.57800,1914.250,5
04:01:48.32800,1914.250,2
04:01:49.49600,1914.250,9
04:01:50.00700,1914.500,2
04:01:51.59300,1914.500,21
04:01:52.45700,1914.500,1
04:01:53.03100,1914.250,1
04:01:56.84300,1914.250,3
04:01:57.30000,1914.250,1
04:01:57.64800,1914.500,26
04:01:57.79200,1914.500,3
04:01:58.10100,1914.500,6
04:01:58.62100,1914.500,6
04:01:59.50300,1914.500,1
04:02:02.35500,1914.250,37
04:02:05.16700,1914.500,1
04:02:08.84700,1914.500,37
04:02:10.26100,1914.250,14
04:02:10.56200,1914.250,18
04:02:12.54200,1914.250,2
04:02:14.96800,1914.000,1
04:02:16.47600,1914.250,5
04:02:18.60900,1914.250,6
04:02:20.51500,1914.000,1
04:02:24.33200,1914.000,1
04:02:25.52700,1914.000,1
04:02:25.74200,1914.000,1
04:02:26.08500,1914.250,1
04:02:26.20300,1914.250,18
04:02:26.37100,1914.250,1
04:02:26.76900,1914.250,28
04:02:27.51100,1914.000,41
04:02:33.14000,1914.250,38
04:02:34.30800,1914.250,1
04:02:38.32400,1914.500,26
04:02:39.51500,1914.500,5
04:02:39.74200,1914.500,1
04:02:39.79600,1914.500,2
04:02:40.16400,1914.500,1
04:02:41.15600,1914.500,25
04:02:44.70300,1914.500,21
04:02:44.89000,1914.500,9
04:02:45.21000,1914.250,5
04:02:47.84700,1914.250,236
04:02:50.67500,1914.500,4
04:02:57.83500,1914.500,49
04:02:59.73400,1914.500,1
04:03:02.84300,1914.250,26
04:03:05.66400,1914.500,113
04:03:07.06200,1914.750,12
04:03:08.57400,1914.500,1
04:03:11.53500,1914.500,22
04:03:19.14800,1914.750,34
04:03:19.42100,1914.750,31
04:03:19.75700,1914.750,5
04:03:21.69100,1914.750,7
04:03:34.86700,1914.500,23
04:03:35.79200,1914.500,1
04:03:36.15200,1914.500,6
04:03:36.71000,1914.500,1
04:03:39.09300,1914.250,5
04:03:41.82800,1914.250,1
04:03:43.78100,1914.250,10
04:03:46.30000,1914.500,1
04:03:46.91700,1914.500,2
04:03:47.08500,1914.500,3
04:03:47.62100,1914.500,2
04:03:49.69500,1914.250,206
04:03:50.83500,1914.250,40
04:03:51.51100,1914.250,40
04:03:52.08900,1914.250,22
04:03:52.25000,1914.000,38
04:03:52.25700,1914.000,2
04:03:52.45300,1913.750,1
04:03:53.67500,1914.000,1
04:03:56.19100,1913.750,2
04:03:57.03500,1913.750,10
04:03:57.12800,1913.750,10
04:03:58.00300,1913.750,50
04:03:58.10100,1913.750,1
04:03:58.51500,1913.750,81
04:03:58.68300,1913.750,6
04:03:59.21800,1913.500,11
04:03:59.62100,1913.500,60
04:04:00.89400,1913.500,6
04:04:01.29600,1913.500,39
04:04:01.42500,1913.500,1
04:04:01.65200,1913.500,27
04:04:03.30400,1913.500,44
04:04:03.83500,1913.250,35
04:04:03.89400,1913.250,57
04:04:04.00300,1913.250,1
04:04:04.30400,1913.250,2
04:04:04.49200,1913.250,34
04:04:04.69900,1913.250,31
04:04:06.57000,1913.000,7
04:04:06.65600,1913.000,36
04:04:06.90200,1913.000,1
04:04:07.22200,1913.000,17
04:04:07.35100,1913.000,11
04:04:07.46800,1913.000,1
04:04:07.91400,1913.000,54
04:04:08.12500,1913.000,28
04:04:08.55400,1913.000,1
04:04:08.76100,1913.250,6
04:04:09.01100,1913.000,1
04:04:09.16700,1913.000,1
04:04:09.89400,1913.000,2
04:04:10.10100,1913.000,2
04:04:10.80000,1913.000,1
04:04:11.11700,1913.250,91
04:04:11.14800,1913.250,2
04:04:11.37500,1913.250,1
04:04:11.43700,1913.250,3
04:04:11.69500,1913.250,1
04:04:12.16700,1913.250,3
04:04:15.10500,1913.250,1
04:04:15.40200,1913.500,1
04:04:16.91000,1913.500,1
04:04:20.16700,1913.250,1
04:04:22.73800,1913.250,1
04:04:24.22600,1913.250,6
04:04:24.31200,1913.250,9
04:04:24.60500,1913.000,1
04:04:25.69500,1913.250,10
04:04:25.70300,1913.250,14
04:04:26.54200,1913.250,2
04:04:26.69500,1913.250,1
04:04:27.92900,1913.250,1
04:04:28.18300,1913.250,30
04:04:30.11700,1913.250,1
04:04:31.41400,1913.250,2
04:04:36.00700,1913.250,1
04:04:36.15600,1913.250,9
04:04:37.41400,1913.000,7
04:04:37.69900,1912.750,174
04:04:37.74600,1913.000,1
04:04:38.21400,1913.000,26
04:04:38.32000,1913.250,140
04:04:38.53100,1913.250,1
04:04:41.90200,1913.500,73
04:04:42.19100,1913.250,1
04:04:43.82400,1913.500,111
04:04:45.39000,1913.500,12
04:04:48.52700,1913.250,1
04:04:48.66000,1913.500,10
04:04:49.08900,1913.500,2
04:04:49.26500,1913.500,1
04:04:50.00300,1913.500,1
04:04:50.66400,1913.500,5
04:04:52.17900,1913.500,5
04:04:52.62800,1913.750,1
04:04:52.88600,1913.500,1
04:04:53.96800,1913.750,1
04:04:55.89000,1913.500,3
04:04:56.18300,1913.250,1
04:04:57.41000,1913.500,20
04:04:58.14400,1913.500,5
04:05:00.40600,1913.250,4
04:05:00.69500,1913.250,2
04:05:02.70300,1913.250,27
04:05:10.09300,1913.000,38
04:05:10.52700,1913.000,3
04:05:11.65200,1913.000,1
04:05:11.80000,1913.000,31
04:05:12.61300,1913.000,2
04:05:13.03900,1913.000,363
04:05:13.10500,1913.000,240
04:05:13.26500,1913.000,168
04:05:13.32400,1913.000,50
04:05:13.44100,1912.750,3
04:05:13.60500,1912.750,7
04:05:13.94900,1912.750,91
04:05:14.06200,1912.750,108
04:05:14.17900,1912.750,2
04:05:14.32000,1912.750,2
04:05:14.50000,1912.750,27
04:05:14.71400,1913.000,1
04:05:15.30800,1913.000,19
04:05:16.16000,1913.000,87
04:05:16.76900,1913.000,25
04:05:17.17100,1913.000,1
04:05:18.69900,1912.750,48
04:05:18.85100,1912.750,1
04:05:19.16000,1912.750,1
04:05:19.61700,1912.750,1
04:05:20.48000,1912.750,12
04:05:20.69100,1912.750,3
04:05:21.90600,1913.000,1
04:05:22.03900,1912.750,1
04:05:22.14800,1913.250,39
04:05:22.22600,1913.000,11
04:05:22.40200,1912.750,10
04:05:22.71000,1912.750,16
04:05:24.27300,1913.000,1
04:05:25.35900,1912.750,58
04:05:25.79600,1912.750,4
04:05:27.00000,1912.750,20
04:05:27.62500,1912.750,5
04:05:27.92100,1912.750,14
04:05:29.02700,1912.750,1
04:05:29.34700,1912.500,7
04:05:29.85100,1912.750,1
04:05:32.41000,1912.500,2
04:05:33.25000,1912.500,5
04:05:34.16400,1912.750,2
04:05:36.39000,1912.750,19
04:05:36.58200,1912.500,77
04:05:37.89400,1912.750,32
04:05:38.00300,1912.750,1
04:05:39.06600,1912.750,13
04:05:41.08500,1912.750,1
04:05:42.15600,1912.750,7
04:05:43.69900,1912.750,1
04:05:44.01100,1912.750,11
04:05:44.31600,1912.500,7
04:05:45.21800,1912.500,1
04:05:46.00700,1912.750,3
04:05:46.30400,1912.500,4
04:05:49.07400,1912.500,50
04:05:49.35100,1912.500,1
04:05:50.08200,1912.750,45
04:05:50.28500,1912.500,25
04:05:51.68700,1912.750,1
04:05:52.16000,1912.750,2
04:05:52.94500,1912.750,5
04:05:53.73800,1912.750,6
04:05:53.82800,1912.750,2
04:05:54.53100,1912.750,104
04:05:56.70300,1912.750,2
04:05:57.01500,1912.750,1
04:05:58.61700,1912.500,12
04:05:59.28900,1912.500,5
04:06:01.79600,1913.000,88
04:06:02.71400,1913.000,3
04:06:03.03100,1913.000,5
04:06:03.75700,1913.000,2
04:06:04.69100,1913.000,1
04:06:04.91700,1913.000,1
04:06:05.59300,1913.250,17
04:06:07.18300,1913.000,2
04:06:08.32800,1913.250,1
04:06:09.39400,1913.000,12
04:06:09.86300,1913.000,5
04:06:10.17900,1913.000,1
04:06:11.03500,1913.000,114
04:06:11.17900,1913.000,1
04:06:11.51900,1913.000,3
04:06:12.48800,1913.250,37
04:06:12.58500,1913.250,1
04:06:13.30800,1912.750,68
04:06:13.76900,1912.750,4
04:06:16.33900,1912.750,11
04:06:19.10100,1913.000,10
04:06:19.23000,1912.750,1
04:06:21.01900,1913.000,65
04:06:21.43700,1913.000,5
04:06:23.31600,1913.000,12
04:06:25.57800,1913.000,13
04:06:26.31600,1913.000,2
04:06:26.86700,1912.750,1
04:06:27.36300,1913.000,2
04:06:30.22200,1912.750,33
04:06:32.00000,1912.500,128
04:06:32.46400,1912.500,32
04:06:34.08200,1912.500,1
04:06:35.88200,1912.500,1
04:06:37.19500,1912.500,1
04:06:41.07000,1912.500,11
04:06:41.19500,1912.500,1
04:06:41.50300,1912.500,1
04:06:42.24200,1912.750,2
04:06:43.66000,1912.500,4
04:06:43.82000,1912.750,4
04:06:45.76100,1912.500,89
04:06:46.08500,1912.500,95
04:06:46.22600,1912.750,40
04:06:46.60900,1912.500,1
04:06:48.58200,1912.750,13
04:06:50.27700,1912.750,28
04:06:50.37500,1912.750,1
04:06:50.75300,1912.750,8
04:06:52.04200,1912.750,10
04:06:52.39400,1912.750,1
04:06:53.25700,1912.750,4
04:06:53.70700,1912.750,1
04:06:54.39400,1912.500,1
04:06:56.64800,1912.500,30
04:06:58.61700,1912.250,8
04:06:59.33500,1912.250,4
04:07:00.83900,1912.250,2
04:07:01.34700,1912.500,1
04:07:01.47200,1912.250,1
04:07:02.06200,1912.250,6
04:07:02.35900,1912.250,1
04:07:02.60100,1912.500,66
04:07:03.35900,1912.500,1
04:07:04.35100,1912.500,12
04:07:10.41400,1912.500,1
04:07:10.56200,1912.500,1
04:07:13.36300,1912.750,1
04:07:14.06600,1912.500,8
04:07:20.01500,1912.500,1
04:07:21.51100,1912.500,2
04:07:22.17500,1912.500,1
04:07:23.94900,1912.500,2
04:07:24.91400,1912.500,5
04:07:24.94500,1912.500,1
04:07:25.80800,1912.500,1
04:07:26.52300,1912.500,1
04:07:27.16400,1912.500,1
04:07:28.82400,1912.500,10
04:07:31.90200,1912.500,56
04:07:32.77700,1912.500,1
04:07:33.19900,1912.500,3
04:07:35.16400,1912.500,1
04:07:35.59300,1912.750,5
04:07:35.72600,1912.500,5
04:07:38.59700,1912.500,2
04:07:40.79600,1912.500,1
04:07:42.01100,1912.500,16
04:07:46.02300,1912.500,1
04:07:46.33900,1912.500,55
04:07:48.62800,1912.500,2
04:07:50.08500,1912.500,51
04:07:51.00000,1912.500,10
04:07:52.23400,1912.500,2
04:07:52.58200,1912.500,66
04:07:57.46000,1912.500,1
04:07:58.58900,1912.500,34
04:07:59.74600,1912.500,9
04:08:01.73000,1912.500,58
04:08:02.12100,1912.500,2
04:08:03.78900,1912.500,3
04:08:05.06600,1912.250,1
04:08:06.59300,1912.500,2
04:08:07.17900,1912.250,3
04:08:07.47600,1912.250,10
04:08:10.33200,1912.250,9
04:08:11.60500,1912.250,10
04:08:13.63600,1912.250,25
04:08:14.57400,1912.250,1
04:08:14.72200,1912.250,5
04:08:15.04600,1912.250,5
04:08:17.52700,1912.500,26
04:08:18.00000,1912.500,3
04:08:18.32400,1912.500,3
04:08:18.70700,1912.500,6
04:08:19.44100,1912.250,5
04:08:19.65600,1912.500,1
04:08:19.83500,1912.500,12
04:08:20.49200,1912.500,1
04:08:21.42900,1912.500,4
04:08:21.75700,1912.500,3
04:08:24.46400,1912.750,6
04:08:25.10500,1912.500,1
04:08:26.32000,1912.750,1
04:08:27.26100,1912.500,3
04:08:27.41000,1912.500,7
04:08:29.30000,1912.500,15
04:08:32.02700,1912.500,6
04:08:32.93300,1912.250,27
04:08:33.20300,1912.250,20
04:08:34.02300,1912.250,45
04:08:35.37100,1912.250,1
04:08:35.81600,1912.000,13
04:08:36.06600,1912.000,5
04:08:36.94500,1912.250,39
04:08:37.74200,1912.250,1
04:08:40.56200,1912.250,10
04:08:41.87100,1912.500,20
04:08:43.30400,1912.250,3
04:08:44.18700,1912.250,7
04:08:44.93300,1912.500,5
04:08:46.31200,1912.500,1
04:08:46.43300,1912.500,11
04:08:46.50700,1912.500,1
04:08:46.69500,1912.500,6
04:08:49.51500,1912.250,3
04:08:50.65600,1912.500,1
04:08:52.33900,1912.500,6
04:08:55.17100,1912.250,7
04:08:56.49200,1912.500,26
04:08:57.94900,1912.500,29
04:08:58.03500,1912.250,25
04:08:58.52300,1912.500,1
04:08:58.85500,1912.500,1
04:08:59.34700,1912.250,4
04:09:04.43300,1912.250,11
04:09:06.86300,1912.250,1
04:09:10.19100,1912.500,15
04:09:11.13600,1912.500,6
04:09:11.26900,1912.750,1
04:09:12.72600,1912.500,28
04:09:14.94500,1912.250,12
04:09:15.14400,1912.250,1
04:09:17.80800,1912.000,47
04:09:18.06600,1912.000,13
04:09:19.62800,1911.750,13
04:09:20.41000,1912.000,2
04:09:21.18700,1912.000,20
04:09:21.35500,1912.000,1
04:09:22.17900,1912.000,6
04:09:23.14000,1911.750,20
04:09:23.35900,1911.750,17
04:09:23.69100,1912.000,7
04:09:26.20300,1911.750,31
04:09:26.42100,1911.750,1
04:09:26.88200,1911.750,1
04:09:27.48000,1911.750,7
04:09:27.65600,1911.500,3
04:09:27.69100,1911.750,1
04:09:27.84700,1911.500,1
04:09:28.01100,1911.500,1
04:09:28.19500,1911.500,2
04:09:28.37800,1911.500,2
04:09:28.55400,1911.500,1
04:09:28.72200,1911.500,2
04:09:28.92900,1911.750,48
04:09:28.96000,1911.750,69
04:09:29.25300,1911.750,8
04:09:30.76100,1911.500,61
04:09:30.92900,1911.500,5
04:09:31.67900,1911.500,39
04:09:32.03900,1911.500,12
04:09:32.23800,1911.500,2
04:09:33.25000,1911.250,4
04:09:33.72200,1911.500,32
04:09:34.43700,1911.750,3
04:09:36.85100,1911.500,10
04:09:40.18700,1911.750,1
04:09:45.35500,1911.750,30
04:09:47.10900,1911.750,3
04:09:49.31600,1912.000,7
04:09:50.91700,1912.000,3
04:09:51.08500,1911.750,5
04:09:51.38200,1911.750,5
04:09:51.68700,1911.750,63
04:09:52.57000,1911.750,24
04:09:54.85500,1911.750,6
04:09:57.62100,1911.750,13
04:09:58.37800,1911.750,4
04:09:59.70700,1911.750,2
04:10:00.61700,1911.500,33
04:10:00.96400,1911.500,1
04:10:01.30400,1911.500,21
04:10:01.72600,1911.500,6
