18:00:02.04600,1917.000,0
18:00:02.66400,1917.000,5
18:00:02.76100,1917.000,7
18:00:02.85100,1917.250,1
18:00:03.54600,1917.250,5
18:00:03.72600,1917.250,22
18:00:04.19100,1917.500,1
18:00:05.31600,1917.500,1
18:00:05.85500,1917.250,1
18:00:07.91700,1917.250,9
18:00:10.16700,1917.250,2
18:00:10.42500,1917.250,1
18:00:11.21000,1917.250,1
18:00:12.26100,1917.250,1
18:00:12.75000,1917.250,1
18:00:14.19100,1917.250,2
18:00:18.23800,1917.250,2
18:00:19.51900,1917.500,1
18:00:20.75700,1917.250,1
18:00:21.25700,1917.500,109
18:00:21.50300,1917.250,1
18:00:22.19100,1917.250,2
18:00:22.26900,1917.500,2
18:00:22.62100,1917.500,5
18:00:22.75700,1917.500,88
18:00:23.35500,1917.500,6
18:00:23.46800,1917.250,1
18:00:23.74600,1917.500,10
18:00:24.16000,1917.500,2
18:00:24.33200,1917.500,1
18:00:24.51900,1917.500,1
18:00:24.84300,1917.750,2
18:00:25.02700,1917.500,1
18:00:25.29200,1917.500,1
18:00:25.96400,1917.500,2
18:00:26.30400,1917.500,10
18:00:26.71400,1917.750,1
18:00:27.50300,1917.750,1
18:00:27.79600,1917.500,2
18:00:28.80400,1917.750,2
18:00:30.14800,1917.750,7
18:00:30.22200,1917.750,13
18:00:30.70700,1917.750,2
18:00:31.46400,1917.750,11
18:00:32.66000,1917.750,6
18:00:32.82400,1917.750,2
18:00:32.94100,1917.750,2
18:00:33.08500,1917.750,1
18:00:33.52700,1917.750,29
18:00:35.19100,1917.500,1
18:00:36.07800,1917.500,2
18:00:36.28900,1917.500,1
18:00:37.05400,1917.250,1
18:00:37.47600,1917.500,1
18:00:38.45300,1917.250,1
18:00:40.07400,1917.250,1
18:00:40.50700,1917.500,10
18:00:40.68300,1917.250,1
18:00:42.85900,1917.250,1
18:00:43.64000,1917.250,2
18:00:45.05000,1917.250,2
18:00:45.33900,1917.250,1
18:00:50.08900,1917.250,1
18:00:50.71400,1917.500,1
18:00:54.17100,1917.500,1
18:00:54.54600,1917.250,9
18:00:56.55800,1917.000,7
18:00:59.85100,1917.250,6
18:01:00.41700,1917.000,2
18:01:00.79600,1917.000,14
18:01:01.14400,1917.000,1
18:01:03.73400,1917.000,2
18:01:04.42900,1917.000,1
18:01:07.86300,1917.000,1
18:01:08.08200,1917.000,28
18:01:08.37800,1917.000,2
18:01:08.85500,1917.000,6
18:01:09.33900,1917.000,1
18:01:10.32000,1917.000,53
18:01:10.42900,1917.250,1
18:01:12.66400,1917.000,12
18:01:13.70700,1916.750,3
18:01:20.38600,1916.750,7
18:01:21.68700,1916.750,1
18:01:23.49200,1916.750,1
18:01:23.72600,1916.750,1
18:01:25.79200,1916.750,8
18:01:26.00700,1917.000,2
18:01:27.95700,1916.750,38
18:01:29.34700,1916.750,2
18:01:30.33900,1916.750,1
18:01:32.66400,1916.750,1
18:01:35.11700,1916.500,4
18:01:37.06200,1916.500,1
18:01:40.23400,1916.750,1
18:01:41.13600,1916.500,20
18:01:41.60900,1916.500,4
18:01:43.35100,1916.750,1
18:01:44.20700,1916.500,2
18:01:45.11300,1916.750,1
18:01:51.13200,1916.500,1
18:01:52.61700,1916.500,3
18:01:56.60100,1916.500,1
18:01:57.00700,1916.500,3
18:01:57.13600,1916.750,42
18:01:57.25300,1916.500,6
18:01:57.56600,1916.500,12
18:01:57.85500,1916.500,2
18:01:57.94900,1916.500,1
18:01:58.32800,1916.500,2
18:01:59.06200,1916.500,1
18:01:59.16700,1916.500,2
18:01:59.79600,1916.500,1
18:02:00.47600,1916.750,3
18:02:00.58900,1916.750,1
18:02:03.14400,1916.250,20
18:02:03.73800,1916.500,1
18:02:04.70700,1916.500,1
18:02:04.91000,1916.500,2
18:02:05.26500,1916.250,2
18:02:05.57000,1916.500,1
18:02:06.85100,1916.250,4
18:02:06.94100,1916.500,1
18:02:08.57000,1916.500,3
18:02:10.86300,1916.500,1
18:02:11.38200,1916.500,15
18:02:15.53900,1916.500,2
18:02:17.46000,1916.500,1
18:02:18.69100,1916.500,2
18:02:19.29600,1916.750,1
18:02:23.89000,1916.750,12
18:02:24.40200,1916.750,1
18:02:24.66700,1916.750,3
18:02:31.10500,1916.750,4
18:02:33.02300,1916.500,21
18:02:36.61300,1916.500,1
18:02:41.55800,1916.750,1
18:02:45.49200,1916.750,1
18:02:55.35100,1916.500,2
18:03:02.25700,1916.500,48
18:03:02.39000,1916.500,1
18:03:12.83900,1916.500,17
18:03:14.29600,1916.500,3
18:03:24.87800,1916.500,3
18:03:25.16400,1916.500,1
18:03:27.16400,1916.500,17
18:03:28.84300,1916.500,7
18:03:37.36300,1916.500,3
18:03:44.03500,1916.500,2
18:03:45.32400,1916.500,1
18:03:53.42500,1916.250,1
18:04:03.95300,1916.500,39
18:04:04.82800,1916.500,3
18:04:05.04200,1916.500,3
18:04:06.94900,1916.500,1
18:04:12.92100,1916.750,7
18:04:17.52700,1916.500,1
18:04:21.76900,1916.500,1
18:04:24.73400,1916.750,1
18:04:25.33900,1916.500,3
18:04:27.00700,1916.750,1
18:04:36.13200,1916.500,16
18:04:37.60900,1916.500,1
18:04:38.48400,1916.500,1
18:04:40.66400,1916.250,1
18:04:42.02300,1916.500,1
18:04:47.01900,1916.500,1
18:04:48.95700,1916.500,2
18:04:50.10100,1916.250,3
18:04:55.22600,1916.250,3
18:04:56.35900,1916.250,1
18:04:57.73400,1916.250,1
18:05:01.48800,1916.250,40
18:05:03.10500,1916.250,1
18:05:03.44100,1916.000,56
18:05:06.50700,1916.000,4
18:05:09.87500,1916.000,1
18:05:10.43700,1916.000,1
18:05:16.22600,1916.000,1
18:05:18.64400,1916.250,1
18:05:20.42500,1916.250,10
18:05:20.62800,1916.250,13
18:05:22.50700,1916.000,1
18:05:23.82000,1916.000,1
18:05:38.59300,1916.000,8
18:05:47.63200,1916.000,3
18:05:59.83200,1916.000,2
18:06:16.56200,1916.250,5
18:06:18.16700,1916.000,1
18:06:23.45700,1916.000,4
18:06:31.95700,1916.000,1
18:06:35.03100,1916.000,1
18:06:36.19100,1916.250,1
18:06:36.46400,1916.000,21
18:06:36.90200,1915.750,8
18:06:46.94100,1916.000,1
18:06:57.67900,1915.750,1
18:07:04.46400,1915.750,2
18:07:09.65600,1916.000,13
18:07:12.68300,1916.000,1
18:07:20.22200,1915.750,1
18:07:22.60900,1915.750,1
18:07:27.50700,1916.000,2
18:07:29.21400,1916.000,1
18:07:35.19100,1916.000,1
18:07:40.65600,1915.750,1
18:07:42.46000,1915.750,4
18:07:45.83900,1915.750,2
18:07:47.11700,1915.750,5
18:07:50.45700,1915.750,1
18:07:54.69100,1915.750,1
18:07:56.89000,1915.750,1
18:07:59.25300,1915.750,1
18:08:07.36300,1915.750,3
18:08:11.92100,1915.750,51
18:08:13.35100,1915.750,1
18:08:16.01500,1915.750,1
18:08:16.46000,1915.500,19
18:08:18.69900,1915.500,1
18:08:21.11300,1915.500,5
18:08:23.70300,1915.500,3
18:08:25.78500,1915.500,1
18:08:30.69500,1915.500,1
18:08:31.81200,1915.500,10
18:08:34.70700,1915.750,1
18:08:35.02300,1915.750,1
18:08:35.44900,1915.750,1
18:08:43.70300,1915.750,1
18:08:47.17100,1915.750,1
18:08:51.85500,1915.500,14
18:08:59.70300,1915.500,1
18:09:05.68300,1915.500,3
18:09:08.02700,1915.750,1
18:09:11.61700,1915.500,1
18:09:14.42900,1915.500,1
18:09:19.21400,1915.750,1
18:09:24.02300,1915.500,1
18:09:26.14000,1915.500,1
18:09:26.66700,1915.750,1
18:09:33.16700,1915.500,1
18:09:35.09700,1915.750,2
18:09:35.71400,1915.500,2
18:09:40.23400,1915.750,1
18:09:41.92900,1915.500,1
18:09:47.65600,1915.500,1
18:09:48.05800,1915.500,1
18:09:49.87800,1915.500,1
18:09:56.19900,1915.500,2
18:10:07.52300,1915.500,3
18:10:11.26500,1915.750,66
18:10:13.71000,1916.000,1
18:10:17.67900,1916.000,1
18:10:18.83500,1916.000,22
18:10:37.90600,1916.000,1
18:10:40.84300,1916.000,2
18:10:44.57000,1916.000,1
18:10:51.69900,1916.000,8
18:10:53.28500,1916.000,13
18:10:57.53900,1916.000,1
18:11:14.01900,1916.000,2
18:11:19.69100,1916.000,2
18:11:35.10500,1915.750,1
18:11:35.32400,1915.750,1
18:11:38.05400,1916.250,33
18:11:44.20700,1916.250,1
18:11:44.93300,1916.250,1
18:11:47.77300,1916.250,17
18:11:51.21400,1916.250,3
18:11:51.87500,1916.000,101
18:11:54.10500,1916.000,2
18:12:01.91400,1916.250,1
18:12:04.32400,1916.250,1
18:12:14.58200,1916.250,1
18:12:19.68700,1916.000,37
18:12:19.72600,1916.000,4
18:12:21.39400,1916.000,2
18:12:22.93700,1916.000,1
18:12:47.88200,1916.000,13
18:12:50.06600,1915.750,1
18:13:07.46000,1916.000,5
18:13:16.30400,1916.000,1
18:13:22.21800,1916.000,26
18:13:24.35100,1916.250,1
18:13:26.55400,1916.000,1
18:13:27.18300,1916.000,2
18:13:46.00300,1916.000,1
18:13:47.72200,1916.250,2
18:13:51.09300,1916.250,4
18:14:40.48000,1915.750,25
18:14:43.01100,1915.750,20
18:14:43.16000,1915.750,1
18:14:59.78500,1915.750,1
18:15:18.74600,1915.750,8
18:15:27.14400,1915.750,40
18:15:49.85500,1916.000,10
18:15:52.66000,1916.000,10
18:15:54.19900,1915.750,1
18:15:55.67100,1915.750,1
18:15:56.69900,1915.750,1
18:15:58.49600,1915.750,1
18:16:11.49200,1915.750,3
18:16:12.14400,1915.750,4
18:16:13.07000,1916.250,119
18:16:24.43700,1916.500,3
18:16:31.45700,1916.500,6
18:16:45.47200,1916.250,1
18:16:51.33500,1916.250,1
18:16:51.57800,1916.250,2
18:16:59.85100,1916.250,6
18:17:10.62800,1916.250,3
18:17:12.74200,1916.250,4
18:17:13.55800,1916.250,6
18:17:35.00000,1916.250,1
18:17:37.83900,1916.500,58
18:17:40.28900,1916.500,1
18:17:43.00300,1916.500,5
18:17:44.32000,1916.500,26
18:18:05.89800,1916.500,10
18:18:09.19100,1916.250,2
18:19:29.77700,1916.250,2
18:19:55.40200,1916.250,1
18:20:21.23000,1916.250,53
18:20:23.34300,1916.250,2
18:20:36.22200,1916.250,3
18:20:44.59700,1916.250,1
18:20:45.18700,1916.250,1
18:21:16.71800,1916.250,2
18:21:22.76500,1916.250,1
18:21:26.40200,1916.250,1
18:21:26.68300,1916.250,2
18:21:30.42100,1916.500,2
18:21:31.97200,1916.250,1
18:21:35.33200,1916.250,2
18:21:37.38200,1916.250,1
18:21:42.40600,1916.250,1
18:21:47.94900,1916.250,10
18:21:48.14000,1916.250,1
18:21:48.89000,1916.250,4
18:21:53.04600,1916.250,1
18:21:57.94900,1916.250,1
18:22:06.80800,1916.250,11
18:22:08.17100,1916.250,1
18:22:13.33900,1916.250,1
18:22:18.92100,1916.250,1
18:22:23.09700,1916.250,1
18:22:24.75000,1916.250,1
18:22:31.08200,1916.250,1
18:22:37.53900,1916.250,1
18:22:43.93700,1916.250,1
18:22:46.33500,1916.250,1
18:22:46.58900,1916.250,1
18:22:47.26100,1916.250,2
18:22:47.87800,1916.250,2
18:22:49.94900,1916.250,1
18:22:50.21400,1916.250,1
18:22:53.25000,1916.500,1
18:22:53.41000,1916.250,1
18:22:53.71400,1916.250,1
18:23:02.83900,1916.250,2
18:23:03.94900,1916.250,1
18:23:05.36300,1916.500,8
18:23:07.18300,1916.250,1
18:23:10.81600,1916.500,1
18:23:15.31200,1916.250,1
18:23:17.84300,1916.250,1
18:23:18.14000,1916.250,1
18:23:23.46000,1916.250,1
18:23:29.04600,1916.250,1
18:23:30.38200,1916.250,3
18:23:34.71800,1916.250,1
18:23:49.38600,1916.500,1
18:23:50.47200,1916.250,1
18:23:52.92900,1916.250,1
18:23:54.65200,1916.500,1
18:23:58.52700,1916.250,1
18:23:59.23800,1916.250,1
18:24:15.28900,1916.250,3
18:24:19.77700,1916.250,2
18:24:22.14000,1916.250,1
18:24:24.37800,1916.250,1
18:24:28.33900,1916.250,1
18:24:28.72600,1916.250,1
18:24:29.25700,1916.250,1
18:24:33.49600,1916.250,1
18:24:35.20300,1916.250,2
18:24:35.56600,1916.250,1
18:24:37.76900,1916.250,2
18:24:42.18300,1916.250,1
18:24:50.30800,1916.250,1
18:24:52.67100,1916.250,1
18:24:59.54600,1916.250,1
18:25:16.85100,1916.250,2
18:25:19.17100,1916.250,1
18:25:22.56200,1916.250,1
18:25:23.58200,1916.250,1
18:25:26.67900,1916.250,1
18:25:32.15600,1916.250,1
18:25:32.83200,1916.250,2
18:25:33.83900,1916.250,1
18:25:36.88600,1916.250,1
18:25:37.54200,1916.250,1
18:25:39.00300,1916.250,1
18:25:43.11700,1916.250,1
18:25:43.94100,1916.250,1
18:25:47.17900,1916.250,1
18:25:49.04600,1916.250,1
18:25:54.20300,1916.250,1
18:25:57.05400,1916.250,1
18:26:10.31600,1916.250,2
18:26:11.82800,1916.250,71
18:26:13.76100,1916.250,1
18:26:18.53500,1916.250,1
18:26:21.16400,1916.250,26
18:26:23.14400,1916.250,2
18:26:24.10100,1916.250,14
18:26:25.86700,1916.250,1
18:26:28.40200,1916.250,1
18:26:29.87100,1916.250,1
18:26:30.41700,1916.250,1
18:26:33.91400,1916.250,1
18:26:39.56600,1916.250,1
18:26:40.53900,1916.250,6
18:26:45.26500,1916.250,1
18:26:50.33900,1916.250,1
18:26:52.81200,1916.250,1
18:26:53.47200,1916.250,1
18:26:56.91000,1916.250,1
18:26:59.75700,1916.250,1
18:27:01.27700,1916.250,3
18:27:06.94500,1916.250,1
18:27:09.31200,1916.250,1
18:27:10.03100,1916.250,1
18:27:15.14000,1916.250,1
18:27:18.10500,1916.250,1
18:27:18.90600,1916.250,1
18:27:21.10500,1916.250,1
18:27:24.29200,1916.250,1
18:27:29.14000,1916.250,1
18:27:30.90600,1916.250,1
18:27:33.42900,1916.250,1
18:27:33.65600,1916.250,1
18:27:35.19500,1916.250,1
18:27:40.67100,1916.250,1
18:27:43.05800,1916.250,1
18:27:44.83900,1916.250,1
18:27:45.66000,1916.250,1
18:27:46.20700,1916.250,3
18:27:50.78500,1916.250,1
18:27:51.87100,1916.250,1
18:27:56.18700,1916.250,1
18:28:01.35500,1916.250,2
18:28:02.66000,1916.250,1
18:28:06.60100,1916.250,1
18:28:07.50000,1916.250,1
18:28:11.11300,1916.250,2
18:28:11.83900,1916.250,1
18:28:15.37800,1916.250,1
18:28:16.84700,1916.250,1
18:28:17.71400,1916.250,1
18:28:21.37800,1916.250,1
18:28:23.58500,1916.250,1
18:28:25.75000,1916.250,1
18:28:26.16000,1916.500,4
18:28:27.82400,1916.250,1
18:28:31.45700,1916.500,11
18:28:32.00000,1916.250,1
18:28:33.77700,1916.250,1
18:28:38.52700,1916.250,1
18:28:39.13600,1916.500,1
18:28:42.49200,1916.250,1
18:28:46.37800,1916.500,1
18:28:47.05800,1916.250,3
18:28:47.59700,1916.250,5
18:28:49.60100,1916.250,1
18:28:50.34300,1916.250,1
18:28:53.42900,1916.250,1
18:28:55.47600,1916.250,1
18:28:57.43300,1916.250,1
18:28:57.57000,1916.250,1
18:29:03.24600,1916.500,2
18:29:03.87500,1916.000,15
18:29:05.26500,1916.000,1
18:29:09.03500,1916.000,1
18:29:09.35500,1916.000,1
18:29:14.43700,1916.000,1
18:29:18.47600,1916.000,1
18:29:19.35900,1916.000,1
18:29:19.93700,1916.000,1
18:29:23.23000,1916.000,1
18:29:25.58500,1916.000,16
18:29:28.71000,1915.750,2
18:29:34.45700,1915.750,1
18:29:37.67100,1915.750,1
18:29:44.56600,1915.750,1
18:29:45.76100,1915.750,1
18:29:46.80400,1915.750,2
18:29:47.03500,1916.000,1
18:29:49.07800,1915.750,1
18:29:51.16000,1916.000,1
18:29:52.02300,1915.750,1
18:30:00.75300,1916.000,10
18:30:01.12100,1916.000,2
18:30:04.46400,1916.000,4
18:30:05.94100,1916.000,13
18:30:09.94100,1916.000,4
18:30:11.42900,1916.000,5
18:30:11.87100,1916.000,1
18:30:17.88200,1916.000,4
18:30:26.71800,1916.000,3
18:30:42.50300,1915.750,1
18:30:48.14800,1916.000,1
18:30:51.61700,1916.000,1
18:30:53.02300,1915.750,1
18:31:31.78100,1915.750,2
18:31:46.97200,1915.750,1
18:31:51.46000,1915.750,20
18:32:03.93700,1916.250,40
18:32:04.22600,1916.250,8
18:32:04.75300,1916.250,3
18:32:14.32000,1916.250,1
18:32:18.89400,1916.250,5
18:33:24.37800,1916.000,11
18:33:32.92100,1916.000,1
18:33:34.86300,1916.000,2
18:34:10.87800,1916.000,2
18:34:11.89000,1916.000,1
18:34:18.48000,1916.000,1
18:34:20.02300,1916.250,2
18:34:20.89400,1916.250,1
18:34:25.08500,1916.000,1
18:34:26.76900,1916.000,2
18:34:29.37100,1916.000,2
18:34:35.32400,1916.000,1
18:34:37.57800,1916.000,1
18:34:41.55800,1916.250,1
18:34:46.33200,1916.000,2
18:34:46.84700,1916.000,1
18:34:49.38200,1916.000,1
18:34:52.14400,1916.000,1
18:34:53.56200,1916.000,1
18:34:58.30800,1916.000,1
18:35:06.37500,1916.000,2
18:35:06.54600,1916.000,7
18:35:07.90600,1916.000,7
18:35:08.26500,1916.000,5
18:35:12.90600,1916.000,9
18:35:13.71400,1916.000,2
18:35:25.80000,1915.750,1
18:35:26.09300,1916.000,1
18:35:34.15600,1916.000,1
18:35:36.57000,1915.750,2
18:35:37.03500,1916.000,9
18:35:50.40200,1915.750,28
18:35:53.43700,1915.750,1
18:36:09.50300,1915.750,11
18:36:10.74200,1916.000,16
18:36:12.53500,1915.750,6
18:36:14.19900,1916.000,1
18:36:19.00700,1916.000,2
18:36:22.71400,1916.000,1
18:36:29.90600,1916.000,2
18:36:34.03100,1915.750,20
18:36:51.51100,1916.000,1
18:36:58.89000,1916.000,1
18:37:11.82800,1916.000,2
18:37:26.09300,1916.000,1
18:37:34.63200,1916.000,4
18:37:46.73400,1915.750,2
18:37:58.66700,1915.750,1
18:37:59.37100,1915.750,1
18:38:10.93700,1916.000,3
18:38:16.35500,1916.000,1
18:38:45.07400,1916.000,18
18:39:03.46800,1916.000,2
18:39:17.82400,1916.000,1
18:40:22.37800,1916.000,9
18:40:24.47600,1916.250,1
18:40:32.55000,1916.000,24
18:40:42.46400,1916.000,1
18:41:16.41000,1916.250,2
18:41:22.62800,1916.000,2
18:41:30.43300,1916.000,1
18:41:33.17100,1916.000,1
18:42:53.85900,1916.000,4
18:42:56.37100,1916.000,1
18:43:20.46400,1916.000,8
18:43:39.82000,1916.000,1
18:43:45.63600,1916.250,3
18:44:03.22600,1916.000,3
18:44:06.74200,1916.250,13
18:44:12.16000,1916.500,2
18:44:15.85900,1916.500,1
18:44:25.92900,1916.500,1
18:44:26.29600,1916.500,1
18:44:27.15200,1916.500,13
18:44:30.92100,1916.500,5
18:44:32.35900,1916.500,3
18:44:37.61300,1916.500,1
18:44:59.01100,1916.750,4
18:45:03.57400,1916.750,4
18:45:04.32000,1916.750,1
18:45:05.25000,1916.750,5
18:45:05.45300,1916.750,5
18:45:05.85500,1916.750,1
18:45:06.94100,1916.750,1
18:45:07.69900,1916.750,3
18:45:10.34300,1916.750,1
18:45:20.46000,1916.500,12
18:45:22.55800,1916.750,5
18:45:23.64000,1916.500,3
18:45:23.87800,1916.750,1
18:45:25.62500,1916.750,1
18:45:27.19500,1916.750,2
18:45:31.20700,1916.500,1
18:45:39.36700,1916.750,1
18:45:39.69500,1916.500,1
18:45:48.51900,1916.750,3
18:45:49.24200,1916.750,3
18:46:08.95300,1916.750,17
18:46:20.48400,1916.500,9
18:46:30.03900,1916.750,1
18:46:35.24600,1916.750,12
18:46:39.83900,1917.000,15
18:46:47.85100,1916.750,1
18:46:50.63200,1917.000,1
18:46:50.77700,1917.000,50
18:46:53.30800,1916.750,5
18:46:54.37800,1917.000,1
18:46:57.24600,1917.000,1
18:46:59.33200,1917.000,2
18:47:02.14400,1916.750,1
18:47:03.95300,1916.750,1
18:47:10.58500,1917.000,1
18:47:12.50000,1917.000,22
18:47:14.12500,1917.000,1
18:47:14.91400,1917.000,1
18:47:17.91400,1917.000,1
18:47:19.49600,1917.250,8
18:47:20.47600,1917.000,7
18:47:27.44500,1917.250,2
18:47:35.07400,1917.000,1
18:47:50.49200,1917.000,3
18:47:58.41400,1917.000,1
18:48:11.69500,1917.000,6
18:48:18.86700,1917.000,1
18:48:20.46400,1917.000,5
18:48:21.79200,1917.250,1
18:48:34.37800,1917.000,1
18:48:47.21400,1917.000,5
18:48:47.57400,1917.250,1
18:48:57.75700,1917.250,2
18:49:10.39400,1917.000,8
18:49:11.41700,1917.250,6
18:49:12.92500,1917.250,6
18:49:15.44100,1917.250,10
18:49:16.20300,1917.250,26
18:49:16.85900,1917.500,7
18:49:19.21400,1917.500,1
18:49:21.39800,1917.250,1
18:49:27.73400,1917.500,1
18:49:29.09300,1917.250,1
18:49:36.30400,1917.500,2
18:49:41.48400,1917.250,2
18:49:43.11300,1917.500,4
18:49:52.09300,1917.500,1
18:49:54.21400,1917.500,2
18:49:58.77300,1917.500,1
18:50:08.80400,1917.250,4
18:50:10.44500,1917.250,2
18:50:10.58900,1917.500,1
18:50:10.90200,1917.250,5
18:50:11.71400,1917.250,1
18:50:13.73800,1917.500,1
18:50:15.38600,1917.250,3
18:50:16.43700,1917.250,2
18:50:20.59300,1917.250,17
18:50:20.88600,1917.250,2
18:50:21.25000,1917.250,2
18:50:21.66700,1917.250,2
18:50:22.39400,1917.250,3
18:50:24.35100,1917.250,1
18:50:26.55800,1917.250,2
18:50:26.93700,1917.500,1
18:50:27.89000,1917.250,2
18:50:34.94100,1917.250,12
18:50:35.05400,1917.250,1
18:50:42.67100,1917.250,1
18:50:45.58200,1917.250,4
18:50:47.21800,1917.250,1
18:51:20.33900,1917.250,6
18:51:22.17100,1917.250,1
18:52:07.82400,1917.500,36
18:52:09.79200,1917.500,1
18:52:09.84300,1917.750,5
18:52:10.07800,1917.750,19
18:52:13.30400,1917.750,10
18:52:14.42900,1917.750,19
18:52:14.71000,1917.750,1
18:52:18.42100,1917.500,1
18:52:20.39000,1917.500,5
18:52:20.55800,1917.750,9
18:52:21.24200,1917.750,1
18:52:23.03900,1917.750,1
18:52:26.18300,1917.750,10
18:52:27.32400,1917.750,10
18:52:29.82000,1917.750,1
18:52:31.25000,1918.000,8
18:52:33.65600,1917.750,6
18:52:35.43300,1917.750,10
18:52:37.30400,1918.000,1
18:52:39.12800,1917.750,1
18:52:39.81200,1917.750,2
18:52:41.12800,1918.000,1
18:52:44.03100,1917.750,1
18:52:46.87100,1917.750,2
18:52:48.57000,1917.750,16
18:53:16.00700,1917.500,1
18:53:18.96000,1917.500,10
18:53:19.66000,1917.500,13
18:53:20.43300,1917.250,5
18:53:22.28100,1917.250,3
18:53:26.78900,1917.500,1
18:53:52.84700,1917.500,5
18:53:55.58900,1917.500,12
18:54:05.18700,1917.750,6
18:54:05.91400,1917.750,1
18:54:15.17100,1917.750,25
18:54:15.50000,1917.750,5
18:54:20.87100,1917.750,1
18:54:21.28500,1917.750,1
18:54:23.51100,1917.750,1
18:54:24.11300,1917.500,1
18:54:27.46400,1917.750,1
18:54:27.64800,1917.750,1
18:54:32.73400,1917.750,5
18:54:46.84700,1917.750,1
18:54:47.48800,1917.750,2
18:54:55.74600,1917.500,19
18:55:24.12800,1917.250,19
18:55:26.74600,1917.250,1
18:55:27.02300,1917.250,1
18:55:59.13200,1917.500,2
18:56:14.66000,1917.250,5
18:56:20.42900,1917.000,1
18:56:22.14000,1917.000,3
18:56:23.97200,1917.250,2
18:56:42.79600,1917.000,1
18:56:43.15200,1917.250,1
18:56:47.44900,1917.250,4
18:57:23.82400,1917.250,1
18:57:38.07000,1917.250,1
18:57:43.27300,1917.250,3
18:57:44.17100,1917.250,1
18:57:44.48800,1917.000,1
18:57:53.23000,1917.000,100
18:57:53.97200,1917.000,1
18:57:54.25700,1916.750,1
18:57:55.58900,1916.750,1
18:57:57.10900,1916.750,1
18:58:01.48000,1916.750,22
18:58:01.57800,1916.750,4
18:58:04.37500,1916.750,1
18:58:07.48000,1916.750,8
18:58:19.00000,1916.750,2
18:58:20.46000,1916.750,4
18:58:21.89000,1916.750,3
18:58:25.08900,1916.750,2
18:58:43.95700,1916.750,2
18:58:49.44900,1916.750,3
18:58:50.17500,1916.750,1
18:59:09.89000,1917.000,2
18:59:10.35100,1916.750,20
18:59:11.13200,1917.000,1
18:59:11.81600,1916.750,1
18:59:12.62800,1916.750,5
18:59:22.03500,1916.500,1
18:59:24.63200,1916.500,1
18:59:28.15200,1916.750,8
18:59:29.33200,1916.750,9
18:59:30.39000,1917.000,2
18:59:30.50700,1917.000,1
18:59:32.58900,1916.750,1
18:59:49.00000,1916.750,1
18:59:51.19100,1916.750,34
19:00:00.21000,1917.000,0
19:00:00.27700,1917.000,2
19:00:00.56600,1917.000,2
19:00:00.70300,1917.000,12
19:00:00.89000,1916.750,1
19:00:01.20700,1917.250,5
19:00:01.41700,1917.250,3
19:00:03.42500,1917.000,1
19:00:05.05800,1917.250,1
19:00:05.58900,1917.250,1
19:00:08.83500,1917.250,11
19:00:10.64800,1917.500,5
19:00:10.94500,1917.250,1
19:00:11.68700,1917.250,21
19:00:11.94500,1917.250,5
19:00:12.32000,1917.500,2
19:00:12.49600,1917.500,1
19:00:15.12800,1917.250,2
19:00:16.58500,1917.000,5
19:00:18.12100,1917.250,26
19:00:18.62800,1917.250,11
19:00:21.15200,1917.500,1
19:00:22.01900,1917.250,1
19:00:22.22600,1917.250,2
19:00:24.13200,1917.750,23
19:00:25.82400,1917.500,3
19:00:29.89400,1917.500,5
19:00:33.62500,1917.500,1
19:00:34.93700,1917.250,15
19:00:39.15600,1917.500,1
19:00:39.41400,1917.500,10
19:00:39.55000,1917.250,1
19:00:40.26900,1917.500,1
19:00:41.45300,1917.250,15
19:00:43.44900,1917.250,10
19:00:44.44900,1917.000,29
19:00:48.26900,1917.000,18
19:00:52.17100,1917.000,1
19:00:53.10900,1917.000,5
19:00:54.88200,1917.000,1
19:00:59.44900,1917.000,5
19:01:02.89000,1917.000,21
19:01:06.51100,1917.000,5
19:01:10.16700,1916.750,8
19:01:11.82400,1917.000,2
19:01:15.18700,1917.000,1
19:01:15.37500,1917.000,1
19:01:16.26100,1916.750,15
19:01:18.43300,1916.750,15
19:01:19.52300,1916.750,2
19:01:20.40200,1916.750,16
19:01:25.37500,1916.500,43
19:01:31.05400,1916.000,20
19:01:31.26100,1916.250,5
19:01:31.38200,1916.250,2
19:01:32.44900,1916.000,7
19:01:39.30000,1916.000,1
19:01:39.38200,1916.000,1
19:01:42.12100,1916.000,3
19:01:42.19100,1916.250,1
19:01:42.38600,1916.000,2
19:01:43.27300,1916.000,1
19:01:45.62800,1916.000,1
19:01:46.12100,1916.000,2
19:01:47.64400,1916.250,12
19:01:49.48400,1916.250,1
19:01:49.93300,1916.250,1
19:01:51.16700,1916.500,1
19:01:51.42500,1916.250,59
19:01:53.29200,1916.250,1
19:01:54.10900,1916.000,1
19:01:58.03500,1916.250,9
19:01:58.17900,1916.250,1
19:01:59.96800,1916.250,1
19:02:00.50700,1916.000,31
19:02:00.82800,1916.250,2
19:02:03.11700,1916.250,1
19:02:05.67500,1916.250,1
19:02:09.15600,1916.250,1
19:02:09.33200,1916.250,1
19:02:18.32400,1916.250,1
19:02:23.36700,1916.250,126
19:02:27.52700,1916.250,1
19:02:29.24200,1916.250,1
19:02:31.75000,1916.250,1
19:02:32.50000,1916.250,1
19:02:36.30000,1916.250,1
19:02:36.48000,1916.250,1
19:02:39.09300,1916.000,1
19:02:40.66700,1916.250,9
19:02:45.09300,1916.250,1
19:02:51.38200,1916.250,1
19:02:54.17900,1916.250,1
19:02:54.34700,1916.250,3
19:02:58.16000,1916.250,11
19:03:03.52300,1916.000,69
19:03:05.29200,1916.000,5
19:03:08.58200,1916.000,1
19:03:10.69100,1916.000,92
19:03:11.62100,1916.000,1
19:03:12.14800,1916.000,1
19:03:14.01900,1915.750,105
19:03:19.64400,1916.000,11
19:03:20.47600,1915.750,2
19:03:21.15200,1916.000,1
19:03:21.31600,1916.000,1
19:03:23.02700,1916.000,19
19:03:23.57800,1916.250,4
19:03:30.21000,1916.250,1
19:03:35.30000,1916.250,1
19:03:38.13600,1916.250,54
19:03:38.63600,1916.250,1
19:03:40.01100,1916.250,2
19:03:42.57800,1916.500,1
19:03:42.96800,1916.250,5
19:03:44.26100,1916.250,1
19:03:47.03500,1916.500,1
19:03:48.19500,1916.500,1
19:03:48.41700,1916.250,3
19:03:54.29600,1916.250,1
19:03:57.19500,1916.250,1
19:03:59.03500,1916.250,1
19:04:07.07400,1916.500,2
19:04:07.21000,1916.250,23
19:04:11.32000,1916.250,4
19:04:15.29600,1916.500,1
19:04:15.73800,1916.500,1
19:04:16.32000,1916.250,5
19:04:16.61700,1916.250,1
19:04:18.10900,1916.000,2
19:04:20.34700,1916.250,7
19:04:20.73400,1916.250,1
19:04:25.53900,1916.250,1
19:04:27.92500,1916.250,5
19:04:33.48400,1916.500,1
19:04:38.82800,1916.500,1
19:04:41.51900,1916.500,6
19:04:42.39000,1916.750,1
19:04:42.73800,1916.750,2
19:04:44.44100,1916.750,1
19:04:45.08900,1916.750,2
19:04:50.34700,1916.750,2
19:04:51.08900,1916.750,1
19:04:56.76100,1916.750,16
19:05:01.20700,1917.000,3
19:05:06.32000,1916.750,10
19:05:06.70700,1916.750,21
19:05:09.12800,1916.750,2
19:05:09.21800,1916.750,1
19:05:10.60500,1917.000,1
19:05:11.88200,1916.750,4
19:05:14.23400,1916.750,1
19:05:16.62500,1916.750,3
19:05:19.41400,1917.000,1
19:05:19.55000,1917.000,4
19:05:19.70700,1917.000,21
19:05:22.05400,1917.000,1
19:05:22.26500,1917.000,1
19:05:25.11700,1916.750,5
19:05:35.59700,1917.000,1
19:05:36.15600,1917.000,1
19:05:36.58500,1917.000,1
19:05:42.38200,1917.000,1
19:05:42.79200,1916.750,2
19:05:45.17900,1917.000,2
19:05:45.38600,1916.750,1
19:05:50.57000,1916.750,1
19:05:53.20700,1917.000,1
19:05:53.76500,1917.000,2
19:05:54.16700,1917.000,1
19:05:54.33500,1917.000,1
19:05:57.26900,1917.000,11
19:05:58.57000,1917.000,1
19:06:04.76900,1917.000,8
19:06:05.25700,1917.000,22
19:06:05.62100,1917.000,1
19:06:08.55000,1917.000,1
19:06:08.85500,1917.000,5
19:06:11.07800,1917.000,2
19:06:14.03900,1916.750,18
19:06:14.15600,1917.000,1
19:06:16.36300,1916.500,15
19:06:21.08500,1916.500,1
19:06:22.94100,1916.250,1
19:06:30.10100,1916.500,2
19:06:31.44500,1916.250,1
19:06:34.37800,1916.500,1
19:06:34.85500,1916.500,14
19:06:36.67100,1916.750,2
19:06:38.66400,1916.250,4
19:06:42.24600,1916.250,29
19:06:43.35900,1916.500,4
19:06:45.91000,1916.500,1
19:06:48.11700,1916.500,1
19:06:50.69900,1916.500,10
19:06:52.62100,1916.500,4
19:07:04.54600,1916.500,15
19:07:05.50700,1916.250,1
19:07:06.19900,1916.750,2
19:07:07.24600,1916.500,1
19:07:13.89000,1916.500,2
19:07:14.58500,1916.500,1
19:07:15.33200,1916.750,1
19:07:15.64800,1916.750,1
19:07:17.68300,1916.750,1
19:07:20.40600,1916.500,5
19:07:24.51500,1916.750,1
19:07:28.39000,1916.750,8
19:07:30.81200,1916.750,1
19:07:33.30000,1917.000,1
19:07:34.44100,1917.000,10
19:07:35.41000,1916.750,2
19:07:37.88200,1917.000,2
19:07:37.95300,1916.750,5
19:07:41.21800,1916.750,9
19:07:42.18300,1917.000,1
19:07:42.45700,1917.000,1
19:07:49.46000,1917.000,1
19:07:51.57400,1917.000,7
19:07:53.28100,1917.000,9
19:07:53.41700,1917.000,4
19:07:54.02300,1917.000,1
19:07:54.08900,1917.000,1
19:07:55.92900,1917.000,5
19:08:06.94900,1916.500,36
19:08:10.57800,1916.500,14
19:08:14.89800,1916.500,14
19:08:15.13200,1916.500,1
19:08:15.26500,1916.500,1
19:08:17.38200,1916.500,5
19:08:18.15600,1916.500,1
19:08:20.42100,1916.250,18
19:08:21.23800,1916.500,3
19:08:22.91000,1916.500,3
19:08:27.14400,1916.500,1
19:08:33.85500,1916.250,36
19:08:34.84700,1916.250,11
19:08:36.23400,1916.250,1
19:08:39.37500,1916.250,15
19:08:40.46800,1916.250,1
19:08:42.62100,1916.500,10
19:08:42.89000,1916.500,1
19:08:45.81600,1916.750,1
19:08:47.13600,1916.500,37
19:08:48.25300,1916.500,14
19:08:53.01100,1916.500,2
19:08:54.59300,1916.500,3
19:08:57.84700,1916.500,3
19:09:02.87100,1916.250,18
19:09:04.14400,1916.250,1
19:09:04.90600,1916.250,1
19:09:06.81200,1916.500,4
19:09:07.28500,1916.500,1
19:09:12.17900,1916.500,1
19:09:15.39400,1916.500,6
19:09:20.45700,1916.500,5
19:09:21.67100,1916.750,1
19:09:24.52700,1916.750,25
19:09:24.76500,1916.750,1
19:09:25.93300,1916.750,2
19:09:26.35100,1916.750,1
19:09:26.41400,1916.750,3
19:09:32.36300,1916.750,11
19:09:34.00300,1916.750,2
19:09:43.80800,1916.750,1
19:09:45.95700,1916.750,10
19:09:48.40200,1916.750,1
19:09:48.68300,1916.750,2
19:09:56.54200,1916.750,7
19:09:57.13200,1917.000,1
19:09:59.83200,1916.750,3
19:10:00.67900,1916.750,3
19:10:01.03500,1916.750,3
19:10:01.16000,1917.000,28
19:10:06.23400,1916.750,1
19:10:07.06200,1916.750,15
19:10:08.95300,1916.750,8
19:10:12.91700,1916.750,2
19:10:13.80000,1916.500,10
19:10:15.42100,1916.750,1
19:10:15.68700,1916.750,5
19:10:15.73800,1917.000,1
19:10:20.47200,1916.750,27
19:10:28.32000,1917.000,1
19:10:33.25700,1917.000,1
19:10:37.80000,1917.000,2
19:10:42.15600,1917.000,1
19:10:42.25000,1917.000,1
19:10:42.45300,1917.000,1
19:10:45.16000,1916.750,2
19:10:45.33200,1917.000,1
19:10:51.17500,1917.000,1
19:10:52.71000,1917.000,28
19:10:52.91700,1917.000,2
19:10:53.31600,1917.000,6
19:10:54.72200,1917.000,3
19:10:55.48000,1917.250,11
19:11:00.09300,1917.250,1
19:11:04.26900,1917.000,24
19:11:09.17100,1917.000,2
19:11:18.52700,1917.250,1
19:11:20.48800,1917.000,20
19:11:27.14400,1917.250,1
19:11:31.84700,1917.250,1
19:11:33.01500,1917.000,10
19:11:33.26500,1917.000,20
19:11:33.83200,1917.000,1
19:11:36.17100,1917.000,1
19:11:45.16000,1917.000,1
19:11:50.05800,1917.000,8
19:11:52.20700,1916.750,1
19:11:53.69900,1917.000,1
19:11:54.02300,1917.250,1
19:11:54.10100,1917.250,1
19:11:54.34700,1917.250,1
19:12:00.02700,1917.250,53
19:12:00.73800,1917.250,1
19:12:03.28100,1917.500,8
19:12:03.62500,1917.500,1
19:12:03.73800,1917.500,1
19:12:04.67900,1917.500,1
19:12:05.10100,1917.500,1
19:12:08.05000,1917.500,1
19:12:09.37500,1917.250,24
19:12:09.86300,1917.000,16
19:12:13.47600,1917.250,4
19:12:20.42900,1917.000,5
19:12:21.18700,1917.250,1
19:12:21.36700,1917.250,1
19:12:26.08900,1917.250,2
19:12:26.73800,1917.250,8
19:12:27.75000,1917.250,4
19:12:30.43700,1917.250,1
19:12:35.39800,1917.500,1
19:12:38.76100,1917.500,1
19:12:39.47200,1917.500,1
19:12:48.28100,1917.500,1
19:12:48.49600,1917.500,1
19:12:50.94100,1917.500,1
19:12:57.23400,1917.500,2
19:12:57.40600,1917.500,1
19:13:00.92100,1917.500,18
19:13:03.70700,1917.250,1
19:13:07.17500,1917.500,1
19:13:08.28900,1917.500,2
19:13:09.19100,1917.250,28
19:13:15.79600,1917.500,15
19:13:17.89800,1917.500,1
19:13:18.50000,1917.000,75
19:13:20.49600,1917.000,6
19:13:20.68300,1917.000,23
19:13:21.78900,1917.250,1
19:13:22.50000,1917.000,2
19:13:25.19500,1917.000,2
19:13:28.35500,1917.250,1
19:13:33.48000,1917.250,1
19:13:38.41000,1917.250,1
19:13:38.92900,1917.250,1
19:13:42.33500,1917.250,1
19:13:42.59300,1917.250,1
19:13:51.39800,1917.250,1
19:13:52.26500,1917.250,1
19:13:57.09300,1917.000,19
19:13:58.29600,1917.000,1
19:14:07.54600,1916.750,2
19:14:09.68300,1917.000,1
19:14:09.94100,1917.000,5
19:14:10.70300,1917.250,1
19:14:17.56600,1917.000,5
19:14:18.41400,1917.250,1
19:14:24.20700,1917.000,8
19:14:31.96400,1917.000,1
19:14:33.01900,1917.000,2
19:14:42.48000,1917.250,1
19:14:43.48400,1917.000,4
19:14:47.96800,1917.000,1
19:14:49.95700,1917.000,3
19:14:58.20700,1917.000,5
19:14:58.83900,1916.750,10
19:15:14.25700,1917.000,2
19:15:14.55400,1917.000,6
19:15:15.07800,1917.000,1
19:15:16.57000,1917.000,1
19:15:16.88600,1917.000,2
19:15:18.53900,1917.000,6
19:15:19.80000,1917.000,4
19:15:38.89800,1917.000,1
19:15:43.87500,1916.750,61
19:15:46.03500,1916.750,1
19:15:46.52700,1916.500,44
19:15:48.27300,1916.500,1
19:15:56.23400,1916.500,2
19:16:00.82800,1916.500,3
19:16:03.05400,1916.500,1
19:16:05.58200,1916.500,12
19:16:05.72600,1916.500,4
19:16:06.50300,1916.500,1
19:16:06.71400,1916.500,5
19:16:07.19500,1916.500,1
19:16:11.23400,1916.500,1
19:16:12.03100,1916.500,8
19:16:13.18300,1916.500,1
19:16:14.72600,1916.500,1
19:16:17.60900,1916.500,3
19:16:17.78500,1916.750,1
19:16:35.52300,1916.500,1
19:16:35.66000,1916.500,28
19:16:38.18300,1916.500,1
19:16:45.73400,1916.250,18
19:16:45.94100,1916.250,17
19:16:49.56200,1916.500,1
19:16:51.60500,1916.500,15
19:16:54.97200,1916.500,1
19:16:56.01100,1916.500,2
19:16:59.11300,1916.500,1
19:17:09.29200,1916.500,5
19:17:10.75300,1916.250,12
19:17:11.05800,1916.250,2
19:17:14.12500,1916.250,4
19:17:16.34300,1916.250,7
19:17:17.85500,1916.250,1
19:17:21.33900,1916.500,1
19:17:22.63600,1916.250,9
19:17:24.53100,1916.000,5
19:17:31.19900,1916.500,1
19:17:34.08900,1916.250,1
19:17:35.96000,1916.250,1
19:17:39.41400,1916.500,1
19:17:49.50300,1916.500,29
19:17:53.11700,1916.750,1
19:17:54.11700,1916.500,18
19:18:02.34300,1916.500,8
19:18:04.29600,1916.250,2
19:18:06.38200,1916.250,10
19:18:16.79200,1916.250,1
19:18:24.86700,1916.500,1
19:18:33.00000,1916.500,7
19:18:39.17100,1916.250,12
19:18:41.11700,1916.250,4
19:18:45.01100,1916.250,1
19:18:45.66400,1916.250,2
19:18:51.71400,1916.250,1
19:18:54.21400,1916.500,1
19:18:56.64400,1916.500,1
19:18:58.22600,1916.500,10
19:19:00.15600,1916.500,11
19:19:06.16700,1916.250,7
19:19:16.63200,1916.500,8
19:19:18.75700,1916.500,1
19:19:22.15600,1916.250,2
19:19:28.41700,1916.500,1
19:19:32.07000,1916.500,32
19:19:32.62100,1916.500,1
19:19:39.89000,1916.500,2
19:19:40.73400,1916.500,1
19:19:45.01500,1916.500,1
19:19:46.08500,1916.500,1
19:19:48.45700,1916.500,1
19:19:52.92100,1916.500,1
19:20:03.60100,1916.500,10
19:20:03.79600,1916.250,56
19:20:08.16000,1916.250,12
19:20:09.65200,1916.250,4
19:20:16.33200,1916.250,4
19:20:19.33200,1916.500,12
19:20:21.07400,1916.500,67
19:20:21.17100,1916.750,37
19:20:21.25000,1916.500,2
19:20:22.80000,1916.500,1
19:20:23.09700,1916.500,2
19:20:24.67900,1916.500,3
19:20:32.04600,1916.500,31
19:20:43.80800,1916.500,18
19:20:47.70700,1916.500,5
19:20:48.01500,1916.500,1
19:20:57.29600,1916.500,2
19:21:00.76900,1916.500,1
19:21:04.63200,1916.750,1
19:21:04.87800,1916.750,7
19:21:05.21800,1916.750,8
19:21:06.51100,1916.750,2
19:21:07.48000,1916.750,1
19:21:07.82400,1916.750,6
19:21:11.87500,1916.750,3
19:21:16.50000,1916.750,2
19:21:16.87800,1916.750,7
19:21:19.29600,1916.750,1
19:21:24.64800,1916.750,1
19:21:28.94900,1916.750,1
19:21:30.46400,1916.750,3
19:21:31.03900,1916.750,1
19:21:32.25300,1916.750,5
19:21:41.97200,1916.500,37
19:21:42.54600,1916.500,2
19:21:48.88600,1916.500,5
19:21:49.37100,1916.500,5
19:21:50.79200,1916.500,3
19:21:52.33200,1916.500,1
19:22:06.36700,1916.500,23
19:22:10.02700,1916.500,3
19:22:18.69500,1916.500,7
19:22:27.28100,1916.500,5
19:22:40.66700,1916.750,2
19:22:49.34300,1916.750,9
19:23:18.29200,1917.000,22
19:23:19.50300,1916.750,2
19:23:21.94500,1917.000,50
19:23:21.94500,1917.000,8
19:23:22.16700,1917.000,9
19:23:27.67500,1917.000,1
19:23:28.58900,1917.000,5
19:23:50.15200,1916.750,1
19:23:55.02300,1916.750,1
19:24:04.14400,1917.000,53
19:24:09.44900,1917.000,5
19:24:10.42500,1917.000,11
19:24:15.27700,1916.750,1
19:24:19.32000,1916.750,1
19:24:27.21400,1916.750,2
19:24:27.73000,1916.750,1
19:24:34.58900,1916.750,12
19:24:37.85900,1916.750,2
19:24:38.35100,1916.750,1
19:24:41.23400,1916.750,3
19:24:45.11700,1917.000,5
19:24:52.66700,1917.000,28
19:24:53.94500,1917.000,5
19:25:02.05800,1917.000,2
19:25:04.01900,1917.000,2
19:25:08.49200,1917.000,6
19:25:15.01100,1917.000,1
19:25:19.85100,1917.000,17
19:25:41.42500,1917.250,2
19:25:50.50700,1917.000,2
19:25:52.83900,1917.000,4
19:26:26.13200,1916.750,28
19:26:28.27300,1916.750,14
19:26:28.38200,1916.750,1
19:26:30.28500,1916.750,1
19:26:41.65600,1916.750,1
19:26:48.40200,1916.750,10
19:26:49.66400,1916.750,1
19:26:59.12800,1916.750,6
19:26:59.73800,1917.000,1
19:27:11.78500,1917.000,3
19:27:27.68300,1917.000,1
19:27:41.90200,1917.000,1
19:27:51.48400,1917.000,72
19:27:51.75300,1917.000,2
19:27:51.76900,1917.000,2
19:27:54.62500,1917.000,5
19:27:56.30800,1917.000,20
19:27:58.46800,1917.000,2
19:27:58.64800,1917.000,2
19:28:21.51900,1916.750,3
19:28:30.25300,1916.750,1
19:28:36.16000,1916.750,21
19:28:41.07000,1916.500,1
19:28:42.92100,1916.750,19
19:28:55.58200,1916.750,1
19:29:00.51500,1917.000,7
19:29:04.84300,1916.750,15
19:29:06.30000,1916.750,9
19:29:11.45300,1916.750,1
19:29:13.63200,1916.500,50
19:29:13.97200,1916.500,7
19:29:19.87100,1916.500,12
19:29:35.76900,1916.500,6
19:29:40.43700,1916.500,52
19:29:46.72200,1916.250,10
19:29:55.61700,1916.500,1
19:29:59.96400,1916.250,16
19:30:00.53100,1916.500,1
19:30:01.33900,1916.500,2
19:30:12.54200,1916.500,2
19:30:28.82800,1916.250,2
19:30:35.35100,1916.250,5
19:30:35.67100,1916.250,28
19:30:36.18700,1916.250,1
19:30:39.80400,1916.000,64
19:30:40.41000,1916.000,23
19:30:40.75300,1915.750,3
19:30:43.78100,1916.000,3
19:30:44.24600,1916.000,2
19:30:44.69100,1915.750,2
19:30:44.80000,1916.000,1
19:30:47.58900,1916.000,4
19:30:51.32800,1916.000,1
19:30:52.01900,1916.000,26
19:31:00.46800,1916.000,63
19:31:01.80800,1916.000,2
19:31:06.12100,1916.000,3
19:31:06.59300,1916.250,1
19:31:06.67100,1916.000,1
19:31:08.26500,1916.000,4
19:31:12.96800,1916.000,24
19:31:13.16400,1916.000,1
19:31:15.37800,1916.000,1
19:31:17.35100,1916.000,1
19:31:21.19500,1916.000,1
19:31:21.38200,1916.000,21
19:31:22.48000,1916.000,2
19:31:29.67500,1916.000,1
19:31:32.49600,1916.000,1
19:31:34.72200,1916.000,1
19:31:35.60900,1916.000,1
19:31:42.92100,1916.250,1
19:31:47.44900,1916.500,42
19:31:53.46000,1916.500,4
19:31:56.75000,1916.500,6
19:31:57.09300,1916.500,6
19:31:59.62100,1916.500,1
19:32:06.86700,1916.500,20
19:32:22.10500,1916.500,1
19:32:24.44100,1916.500,46
19:32:43.18700,1916.500,2
19:33:04.67100,1916.500,60
19:33:06.19500,1916.500,16
19:33:11.83200,1916.500,1
19:33:13.31600,1916.750,2
19:33:19.75300,1916.750,5
19:33:23.67900,1916.750,1
19:33:25.68700,1916.750,1
19:33:36.39000,1916.500,1
19:33:43.42900,1916.750,2
19:34:13.55400,1916.750,1
19:34:21.44100,1916.500,1
19:34:29.08200,1916.500,1
19:34:41.79600,1916.500,1
19:34:43.65600,1916.750,2
19:35:06.02700,1916.750,21
19:35:13.78900,1917.000,1
19:35:17.67100,1917.000,1
19:35:22.89400,1916.750,32
19:35:25.64400,1916.750,10
19:35:26.01100,1916.750,1
19:35:26.18300,1916.750,4
19:35:27.37500,1916.750,2
19:35:39.45700,1916.750,11
19:35:46.74600,1916.750,4
19:35:47.75000,1916.750,1
19:35:49.01100,1916.750,1
19:36:07.02300,1916.250,16
19:36:09.00300,1916.250,1
19:36:13.89400,1916.500,1
19:36:14.89400,1916.500,41
19:36:16.01100,1916.500,1
19:36:23.42500,1916.500,7
19:36:30.12800,1916.500,9
19:36:34.38600,1916.500,23
19:36:54.14400,1916.250,1
19:37:13.97200,1916.250,54
19:37:16.46000,1916.250,1
19:37:24.58200,1916.500,21
19:37:25.03500,1916.500,1
19:37:28.93700,1916.500,1
19:37:35.59700,1916.500,6
19:37:38.78100,1916.250,1
19:37:44.97200,1916.500,4
19:37:52.12100,1916.500,4
19:37:53.21000,1916.500,3
19:37:56.01100,1916.500,1
19:38:01.31600,1915.750,317
19:38:04.02300,1915.750,20
19:38:05.45300,1915.750,12
19:38:06.34700,1915.750,10
19:38:08.42100,1915.750,3
19:38:09.09700,1915.750,8
19:38:09.53900,1915.750,1
19:38:10.35100,1915.500,3
19:38:10.47200,1915.500,4
19:38:11.75700,1915.750,3
19:38:12.41700,1915.750,1
19:38:15.76500,1915.750,13
19:38:18.18700,1915.750,5
19:38:20.70700,1915.750,6
19:38:23.81200,1915.750,2
19:38:24.47200,1915.750,1
19:38:25.33900,1915.750,1
19:38:26.60900,1915.750,1
19:38:31.58900,1915.750,1
19:38:32.87100,1915.750,3
19:38:34.82000,1915.750,1
19:38:41.96400,1915.750,9
19:38:42.97200,1915.750,1
19:38:44.76900,1916.000,1
19:38:45.44900,1915.750,1
19:38:56.30800,1915.750,1
19:39:09.95300,1915.750,3
19:39:10.73000,1915.750,1
19:39:14.78900,1915.750,2
19:39:15.04200,1915.750,6
19:39:23.40600,1915.750,2
19:39:24.82800,1915.750,1
19:39:28.59300,1915.750,1
19:39:32.23800,1915.750,4
19:39:37.85100,1915.750,1
19:39:44.91000,1915.750,1
19:39:48.19100,1915.750,2
19:39:48.50700,1915.500,5
19:39:50.38200,1915.500,1
19:39:52.49200,1915.750,11
19:39:54.18700,1915.750,4
19:39:54.36700,1915.750,10
19:39:54.45300,1915.750,1
19:40:03.12100,1915.750,5
19:40:09.46000,1916.000,8
19:40:09.66000,1916.000,68
19:40:14.57400,1916.000,7
19:40:25.93700,1916.000,3
19:40:28.90200,1916.000,1
19:40:31.43700,1916.000,1
19:40:31.87100,1916.000,83
19:40:32.00300,1916.000,8
19:40:33.11300,1916.000,9
19:40:33.36300,1916.000,3
19:40:40.04600,1916.000,1
19:41:10.50700,1915.750,7
19:41:14.34300,1915.750,2
19:41:15.30400,1916.000,2
19:41:44.41400,1916.000,53
19:41:45.44100,1916.250,8
19:41:53.76500,1916.000,1
19:42:15.54200,1916.250,3
19:42:18.06200,1916.250,1
19:42:19.71800,1916.000,3
19:42:19.78900,1916.000,2
19:42:25.50300,1916.250,1
19:42:44.51100,1916.250,4
19:42:45.68300,1916.250,1
19:43:25.30800,1916.000,6
19:43:45.79600,1916.000,68
19:43:56.76100,1916.000,2
19:43:56.83500,1916.000,6
19:43:57.77300,1916.000,4
19:43:58.55800,1916.000,3
19:43:59.87500,1916.000,3
19:44:01.31600,1916.000,3
19:44:04.83900,1916.000,6
19:44:04.91700,1916.000,1
19:44:13.29200,1916.000,3
19:44:25.79200,1916.000,5
19:44:29.73400,1916.000,3
19:44:29.81600,1916.000,1
19:44:46.19500,1916.250,2
19:44:59.95700,1916.250,1
19:45:06.01100,1916.250,10
19:45:12.37500,1916.250,1
19:45:14.65600,1916.250,14
19:45:15.22600,1916.250,7
19:45:15.88200,1916.250,15
19:45:16.30400,1916.500,2
19:45:17.03100,1916.250,1
19:45:20.17900,1916.250,2
19:45:26.93300,1916.250,5
19:45:31.13600,1916.250,1
19:45:31.33500,1916.250,6
19:45:34.45700,1916.250,20
19:45:35.68300,1916.250,2
19:45:57.00000,1916.250,1
19:45:58.05400,1916.250,3
19:46:15.42900,1916.000,24
19:46:15.50700,1916.000,2
19:46:19.91700,1916.000,5
19:46:23.27300,1916.000,3
19:46:23.78900,1916.000,2
19:46:30.56600,1916.500,247
19:46:31.26500,1916.250,34
19:46:31.36300,1916.250,6
19:46:31.52700,1916.250,5
19:46:32.05400,1916.250,4
19:46:37.34300,1916.000,5
19:46:37.43700,1916.000,12
19:46:37.54200,1916.000,11
19:46:40.53500,1916.250,1
19:46:41.89800,1916.000,7
19:46:43.31200,1916.000,8
19:46:45.42500,1916.000,3
19:46:51.43700,1916.000,1
19:46:51.59700,1916.000,8
19:46:51.77300,1916.000,1
19:46:52.23800,1916.000,1
19:46:53.08200,1916.000,1
19:46:55.33900,1916.000,10
19:46:58.37500,1916.000,7
19:46:58.47200,1916.000,1
19:47:02.68300,1916.000,8
19:47:03.67100,1915.750,5
19:47:03.83500,1915.750,6
19:47:03.95300,1916.000,1
19:47:05.23000,1915.750,1
19:47:06.37100,1916.000,2
19:47:12.24600,1916.000,1
19:47:13.47200,1915.750,7
19:47:16.79200,1916.000,1
19:47:23.38200,1915.750,1
19:47:27.01900,1915.750,1
19:47:27.55000,1915.750,1
19:47:30.17500,1916.000,15
19:47:34.32400,1916.000,12
19:47:35.25000,1916.000,4
19:47:44.25700,1916.000,4
19:47:44.33900,1916.000,1
19:47:45.78500,1916.000,14
19:47:51.00300,1916.000,2
19:47:55.97200,1916.000,7
19:47:56.06200,1916.000,1
19:47:56.19500,1916.000,1
19:48:17.41000,1916.000,4
19:48:20.76500,1916.000,2
19:48:31.36300,1916.000,2
19:48:47.18700,1916.250,2
19:48:51.64800,1916.250,14
19:48:54.45300,1916.250,1
19:48:54.74600,1916.250,4
19:48:59.23000,1916.250,6
19:49:05.21000,1916.250,2
19:49:05.90600,1916.000,3
19:49:07.95700,1916.250,1
19:49:10.57400,1916.250,2
19:49:15.10500,1916.250,2
19:49:19.44900,1916.250,10
19:49:25.16400,1916.250,1
19:49:30.30000,1916.250,1
19:49:31.12100,1916.250,1
19:49:32.62500,1916.250,38
19:49:35.70300,1916.250,2
19:49:40.78100,1916.250,1
19:49:43.94900,1916.250,5
19:49:47.20300,1916.250,13
19:49:49.30800,1916.250,1
19:49:49.82800,1916.250,1
19:49:50.55800,1916.000,5
19:50:08.78900,1915.750,61
19:50:12.45300,1916.000,12
19:50:15.06600,1916.000,1
19:50:18.85900,1915.750,59
19:50:19.35100,1916.000,1
19:50:21.29600,1915.750,19
19:50:22.61700,1915.500,1
19:50:24.11300,1915.500,49
19:50:24.93700,1915.500,6
19:50:25.18300,1915.500,15
19:50:26.18700,1915.500,2
19:50:26.75300,1915.500,5
19:50:27.21400,1915.500,1
19:50:27.70300,1915.500,5
19:50:28.05800,1915.750,3
19:50:28.27300,1915.500,6
19:50:29.31200,1915.500,1
19:50:29.44500,1915.250,20
19:50:29.49600,1915.250,1
19:50:30.26100,1915.250,1
19:50:30.66400,1915.250,1
19:50:31.95300,1915.250,1
19:50:34.19100,1915.250,2
19:50:34.71400,1915.250,1
19:50:36.42100,1915.250,1
19:50:38.21800,1915.500,1
19:50:38.67500,1915.500,1
19:50:40.33900,1915.500,1
19:50:40.85500,1915.500,1
19:50:41.88600,1915.250,7
19:50:43.10500,1915.250,5
19:50:43.49600,1915.250,5
19:50:45.80800,1915.250,1
19:50:47.69500,1915.500,19
19:50:47.73800,1915.500,11
19:50:50.01100,1915.500,1
19:50:52.25000,1915.500,13
19:50:54.15200,1915.750,3
19:51:06.13200,1915.500,13
19:51:07.57800,1915.500,2
19:51:09.84700,1915.500,3
19:51:11.95700,1915.750,2
19:51:14.46400,1915.500,7
19:51:17.41000,1915.500,1
19:51:20.70300,1915.500,6
19:51:32.04200,1915.500,1
19:51:39.63200,1915.750,2
19:51:43.19900,1915.500,8
19:51:46.45700,1915.500,7
19:51:47.21800,1915.500,1
19:51:49.07000,1915.500,5
19:51:50.04600,1915.250,23
19:51:50.26900,1915.250,26
19:51:50.33200,1915.250,29
19:51:51.00300,1915.250,9
19:51:53.83900,1915.250,1
19:51:54.10500,1915.250,1
19:51:56.23000,1915.000,12
19:51:58.13600,1915.250,9
19:51:58.22200,1915.250,1
19:51:58.97200,1915.000,7
19:51:59.08500,1915.000,1
19:52:00.27700,1915.000,16
19:52:00.35100,1915.000,1
19:52:06.50300,1915.000,1
19:52:07.00000,1915.250,1
19:52:08.19100,1915.000,2
19:52:08.28100,1915.000,1
19:52:10.01900,1915.000,2
19:52:11.22200,1915.000,2
19:52:14.26100,1915.000,1
19:52:17.19500,1915.000,5
19:52:17.57000,1915.000,87
19:52:17.76500,1915.000,7
19:52:18.00300,1915.000,5
19:52:23.72600,1915.000,1
19:52:24.10500,1915.000,1
19:52:26.82400,1915.000,1
19:52:28.37500,1915.000,1
19:52:29.23400,1915.000,3
19:52:29.86700,1915.000,30
19:52:30.01900,1915.000,1
19:52:31.83900,1915.000,8
19:52:33.87800,1915.000,1
19:52:35.69500,1914.750,129
19:52:35.77700,1914.750,38
19:52:35.89400,1914.750,1
19:52:36.13600,1914.750,4
19:52:36.71000,1915.000,2
19:52:37.19500,1914.750,1
19:52:37.73000,1915.000,9
19:52:39.65200,1915.000,10
19:52:42.66400,1914.750,1
19:52:44.10100,1915.000,1
19:52:44.32400,1915.000,1
19:52:49.72200,1915.000,2
19:52:50.67500,1915.000,1
19:52:51.74200,1915.000,1
19:52:57.53500,1915.000,7
19:53:12.21000,1915.000,38
19:53:15.01100,1915.000,2
19:53:15.55400,1915.000,18
19:53:15.95700,1915.250,2
19:53:17.08900,1915.250,13
19:53:17.83500,1915.000,53
19:53:18.45700,1915.000,1
19:53:28.36300,1915.000,9
19:53:29.50000,1915.250,2
19:53:31.44900,1914.750,5
19:53:33.66400,1914.750,16
19:53:34.71800,1914.500,71
19:53:36.26100,1914.500,21
19:53:37.28500,1914.500,1
19:53:37.67900,1914.250,8
19:53:39.50000,1914.500,5
19:53:39.55800,1914.500,13
19:53:40.01500,1914.500,1
19:53:40.42900,1914.500,4
19:53:41.12800,1914.500,3
19:53:42.60100,1914.500,1
19:53:43.07800,1914.500,2
19:53:44.50000,1914.500,1
19:53:44.75300,1914.500,3
19:53:44.97200,1914.500,2
19:53:46.51900,1914.500,2
19:53:46.86300,1914.500,6
19:53:47.37500,1914.500,1
19:53:48.14400,1914.500,2
19:53:48.22600,1914.500,1
19:53:49.08500,1914.500,1
19:53:51.58900,1914.500,12
19:53:57.42900,1914.500,3
19:53:57.83900,1914.500,1
19:54:03.02700,1914.500,31
19:54:03.95300,1914.250,1
19:54:05.46000,1914.750,1
19:54:06.93300,1914.500,4
19:54:08.54200,1914.500,4
19:54:09.91000,1914.500,3
19:54:11.62100,1914.500,9
19:54:12.54600,1914.500,1
19:54:13.92900,1914.500,18
19:54:17.27300,1914.500,1
19:54:27.07800,1914.250,1
19:54:28.39400,1914.500,213
19:54:29.14800,1914.250,2
19:54:30.19500,1914.500,1
19:54:33.42100,1914.000,1
19:54:35.44100,1914.250,43
19:54:35.67500,1914.250,1
19:54:36.74600,1914.000,20
19:54:37.82800,1914.000,1
19:54:39.38600,1914.000,1
19:54:40.50300,1914.000,105
19:54:40.92900,1914.000,217
19:54:41.15600,1914.000,1
19:54:42.79200,1914.250,10
19:54:45.48800,1914.250,9
19:54:46.37100,1914.000,28
19:54:49.58500,1914.000,1
19:54:51.79200,1914.250,9
19:54:52.51500,1914.000,2
19:54:52.87500,1914.000,13
19:54:53.60100,1914.000,10
19:54:55.12100,1914.000,2
19:54:58.13200,1914.250,1
19:54:59.16000,1914.250,7
19:54:59.53100,1914.250,6
19:54:59.71800,1914.250,5
19:55:01.06600,1914.250,16
19:55:01.84300,1914.000,3
19:55:03.68700,1914.250,13
19:55:03.80400,1914.250,16
19:55:05.14000,1914.250,17
19:55:06.05800,1914.250,4
19:55:07.09700,1914.500,22
19:55:07.64400,1914.250,2
19:55:09.10100,1914.500,41
19:55:10.21400,1914.500,1
19:55:11.28900,1914.500,1
19:55:18.58900,1914.500,17
19:55:19.95700,1914.500,1
19:55:33.49200,1914.250,43
19:55:33.69900,1914.250,1
19:55:34.21400,1914.250,22
19:55:34.45300,1914.250,8
19:55:36.01100,1914.250,1
19:55:38.34300,1914.250,7
19:55:38.64000,1914.250,4
19:55:41.47600,1914.250,13
19:55:45.36300,1914.250,5
19:55:48.90600,1914.250,1
19:55:50.44900,1914.000,3
19:55:51.84700,1914.000,25
19:55:52.92900,1914.000,143
19:55:53.21400,1914.000,178
19:55:53.43300,1914.000,5
19:55:57.10900,1914.000,1
19:55:58.71400,1914.250,1
19:56:05.53100,1914.000,30
19:56:06.10500,1914.000,2
19:56:08.71400,1914.000,18
19:56:09.32800,1914.000,1
19:56:10.66700,1914.000,1
19:56:12.81200,1914.000,111
19:56:13.18300,1914.000,3
19:56:13.46800,1913.750,1
19:56:15.01100,1914.000,1
19:56:15.49600,1914.000,1
19:56:18.02700,1914.000,475
19:56:18.02700,1914.000,17
19:56:20.18300,1914.000,24
19:56:20.43700,1914.000,1
19:56:20.64800,1914.000,1
19:56:20.90200,1914.000,1
19:56:21.95700,1914.000,1
19:56:22.46800,1914.000,1
19:56:28.22200,1914.000,1
19:56:31.06200,1914.250,26
19:56:33.44900,1914.250,1
19:56:36.28500,1914.250,22
19:56:36.75000,1914.250,3
19:56:37.77300,1914.250,1
19:56:41.42100,1914.000,2
19:56:49.06600,1914.000,109
19:56:50.09700,1914.000,6
19:56:52.56600,1914.000,1
19:56:53.23800,1913.750,2
19:56:54.14800,1914.000,1
19:56:54.97200,1914.000,2
19:57:00.39000,1914.000,2
19:57:01.42900,1914.000,6
19:57:02.08200,1914.000,1
19:57:04.84700,1914.000,2
19:57:05.34300,1914.000,5
19:57:07.50000,1913.750,1
19:57:09.35500,1913.750,2
19:57:14.24200,1914.000,8
19:57:15.08200,1914.000,1
19:57:18.00000,1914.000,14
19:57:18.49200,1914.000,1
19:57:19.00000,1914.000,1
19:57:22.08200,1914.000,85
19:57:23.95700,1914.250,1
19:57:25.47600,1914.000,18
19:57:26.65600,1914.000,8
19:57:28.52700,1914.000,5
19:57:29.69500,1914.000,10
19:57:33.30800,1914.000,1
19:57:35.77700,1914.000,1
19:57:39.00000,1914.000,3
19:57:47.39800,1913.750,9
19:57:48.60500,1913.750,1
19:57:49.42900,1914.000,2
19:57:51.12100,1913.750,11
19:57:51.20700,1913.750,2
19:57:58.66000,1913.750,1
19:58:07.18700,1913.750,4
19:58:12.19100,1913.750,1
19:58:16.70300,1914.000,1
19:58:18.01900,1914.000,49
19:58:18.14800,1914.000,22
19:58:18.25000,1914.000,1
19:58:18.81200,1914.250,1
19:58:19.21800,1914.000,10
19:58:22.58500,1914.000,35
19:58:22.71400,1914.000,11
19:58:33.51100,1914.000,6
19:58:34.16000,1914.000,1
19:58:37.32800,1914.000,1
19:58:37.71800,1914.000,1
19:58:40.75700,1914.000,1
19:58:43.23400,1914.000,12
19:58:47.46800,1913.750,1
19:58:47.55000,1913.750,2
19:58:48.61300,1914.000,1
19:58:49.71400,1914.000,2
19:58:52.56200,1914.000,15
19:58:54.50000,1914.000,14
19:58:54.94100,1914.000,3
19:58:55.65600,1914.000,3
19:58:56.71400,1914.000,1
19:59:07.96000,1914.250,31
19:59:09.15600,1914.000,2
19:59:11.67100,1914.000,3
19:59:18.62500,1914.250,1
19:59:22.19500,1914.000,1
19:59:26.18700,1914.000,17
19:59:26.26900,1914.000,1
19:59:26.63200,1914.000,1
19:59:27.95700,1914.000,1
19:59:30.18300,1913.750,6
19:59:31.20300,1913.750,1
19:59:32.50700,1913.750,145
19:59:32.78100,1913.750,2
19:59:32.87800,1913.750,1
19:59:39.29200,1913.750,10
19:59:39.38600,1913.750,2
19:59:43.30800,1913.750,1
19:59:43.79600,1914.000,1
19:59:44.76100,1913.750,42
19:59:45.11300,1913.750,4
19:59:48.80800,1913.750,30
20:00:01.40200,1914.000,0
20:00:01.69500,1913.750,130
20:00:01.76500,1913.500,5
20:00:02.30800,1913.750,4
20:00:03.54200,1913.750,1
20:00:04.59300,1913.750,4
20:00:05.02700,1913.750,36
20:00:08.34300,1913.750,20
20:00:11.04600,1913.750,33
20:00:11.74200,1913.750,1
20:00:12.85500,1913.750,2
20:00:13.05000,1913.750,1
20:00:13.19900,1913.750,2
20:00:13.35500,1913.750,1
20:00:15.33500,1913.750,2
20:00:16.10500,1913.750,1
20:00:16.18300,1913.750,2
20:00:17.45700,1913.750,2
20:00:18.10900,1913.750,16
20:00:20.22200,1913.500,3
20:00:21.36300,1913.500,1
20:00:23.07000,1913.500,1
20:00:24.57400,1913.500,1
20:00:25.33500,1913.750,1
20:00:26.39800,1913.750,27
20:00:28.39400,1913.750,3
20:00:28.53900,1913.750,3
20:00:28.69500,1913.750,2
20:00:29.00300,1914.000,1
20:00:30.44100,1914.000,3
20:00:30.60900,1913.750,1
20:00:30.70700,1913.750,1
20:00:32.09300,1913.750,2
20:00:33.54200,1913.750,1
20:00:35.51100,1913.500,1
20:00:37.62800,1913.500,50
20:00:41.45300,1913.500,26
20:00:43.58500,1913.500,84
20:00:44.10100,1913.500,2
20:00:48.78500,1913.750,1
20:00:50.22600,1913.750,2
20:00:52.34300,1913.750,31
20:00:56.32400,1913.750,12
20:00:59.16400,1913.750,39
20:01:00.35100,1913.750,11
20:01:03.55400,1913.750,5
20:01:05.24600,1913.500,2
20:01:05.70300,1913.500,1
20:01:06.64800,1913.750,3
20:01:07.42100,1913.750,14
20:01:09.07000,1913.750,1
20:01:09.20300,1913.750,1
20:01:12.41400,1913.750,11
20:01:20.55000,1914.000,6
20:01:23.49600,1914.000,3
20:01:31.95700,1914.000,1
20:01:35.89800,1913.750,1
20:01:49.28500,1914.000,2
20:01:50.45300,1914.000,2
20:02:14.37500,1913.750,11
20:02:18.10100,1913.750,27
20:02:20.34300,1913.750,2
20:02:20.89800,1913.500,10
20:02:22.76500,1913.750,1
20:02:25.39800,1913.500,45
20:02:27.65600,1913.500,10
20:02:28.16700,1913.750,1
20:02:32.83200,1913.750,17
20:02:37.36700,1913.500,7
20:02:37.81200,1913.750,4
20:02:39.50000,1913.750,8
20:02:42.83200,1913.750,4
20:02:45.12100,1913.750,2
20:02:45.39800,1913.750,5
20:02:48.21800,1913.750,5
20:02:48.48800,1913.750,1
20:02:50.35500,1913.750,5
20:02:54.97200,1913.750,1
20:02:56.07800,1913.750,1
20:03:02.63600,1913.750,62
20:03:04.49200,1913.750,5
20:03:04.71400,1913.750,2
20:03:05.00300,1913.750,1
20:03:08.18700,1914.000,1
20:03:11.27700,1913.750,9
20:03:13.51500,1913.750,2
20:03:14.00700,1913.750,7
20:03:14.07400,1913.750,3
20:03:16.78500,1913.750,21
20:03:17.41700,1913.750,2
20:03:20.90600,1913.750,3
20:03:26.16400,1913.750,5
20:03:26.54600,1913.750,5
20:03:26.92900,1913.750,4
20:03:27.18700,1913.750,1
20:03:30.10100,1913.500,9
20:03:30.25000,1913.750,52
20:03:32.21800,1913.750,8
20:03:32.31200,1913.750,1
20:03:33.87800,1913.750,1
20:03:35.95700,1913.750,1
20:03:43.34700,1913.750,1
20:03:44.01100,1913.750,1
20:03:50.12500,1913.750,1
20:03:51.03100,1913.750,56
20:03:52.00700,1913.750,9
20:03:53.63200,1913.750,3
20:03:57.54200,1913.750,1
20:04:02.71400,1914.000,3
20:04:04.18700,1914.000,1
20:04:05.44500,1914.000,3
20:04:10.27700,1914.000,1
20:04:13.35500,1914.000,2
20:04:21.08500,1914.000,2
20:04:24.88200,1914.000,1
20:04:25.55000,1913.750,5
20:04:26.23400,1914.000,1
20:04:33.30800,1914.000,2
20:04:34.26100,1914.000,1
20:04:35.59300,1913.750,1
20:04:36.55800,1913.750,21
20:04:37.89800,1913.750,3
20:04:40.88200,1913.750,10
20:04:46.84700,1913.750,5
20:04:49.05000,1914.000,13
20:04:52.23400,1914.000,2
20:05:06.05800,1913.750,7
20:05:08.38600,1914.000,1
20:05:09.97200,1913.750,2
20:05:14.48000,1913.750,24
20:05:20.49600,1913.500,1
20:05:23.46400,1913.750,30
20:05:23.61700,1913.750,1
20:05:24.22200,1913.750,1
20:05:26.01100,1913.750,16
20:05:26.36300,1913.750,3
20:05:26.54200,1913.500,1
20:05:27.42100,1913.750,1
20:05:29.42500,1913.750,1
20:05:29.91700,1913.750,3
20:05:32.44100,1913.750,1
20:05:35.26500,1913.750,1
20:05:35.88600,1913.750,1
20:05:36.21000,1913.750,1
20:05:36.93700,1913.750,2
20:05:39.95700,1913.750,2
20:05:40.22600,1913.750,2
20:05:43.24200,1913.750,1
20:05:43.42500,1913.500,21
20:05:47.86700,1913.500,5
20:05:49.45700,1913.750,1
20:05:51.44900,1913.750,1
20:05:53.00700,1913.500,4
20:05:53.25300,1913.500,2
20:05:53.30800,1913.500,83
20:05:53.39800,1913.500,5
20:05:55.24200,1913.750,1
20:05:59.09300,1913.500,1
20:06:02.38200,1913.500,5
20:06:09.57800,1913.750,13
20:06:10.03900,1913.500,1
20:06:11.48400,1913.750,1
20:06:15.20300,1913.750,3
20:06:21.59300,1914.000,2
20:06:21.71800,1914.000,1
20:06:24.32400,1913.750,1
20:06:40.25300,1914.000,5
20:06:41.44500,1913.750,24
20:06:45.23000,1913.750,44
20:06:47.05800,1913.750,10
20:06:49.09300,1913.750,4
20:06:50.42100,1913.750,31
20:07:09.46000,1913.750,5
20:07:10.94100,1913.750,11
20:07:11.42100,1913.750,1
20:07:12.01100,1913.750,1
20:07:12.43300,1913.750,1
20:07:18.72600,1913.750,1
20:07:20.39400,1913.750,22
20:07:21.05000,1913.750,2
20:07:30.01500,1913.750,1
20:07:36.22600,1913.750,1
20:07:39.62100,1913.500,1
20:07:43.95700,1914.000,19
20:07:49.40200,1913.750,2
20:07:51.16700,1913.750,1
20:07:51.93700,1914.000,1
20:07:53.71400,1913.750,5
20:07:55.14400,1913.500,50
20:07:56.58500,1913.750,3
20:08:02.22600,1913.750,3
20:08:08.88200,1913.750,3
20:08:09.94900,1913.750,1
20:08:13.14800,1913.750,2
20:08:14.66000,1913.750,5
20:08:15.39000,1913.750,6
20:08:16.05000,1913.750,1
20:08:18.18700,1913.750,7
20:08:32.28500,1913.750,13
20:08:36.57800,1913.750,6
20:08:37.72200,1913.750,11
20:08:42.26500,1913.750,1
20:08:51.75300,1913.500,15
20:08:52.20700,1913.750,1
20:08:53.31600,1913.500,2
20:08:54.23400,1913.750,1
20:08:56.21000,1913.750,15
20:09:11.52700,1913.750,15
20:09:12.29200,1913.750,2
20:09:12.88200,1913.750,1
20:09:13.03900,1913.750,1
20:09:13.97200,1913.750,9
20:09:16.97200,1913.750,3
20:09:17.10100,1913.750,1
20:09:18.46000,1913.750,1
20:09:21.58900,1913.500,1
20:09:23.55000,1913.750,1
20:09:24.60100,1913.500,1
20:09:28.01100,1913.750,2
20:09:28.68700,1913.750,1
20:09:32.42100,1913.750,14
20:09:34.21400,1913.750,1
20:09:36.19900,1913.750,7
20:09:42.35900,1913.750,12
20:09:44.55400,1913.750,5
20:09:48.15200,1914.000,2
20:09:48.76100,1913.750,4
20:09:49.07800,1913.750,6
20:09:50.46400,1913.750,2
20:10:00.24600,1914.000,7
20:10:00.73000,1913.750,2
20:10:04.61300,1913.750,3
20:10:06.37100,1913.750,2
20:10:06.53500,1913.750,1
20:10:07.23400,1913.750,3
20:10:10.64400,1914.000,5
20:10:22.57400,1914.000,1
20:10:39.83200,1913.750,16
20:10:50.23800,1913.750,7
20:10:51.50000,1913.750,20
20:10:52.56600,1913.750,4
20:10:53.19500,1913.750,4
20:10:54.01100,1913.750,2
20:10:54.97200,1913.750,1
20:10:59.61700,1913.750,4
20:11:04.73400,1913.750,5
20:11:08.02300,1913.750,1
20:11:13.97200,1913.750,6
20:11:20.34300,1913.750,10
20:11:26.14400,1914.000,1
20:11:38.76900,1914.000,70
20:11:39.21400,1914.000,10
20:11:41.45300,1914.000,3
20:11:43.00000,1914.000,1
20:11:43.14800,1914.000,1
20:11:44.97200,1914.000,1
20:11:46.47200,1914.000,15
20:11:48.33500,1914.000,1
20:11:49.01500,1914.250,6
20:11:51.40600,1914.250,1
20:11:51.95700,1914.250,1
20:11:53.55400,1914.000,1
20:12:02.11300,1914.250,6
20:12:06.33200,1914.000,1
20:12:06.49200,1914.000,1
20:12:07.10100,1914.000,1
20:12:07.58200,1914.250,32
20:12:09.10100,1914.000,1
20:12:13.50700,1914.000,1
20:12:20.40200,1914.000,8
20:12:23.08500,1914.250,1
20:12:30.95700,1914.000,3
20:12:37.35500,1914.000,1
20:12:42.35500,1914.000,1
20:12:43.79600,1914.000,2
20:12:53.20700,1914.250,2
20:13:20.46800,1914.000,2
20:13:23.32400,1914.250,1
20:13:26.62800,1914.250,1
20:13:34.47200,1914.000,50
20:13:35.50700,1914.000,1
20:13:36.35900,1914.000,1
20:13:39.80400,1914.000,1
20:13:42.84300,1914.000,2
20:13:43.92100,1914.000,1
20:13:53.44500,1914.250,2
20:13:55.95700,1914.250,1
20:13:56.66400,1914.250,2
20:13:59.00700,1914.250,1
20:14:01.37800,1914.250,25
20:14:01.77700,1914.250,9
20:14:02.03100,1914.000,2
20:14:03.16400,1914.250,5
20:14:08.58500,1914.000,1
20:14:21.43300,1914.250,3
20:14:23.57800,1914.250,1
20:14:23.64000,1914.250,13
20:14:28.39400,1914.250,1
20:14:33.26100,1914.250,1
20:14:34.09700,1914.250,4
20:14:35.49200,1914.250,2
20:14:39.66400,1914.250,3
20:14:53.69100,1914.250,2
20:15:00.24600,1914.250,3
20:15:02.96800,1914.250,1
20:15:04.55400,1914.000,8
20:15:16.04200,1914.250,1
20:15:17.47200,1914.250,1
20:15:17.58900,1914.250,1
20:15:21.73000,1914.000,60
20:15:25.46400,1914.000,1
20:15:26.07400,1914.000,1
20:15:29.95300,1914.000,5
20:15:33.30400,1913.750,1
20:15:33.72600,1913.750,2
20:15:35.21400,1914.000,1
20:15:35.64000,1913.750,33
20:15:36.42500,1913.500,2
20:15:37.08500,1913.500,1
20:15:38.87100,1913.500,1
20:15:39.55800,1913.750,3
20:15:42.86700,1913.500,19
20:15:46.66400,1913.500,1
20:15:46.85100,1913.500,1
20:15:47.06600,1913.500,1
20:15:49.02700,1913.750,1
20:15:50.06600,1913.500,1
20:15:53.94500,1913.750,2
20:15:57.32000,1913.750,4
20:15:59.95300,1913.750,1
20:16:00.76100,1913.750,70
20:16:02.40600,1913.750,2
20:16:06.58900,1913.500,1
20:16:07.56200,1913.750,55
20:16:11.40600,1913.750,9
20:16:11.78500,1914.000,5
20:16:13.14400,1914.000,1
20:16:13.62500,1914.000,5
20:16:19.92100,1913.750,6
20:16:20.15200,1913.750,3
20:16:28.14800,1913.750,14
20:16:28.44900,1913.750,1
20:16:29.33200,1913.750,1
20:16:30.02300,1913.750,4
20:16:33.33200,1913.750,14
20:16:37.73000,1914.000,1
20:16:39.26500,1914.000,5
20:16:40.60500,1914.000,3
20:16:42.50300,1914.000,21
20:16:54.20700,1914.250,1
20:16:56.51900,1914.250,4
20:17:02.12100,1914.000,30
20:17:04.35500,1914.000,1
20:17:05.17100,1914.000,1
20:17:09.05400,1914.000,1
20:17:15.01100,1914.000,1
20:17:24.32800,1914.000,2
20:17:25.66700,1914.000,1
20:17:30.52300,1914.000,5
20:17:31.22600,1914.000,1
20:17:32.14000,1914.000,1
20:17:34.64800,1913.750,56
20:17:36.59300,1913.750,3
20:17:39.48800,1913.750,2
20:17:52.32400,1913.750,3
20:17:52.53100,1913.750,3
20:17:54.13200,1913.500,1
20:17:57.61300,1913.750,1
20:18:05.80400,1914.000,3
20:18:06.74600,1913.750,9
20:18:17.82000,1914.000,5
20:18:23.94100,1914.000,1
20:18:24.57400,1914.000,2
20:18:25.33200,1913.750,7
20:18:29.57400,1914.000,4
20:18:32.01900,1914.000,16
20:18:33.21800,1914.000,4
20:18:34.30400,1914.000,2
20:18:38.53900,1914.250,14
20:18:38.70700,1914.250,2
20:18:39.76500,1914.250,2
20:18:42.74600,1914.250,11
20:18:44.78500,1914.500,1
20:18:45.16000,1914.500,1
20:18:50.41700,1914.500,22
20:18:50.50300,1914.750,22
20:18:50.87500,1914.500,1
20:18:51.36300,1914.750,2
20:18:51.59700,1914.750,1
20:18:53.45700,1914.750,2
20:18:55.24600,1914.750,1
20:18:55.92900,1914.500,1
20:18:58.95700,1914.500,1
20:18:59.25000,1914.500,1
20:19:03.26500,1914.500,21
20:19:04.17500,1914.750,5
20:19:06.30800,1914.500,6
20:19:08.20700,1914.500,5
20:19:09.23800,1914.500,1
20:19:11.50700,1914.500,27
20:19:12.00000,1914.250,2
20:19:13.79200,1914.500,1
20:19:14.00000,1914.500,8
20:19:15.53100,1914.500,1
20:19:16.39000,1914.500,1
20:19:18.43300,1914.750,26
20:19:18.65600,1914.500,1
20:19:18.65600,1914.500,7
20:19:18.77300,1914.500,13
20:19:19.75000,1914.500,3
20:19:20.44900,1914.500,5
20:19:20.66000,1914.500,1
20:19:21.30400,1914.500,2
20:19:23.12100,1914.250,115
20:19:26.46400,1914.250,13
20:19:31.11300,1914.250,3
20:19:33.23800,1914.250,1
20:19:36.91000,1914.250,41
20:19:38.43700,1914.500,5
20:19:40.37500,1914.500,13
20:19:40.49600,1914.500,1
20:19:40.71000,1914.500,4
20:19:41.19900,1914.500,12
20:19:41.60900,1914.500,4
20:19:42.28100,1914.750,4
20:19:42.78900,1914.750,1
20:19:47.75300,1914.500,1
20:19:47.88600,1914.750,4
20:19:53.35100,1914.750,5
20:19:56.29200,1914.500,95
20:19:56.86700,1914.750,1
20:19:58.40200,1914.750,9
20:20:00.63200,1914.750,3
20:20:02.85100,1914.500,2
20:20:03.32400,1914.500,2
20:20:03.75300,1914.500,3
20:20:04.74600,1914.500,4
20:20:05.08500,1914.500,5
20:20:05.60100,1914.500,2
20:20:07.95700,1914.500,1
20:20:13.14800,1914.500,1
20:20:14.87100,1914.500,6
20:20:15.10100,1914.500,1
20:20:18.53900,1914.750,1
20:20:19.56200,1914.750,23
20:20:20.92900,1915.000,2
20:20:21.18300,1915.000,38
20:20:21.40200,1915.000,11
20:20:21.51500,1915.250,3
20:20:21.51500,1915.250,1
20:20:21.60100,1915.250,5
20:20:25.10100,1915.250,2
20:20:26.69900,1915.000,2
20:20:27.36300,1915.250,41
20:20:29.22200,1915.250,5
20:20:32.11300,1915.000,9
20:20:32.11300,1915.000,1
20:20:33.16000,1915.250,5
20:20:33.83900,1915.000,1
20:20:35.29200,1915.000,2
20:20:36.28100,1915.000,1
20:20:37.31200,1915.000,4
20:20:37.51500,1915.000,1
20:20:41.42900,1915.000,1
20:20:42.37500,1915.250,33
20:20:42.48800,1915.250,9
20:20:44.11700,1915.250,1
20:20:45.30800,1915.250,24
20:20:45.40600,1915.250,1
20:20:46.15200,1915.250,11
20:20:50.43300,1915.500,76
20:20:50.73800,1915.500,1
20:20:51.08500,1915.750,8
20:20:54.19900,1915.750,5
20:20:55.91700,1915.750,1
20:20:56.58500,1915.750,20
20:20:56.96800,1915.750,9
20:20:57.62800,1916.000,3
20:20:58.22200,1916.000,28
20:20:58.46000,1916.250,3
20:20:58.90600,1916.000,1
20:20:59.49200,1916.000,2
20:21:00.65200,1916.000,17
20:21:01.23400,1916.000,28
20:21:01.34700,1916.000,4
20:21:01.71400,1916.000,15
20:21:02.01900,1916.000,15
20:21:02.21000,1916.000,3
20:21:02.92900,1916.000,1
20:21:03.43300,1915.750,5
20:21:03.66700,1915.750,14
20:21:09.59700,1915.500,17
20:21:12.06200,1915.750,1
20:21:16.04200,1915.750,10
20:21:20.46000,1915.500,26
20:21:24.91400,1915.500,1
20:21:25.33900,1915.500,2
20:21:27.85500,1915.250,2
20:21:28.37800,1915.500,2
20:21:37.34300,1915.500,5
20:21:37.59700,1915.500,13
20:21:38.56600,1915.500,5
20:21:39.09700,1915.500,2
20:21:42.79600,1915.750,1
20:21:52.18700,1915.500,1
20:21:55.44500,1915.750,1
20:21:56.14400,1915.750,23
20:21:56.47600,1915.750,5
20:21:59.75500,1915.750,9
20:22:03.29600,1916.000,21
20:22:04.30000,1915.750,2
20:22:09.12100,1915.750,8
20:22:09.37800,1915.750,2
20:22:09.70300,1915.750,1
20:22:11.95700,1916.000,1
20:22:13.10100,1915.750,1
20:22:13.50700,1915.750,1
20:22:13.60900,1915.750,1
20:22:16.51100,1915.750,1
20:22:17.33500,1915.750,17
20:22:18.96400,1915.500,23
20:22:20.01900,1915.750,6
20:22:20.44100,1915.500,4
20:22:22.48800,1915.750,8
20:22:25.57400,1915.750,1
20:22:25.73400,1915.750,1
20:22:30.13200,1915.750,5
20:22:31.43300,1915.750,1
20:22:35.51100,1915.500,9
20:22:41.63600,1915.500,6
20:22:42.56600,1915.750,20
20:22:42.79200,1915.750,15
20:22:44.37500,1915.750,1
20:22:48.67900,1915.750,5
20:22:52.26500,1915.500,2
20:22:53.42100,1915.500,106
20:22:53.66400,1915.250,5
20:22:53.87500,1915.250,5
20:22:55.24600,1915.250,3
20:22:58.31600,1915.250,1
20:22:59.41400,1915.500,4
20:23:03.50700,1915.250,7
20:23:05.02700,1915.250,1
20:23:05.71000,1915.250,1
20:23:09.84300,1915.500,2
20:23:11.57000,1915.250,8
20:23:14.02700,1915.500,5
20:23:15.44500,1915.500,25
20:23:16.29600,1915.500,2
20:23:18.55800,1915.500,1
20:23:25.82000,1915.500,1
20:23:26.22600,1915.500,5
20:23:33.56200,1915.500,5
20:23:35.89800,1915.500,10
20:23:36.19100,1915.500,5
20:23:49.19100,1915.750,4
20:23:54.64000,1915.750,5
20:23:55.93300,1915.750,2
20:23:56.07800,1915.750,8
20:24:01.24600,1915.750,3
20:24:03.87100,1915.500,9
20:24:06.96400,1915.500,2
20:24:07.29600,1915.500,1
20:24:07.58900,1915.500,1
20:24:10.66700,1915.500,3
20:24:15.95300,1915.500,1
20:24:17.66400,1915.500,6
20:24:20.41700,1915.250,1
20:24:21.27700,1915.500,2
20:24:23.09700,1915.750,5
20:24:24.89000,1915.750,5
20:24:26.08900,1915.750,1
20:24:26.91700,1915.750,15
20:24:29.48400,1915.750,2
20:24:29.77700,1915.750,10
20:24:30.29600,1915.750,9
20:24:34.32800,1915.500,1
20:24:35.22600,1915.750,1
20:24:47.34300,1915.750,4
20:24:47.88200,1915.750,1
20:24:52.82000,1915.750,1
20:24:56.01900,1915.750,1
20:24:56.19500,1916.000,1
20:24:56.25700,1915.750,3
20:25:01.01100,1915.500,19
20:25:02.01100,1915.250,2
20:25:02.50700,1915.250,25
20:25:09.06600,1915.500,20
20:25:16.37100,1915.500,20
20:25:17.22600,1915.750,1
20:25:19.17100,1915.750,10
20:25:26.32000,1915.750,1
20:25:30.43300,1915.750,17
20:25:30.63200,1915.750,1
20:25:32.70700,1915.750,1
20:25:33.37100,1915.750,3
20:25:40.41700,1915.500,1
20:25:44.87800,1915.750,20
20:25:45.18700,1915.750,1
20:25:46.03100,1915.750,4
20:25:46.24600,1915.500,3
20:25:57.28500,1915.750,14
20:26:02.07400,1915.750,1
20:26:03.40600,1915.750,1
20:26:06.47600,1915.750,1
20:26:18.90200,1916.000,7
20:26:19.95700,1916.000,1
20:26:20.46000,1915.750,14
20:26:21.33900,1916.000,5
20:26:26.55800,1916.000,1
20:26:33.34700,1916.000,5
20:26:35.53100,1915.750,7
20:26:36.79600,1915.750,8
20:26:41.32800,1915.750,6
20:26:41.47600,1915.750,3
20:26:43.43300,1915.750,1
20:26:54.47600,1915.750,1
20:26:56.68300,1916.000,2
20:26:59.77300,1915.750,1
20:27:19.46000,1915.750,7
20:27:20.48000,1915.500,10
20:27:25.72600,1915.750,1
20:27:26.80400,1916.000,1
20:27:28.50000,1915.750,2
20:27:29.17500,1915.750,1
20:27:33.66400,1915.750,1
20:27:33.94900,1915.750,2
20:27:38.27300,1915.750,1
20:27:42.27300,1915.750,1
20:27:44.97200,1915.750,1
20:27:56.92900,1915.750,2
20:27:58.07400,1915.500,1
20:28:06.16000,1915.500,26
20:28:06.26100,1915.500,10
20:28:08.87100,1915.500,1
20:28:09.76900,1915.500,24
20:28:11.53900,1915.500,15
20:28:12.10500,1915.500,10
20:28:14.60100,1915.500,6
20:28:20.41400,1915.500,1
20:28:23.95700,1915.750,1
20:28:27.07800,1915.750,1
20:28:29.00300,1915.750,1
20:28:30.28500,1915.500,2
20:28:32.07400,1915.500,13
20:28:32.70700,1915.750,1
20:28:49.76900,1915.500,2
20:28:56.03100,1915.500,1
20:28:56.50700,1915.500,2
20:28:58.48000,1915.500,2
20:28:59.10100,1915.750,1
20:29:02.67100,1915.750,2
20:29:04.45700,1915.750,23
20:29:14.15600,1915.750,16
20:29:17.41700,1915.500,90
20:29:20.47200,1915.250,5
20:29:41.61700,1915.500,1
20:29:46.58200,1915.500,9
20:29:46.91000,1915.500,5
20:29:47.64800,1915.500,6
20:29:50.71400,1915.500,2
20:29:55.01100,1915.750,1
20:29:59.59300,1915.750,10
20:30:00.06200,1915.750,2
20:30:01.66700,1915.500,3
20:30:02.19500,1915.750,8
20:30:03.19100,1915.750,5
20:30:03.57800,1915.750,7
20:30:04.91700,1915.750,9
20:30:07.12100,1916.000,1
20:30:08.56600,1915.750,6
20:30:09.85100,1915.750,2
20:30:10.66000,1916.000,1
20:30:11.59700,1916.000,1
20:30:13.20300,1916.000,1
20:30:13.44900,1916.000,1
20:30:13.55800,1916.000,2
20:30:14.17900,1915.750,2
20:30:15.68700,1916.000,18
20:30:17.62100,1916.000,1
20:30:20.44100,1916.000,6
20:30:23.26100,1916.250,37
20:30:24.04600,1916.500,8
20:30:27.57000,1916.500,2
20:30:27.95700,1916.500,1
20:30:32.32000,1916.500,1
20:30:33.46000,1916.250,12
20:30:34.27300,1916.500,1
20:30:35.02300,1916.500,4
20:30:38.01900,1916.250,10
20:30:39.89400,1916.250,1
20:30:40.03500,1916.000,13
20:30:41.63200,1916.250,1
20:30:43.62800,1916.250,21
20:30:44.36300,1916.250,1
20:30:45.23000,1916.250,10
20:30:45.39000,1916.250,1
20:30:47.40600,1916.000,16
20:30:55.11700,1916.250,1
20:30:55.63600,1916.250,10
20:30:57.02300,1916.500,5
20:31:00.49600,1916.250,4
20:31:03.48400,1916.500,1
20:31:04.67500,1916.500,1
20:31:05.70700,1916.500,69
20:31:06.14000,1916.250,2
20:31:07.18300,1916.250,7
20:31:07.29600,1916.500,1
20:31:08.68700,1916.250,19
20:31:14.87100,1916.500,9
20:31:15.55000,1916.250,2
20:31:20.35500,1916.000,24
20:31:22.37500,1915.750,1
20:31:23.50300,1916.000,9
20:31:27.41000,1915.750,1
20:31:36.48000,1916.000,2
20:31:51.14400,1916.250,5
20:31:53.84700,1916.250,2
20:31:54.51500,1916.250,1
20:31:57.93300,1916.500,1
20:31:58.49600,1916.250,4
20:31:58.85100,1916.250,4
20:32:18.05000,1916.000,68
20:32:23.28100,1916.000,2
20:32:31.95700,1916.000,1
20:32:41.67900,1916.000,51
20:32:45.80400,1916.000,20
20:32:49.60900,1916.000,1
20:32:53.81200,1916.250,15
20:32:57.17900,1916.250,24
20:32:59.48000,1916.250,3
20:33:05.03900,1916.250,11
20:33:07.76100,1916.250,1
20:33:14.96800,1916.250,5
20:33:19.61300,1916.250,11
20:33:20.36700,1916.000,14
20:33:33.33900,1916.250,2
20:33:33.54600,1916.250,1
20:33:39.64000,1916.000,15
20:33:40.19500,1916.250,5
20:33:43.41700,1916.250,7
20:33:47.60500,1916.250,4
20:33:57.03900,1916.250,7
20:33:57.56600,1916.250,1
20:34:12.28100,1916.000,4
20:34:12.92100,1916.250,3
20:34:25.94500,1916.250,9
20:34:27.46400,1916.250,2
20:34:28.55400,1916.500,2
20:34:33.37100,1916.500,1
20:34:35.95700,1916.500,1
20:34:41.24200,1916.250,10
20:34:58.68700,1916.500,2
20:34:59.78100,1916.500,67
20:35:00.15200,1916.750,6
20:35:00.33900,1916.500,2
20:35:00.51100,1916.500,1
20:35:01.28100,1916.750,2
20:35:06.76900,1916.750,28
20:35:07.01100,1916.750,3
20:35:07.89000,1916.750,2
20:35:08.39800,1917.250,113
20:35:08.52700,1917.000,4
20:35:08.60900,1917.250,9
20:35:08.81200,1917.000,1
20:35:09.55000,1917.000,30
20:35:09.79600,1917.000,70
20:35:10.88200,1916.750,22
20:35:12.40600,1917.000,1
20:35:14.81200,1916.750,9
20:35:15.71400,1916.750,1
20:35:17.34300,1916.750,9
20:35:17.62800,1916.750,53
20:35:21.86300,1916.750,1
20:35:23.83500,1916.750,3
20:35:25.23400,1917.000,27
20:35:25.40200,1917.250,19
20:35:26.46000,1917.250,1
20:35:26.64000,1917.250,1
20:35:28.54600,1917.250,1
20:35:35.03900,1917.250,1
20:35:38.59300,1917.250,1
20:35:39.51100,1917.250,1
20:35:41.66700,1917.250,15
20:35:43.69500,1917.250,1
20:35:44.30400,1917.250,2
20:35:45.65200,1917.250,1
20:35:49.30800,1917.000,6
20:35:49.65600,1917.000,1
20:35:51.10500,1917.000,1
20:35:53.69500,1917.250,16
20:35:53.82000,1917.250,2
20:35:53.91700,1917.000,1
20:35:54.09700,1917.250,6
20:35:54.28100,1917.250,6
20:35:55.00300,1917.250,7
20:35:55.75300,1917.250,1
20:35:58.73800,1917.250,1
20:35:58.97200,1917.500,58
20:35:58.97200,1917.750,37
20:35:58.97200,1917.750,33
20:35:58.97200,1918.000,38
20:35:59.00700,1917.750,14
20:35:59.02700,1917.500,6
20:35:59.72200,1917.750,16
20:36:03.25300,1917.750,7
20:36:04.06600,1917.500,1
20:36:05.02300,1917.500,1
20:36:09.41000,1917.500,15
20:36:09.59700,1917.500,4
20:36:11.57800,1917.500,2
20:36:12.08500,1917.500,1
20:36:12.51900,1917.250,3
20:36:13.02700,1917.500,2
20:36:13.30400,1917.250,1
20:36:14.26100,1917.250,1
20:36:15.35100,1917.250,1
20:36:17.57000,1917.250,1
20:36:19.25300,1917.250,5
20:36:20.50000,1917.250,8
20:36:20.71000,1917.250,3
20:36:21.79200,1917.250,9
20:36:21.89400,1917.250,2
20:36:22.51100,1917.250,10
20:36:25.00700,1917.250,1
20:36:27.60500,1917.250,1
20:36:32.23400,1917.250,1
20:36:33.78100,1917.250,2
20:36:34.31600,1917.250,1
20:36:39.83200,1917.000,1
20:36:39.95700,1917.250,1
20:36:42.91000,1917.250,1
20:36:43.56200,1917.250,2
20:36:43.90200,1917.000,1
20:36:47.76100,1917.250,1
20:36:49.06200,1917.250,7
20:36:49.80800,1917.250,22
20:36:51.48400,1917.000,1
20:36:52.23000,1917.250,5
20:36:59.20700,1917.250,2
20:37:09.53900,1917.250,30
20:37:10.07000,1917.250,1
20:37:10.77700,1917.500,1
20:37:18.41700,1917.250,2
20:37:19.94500,1917.500,36
20:37:20.17900,1917.500,4
20:37:26.84700,1917.500,2
20:37:29.31600,1917.500,1
20:37:36.05400,1917.500,1
20:37:39.57400,1917.250,1
20:37:41.50300,1917.250,10
20:37:43.80400,1917.250,26
20:37:47.62100,1917.250,5
20:37:48.03900,1917.250,12
20:37:50.74200,1917.500,1
20:37:58.17100,1917.250,1
20:37:59.44900,1917.500,2
20:38:04.78900,1917.500,4
20:38:04.82000,1917.500,4
20:38:09.07800,1917.500,1
20:38:09.26500,1917.500,1
20:38:10.27700,1917.500,12
20:38:13.42900,1917.250,1
20:38:15.23000,1917.500,8
20:38:16.93700,1917.500,2
20:38:17.48800,1917.500,4
20:38:19.24200,1917.500,1
20:38:19.82000,1917.500,1
20:38:20.50700,1917.500,4
20:38:21.03500,1917.500,2
20:38:24.32000,1917.500,1
20:38:27.57000,1917.500,2
20:38:37.82400,1917.500,1
20:38:38.97200,1917.500,1
20:38:39.85500,1917.500,11
20:38:42.17100,1917.500,64
20:38:43.95700,1917.750,1
20:38:44.89000,1917.750,2
20:38:50.47200,1917.750,2
20:38:50.67500,1917.750,2
20:38:52.77700,1917.500,1
20:38:54.16000,1917.500,1
20:38:54.49600,1917.500,1
20:38:55.41400,1917.500,22
20:39:03.29600,1917.750,28
20:39:06.73400,1917.750,108
20:39:09.94500,1918.000,1
20:39:10.48800,1918.000,57
20:39:11.27300,1917.750,3
20:39:13.69900,1917.750,13
20:39:16.03900,1917.750,1
20:39:19.94100,1917.750,2
20:39:20.45700,1917.500,76
20:39:21.35900,1917.750,1
20:39:23.37500,1917.500,1
20:39:25.93300,1917.750,10
20:39:26.44100,1917.750,8
20:39:30.26500,1917.750,6
20:39:30.77300,1917.750,3
20:39:34.57400,1917.750,1
20:39:36.87500,1917.750,2
20:39:41.72600,1917.750,14
20:39:44.11300,1918.000,2
20:39:44.64400,1917.750,4
20:39:45.36300,1917.500,1
20:39:45.75300,1917.750,1
20:39:51.97200,1917.750,3
20:39:55.10900,1917.750,3
20:39:55.40600,1918.000,12
20:39:58.39400,1918.000,5
20:39:59.93700,1918.000,2
20:40:03.23400,1918.000,14
20:40:03.74200,1918.000,8
20:40:05.75000,1918.250,13
20:40:05.83900,1918.000,12
20:40:06.07400,1918.250,5
20:40:06.16700,1918.250,2
20:40:06.22200,1918.000,2
20:40:08.55400,1918.000,14
20:40:09.19100,1918.000,1
20:40:10.74200,1918.000,2
20:40:11.27300,1918.000,3
20:40:13.03500,1917.750,4
20:40:13.21400,1917.750,1
20:40:14.08500,1917.750,1
20:40:15.19500,1917.750,1
20:40:16.69900,1917.750,2
20:40:17.87100,1917.750,12
20:40:18.45300,1917.500,1
20:40:20.46400,1917.500,13
20:40:23.60900,1917.500,21
20:40:23.70300,1917.500,9
20:40:24.11300,1917.500,8
20:40:24.32400,1917.500,51
20:40:24.55400,1917.500,2
20:40:24.63200,1917.500,2
20:40:33.44100,1917.750,1
20:40:37.16700,1917.750,16
20:40:41.45700,1917.750,1
20:40:47.95300,1917.750,1
20:40:58.94900,1917.500,1
20:41:02.26900,1917.500,3
20:41:02.84300,1917.500,88
20:41:04.74600,1917.500,30
20:41:04.89800,1917.500,97
20:41:05.80800,1917.500,2
20:41:09.34700,1917.500,1
20:41:09.68300,1917.500,20
20:41:10.92500,1917.500,3
20:41:13.40200,1917.500,53
20:41:16.03100,1917.250,5
20:41:16.51100,1917.250,8
20:41:20.46400,1917.000,7
20:41:21.86300,1917.000,10
20:41:23.96000,1917.000,2
20:41:26.76500,1917.000,14
20:41:27.35500,1917.000,5
20:41:28.38600,1917.000,7
20:41:29.24200,1917.000,10
20:41:30.43700,1916.750,1
20:41:34.39400,1917.000,6
20:41:34.60900,1917.250,1
20:41:35.72200,1917.000,5
20:41:37.67500,1917.000,5
20:41:37.67500,1917.000,39
20:41:42.82800,1917.000,1
20:41:45.78100,1917.000,1
20:41:48.30400,1917.000,7
20:41:49.59700,1917.000,2
20:41:56.51100,1916.750,1
20:41:58.21800,1917.000,1
20:42:07.53500,1917.000,18
20:42:12.03500,1917.000,1
20:42:14.23800,1917.250,25
20:42:26.16700,1917.250,20
20:42:26.54200,1917.500,1
20:42:28.23000,1917.250,1
20:42:30.32000,1917.250,1
20:42:30.78900,1917.250,15
20:42:35.55800,1917.250,10
20:42:40.04600,1917.250,1
20:42:40.44900,1917.250,1
20:42:51.95700,1917.500,1
20:42:57.74600,1917.250,3
20:43:01.12800,1917.500,5
20:43:05.53500,1917.250,1
20:43:16.79200,1917.250,12
20:43:22.19100,1917.000,1
20:43:23.05800,1917.000,68
20:43:23.21000,1917.000,1
20:43:29.71800,1917.000,1
20:43:30.69500,1917.000,4
20:43:38.40600,1917.000,52
20:43:38.64000,1917.000,5
20:43:39.13600,1917.000,2
20:43:39.82400,1917.000,6
20:43:44.63600,1917.000,44
20:43:44.82800,1917.000,1
20:43:45.49200,1917.000,6
20:43:46.75300,1917.000,31
20:43:48.29600,1917.000,1
20:43:49.08200,1917.000,4
20:43:50.67100,1917.000,1
20:43:55.91400,1917.000,1
20:44:01.78100,1916.750,3
20:44:03.35100,1916.750,11
20:44:03.93300,1916.750,19
20:44:07.19500,1916.500,1
20:44:11.67500,1916.500,1
20:44:12.01500,1916.500,1
20:44:13.02700,1916.750,8
20:44:18.14800,1916.750,1
20:44:21.28500,1916.750,3
20:44:21.46800,1917.000,1
20:44:22.25700,1916.750,2
20:44:22.96800,1916.750,1
20:44:27.56200,1916.750,1
20:44:28.60100,1916.750,11
20:44:35.77300,1917.000,24
20:44:38.49200,1917.250,5
20:44:40.27300,1917.250,1
20:44:55.03100,1917.250,6
20:44:56.10100,1917.250,2
20:44:56.19500,1917.250,1
20:44:56.49200,1917.250,2
20:44:58.38600,1917.250,1
20:44:58.54600,1917.500,1
20:45:01.10500,1917.500,16
20:45:01.31600,1917.500,5
20:45:04.35900,1917.500,1
20:45:05.25300,1917.500,2
20:45:05.55800,1917.500,10
20:45:13.32800,1917.250,1
20:45:20.47200,1917.250,2
20:45:23.85900,1917.250,5
20:45:26.32000,1917.500,1
20:45:27.64800,1917.250,1
20:45:28.25700,1917.500,1
20:45:28.90600,1917.250,6
20:45:31.18700,1917.250,8
20:45:40.03500,1917.000,3
20:45:43.35100,1917.000,1
20:45:43.79200,1917.000,1
20:45:47.12100,1917.000,1
20:45:49.18300,1917.000,1
20:45:54.61700,1917.000,3
20:45:55.68300,1916.750,8
20:45:57.87500,1916.750,3
20:45:59.35900,1916.750,1
20:46:08.45300,1917.000,13
20:46:16.92100,1917.000,3
20:46:17.64800,1916.750,1
20:46:19.21000,1916.750,1
20:46:20.44900,1916.750,6
20:46:21.91000,1916.750,1
20:46:26.36300,1916.500,1
20:46:27.64000,1916.750,1
20:46:28.97200,1916.750,1
20:46:29.14800,1916.500,2
20:46:32.96800,1916.750,3
20:46:36.83200,1916.500,3
20:46:37.55800,1916.750,6
20:46:39.54600,1916.750,2
20:46:44.02300,1916.500,1
20:46:45.28500,1916.750,1
20:46:48.77700,1916.750,1
20:46:49.17500,1916.500,1
20:46:58.52300,1916.500,1
20:47:01.67900,1916.750,2
20:47:08.31600,1916.500,37
20:47:10.71400,1916.500,1
20:47:12.12500,1916.250,6
20:47:15.47200,1916.500,1
20:47:22.71400,1916.250,1
20:47:28.55400,1916.250,26
20:47:29.48400,1916.250,63
20:47:39.28100,1916.250,1
20:47:43.04200,1916.250,1
20:47:43.51900,1916.250,6
20:47:47.85900,1916.250,1
20:47:55.89400,1916.250,5
20:47:57.00300,1916.500,1
20:47:57.95700,1916.250,1
20:47:58.85100,1916.250,2
20:48:05.96000,1916.000,9
20:48:11.37100,1916.000,1
20:48:17.53500,1916.000,1
20:48:32.10500,1916.250,6
20:48:35.69100,1916.250,1
20:48:38.36300,1916.000,1
20:48:41.53900,1916.000,2
20:48:43.17900,1916.000,1
20:48:46.08900,1916.250,14
20:48:47.25000,1916.500,1
20:48:48.11300,1916.250,5
20:48:48.87800,1916.250,4
20:48:56.85100,1916.250,1
20:48:58.28900,1916.250,1
20:49:05.58500,1916.250,10
20:49:14.69900,1916.000,10
20:49:15.77700,1915.750,61
20:49:20.80400,1915.750,17
20:49:21.30800,1915.750,4
20:49:25.59300,1915.750,1
20:49:28.78500,1915.750,1
20:49:34.00700,1915.750,1
20:49:35.60500,1915.750,13
20:49:37.55400,1915.500,57
20:49:38.17100,1915.750,1
20:49:38.54600,1915.500,1
20:49:40.43700,1915.500,1
20:49:42.97200,1915.500,2
20:49:43.15600,1915.500,1
20:49:44.63600,1915.500,1
20:49:49.91000,1915.500,1
20:50:02.47200,1916.000,17
20:50:04.07800,1915.750,8
20:50:20.06600,1915.750,7
20:50:20.33200,1915.750,17
20:50:23.47200,1915.750,1
20:50:26.48000,1915.750,1
20:50:32.07800,1915.750,1
20:50:37.68700,1915.750,1
20:50:38.40600,1916.000,1
20:50:38.91700,1915.750,1
20:50:43.72200,1915.750,1
20:50:45.33200,1916.250,85
20:50:45.41400,1916.250,3
20:50:46.66400,1916.250,1
20:50:47.91700,1916.250,5
20:50:49.48000,1916.250,4
20:50:50.66000,1916.250,1
20:50:52.23000,1916.250,1
20:50:56.77700,1916.000,22
20:50:59.25300,1916.250,3
20:51:00.11300,1916.250,6
20:51:04.51100,1916.250,3
20:51:24.78100,1916.250,4
20:51:32.83500,1916.250,1
20:51:36.21400,1916.250,1
20:51:43.95300,1916.250,1
20:51:45.08500,1916.250,2
20:51:49.67500,1916.250,1
20:51:51.57000,1916.250,1
20:51:51.83200,1916.250,2
20:51:54.01100,1916.250,1
20:52:09.51900,1916.000,2
20:52:10.29200,1916.250,1
20:52:12.90200,1916.000,7
20:52:18.01100,1916.000,23
20:52:19.01500,1916.000,1
20:52:27.66400,1915.750,2
20:52:29.14000,1915.750,1
20:52:32.64400,1915.750,1
20:52:35.40600,1915.750,1
20:52:35.87500,1915.750,1
20:52:36.56200,1915.750,1
20:52:39.59700,1915.750,1
20:52:40.10900,1916.000,4
20:52:41.92500,1915.750,1
20:52:49.13200,1915.750,4
20:52:51.12800,1915.750,1
20:52:53.33900,1915.750,10
20:52:53.70300,1915.750,3
20:52:54.35100,1915.750,2
20:52:54.83200,1915.500,31
20:52:55.57400,1915.250,2
20:52:56.16000,1915.250,14
20:52:56.63600,1915.000,3
20:52:57.76500,1915.000,2
20:52:58.28900,1915.000,1
20:52:58.87800,1915.250,1
20:53:02.19100,1915.250,17
20:53:03.01100,1915.500,1
20:53:04.21000,1915.250,1
20:53:05.40600,1915.250,3
20:53:05.94900,1915.250,1
20:53:06.84300,1915.250,1
20:53:07.28500,1915.250,1
20:53:08.16400,1915.250,2
20:53:10.46800,1915.500,1
20:53:11.58200,1915.250,1
20:53:14.26500,1915.250,1
20:53:15.03500,1915.500,1
20:53:15.70300,1915.500,1
20:53:16.41400,1915.250,1
20:53:16.77300,1915.500,9
20:53:27.02700,1915.500,1
20:53:27.25700,1915.500,6
20:53:27.50300,1915.500,5
20:53:29.87100,1915.500,5
20:53:33.82000,1915.500,1
20:53:34.61700,1915.500,1
20:53:35.80000,1915.250,1
20:53:38.14800,1915.250,19
20:53:39.13600,1915.250,6
20:53:43.71000,1915.250,2
20:53:44.91000,1915.250,3
20:53:52.23800,1915.250,5
20:53:54.59700,1915.250,3
20:54:01.44100,1915.500,1
20:54:05.24200,1915.250,2
20:54:05.50000,1915.500,5
20:54:06.63600,1915.500,1
20:54:08.82400,1916.000,24
20:54:10.25000,1916.000,1
20:54:11.63600,1915.750,1
20:54:17.44100,1915.750,1
20:54:18.31600,1916.000,15
20:54:18.61300,1915.750,1
20:54:20.25000,1916.000,1
20:54:20.42500,1915.750,28
20:54:23.68700,1916.000,1
20:54:33.57400,1916.000,2
20:54:35.66000,1916.000,1
20:54:38.40200,1916.000,2
20:54:45.57000,1915.750,9
20:54:49.93300,1915.500,1
20:54:53.22200,1915.750,5
20:54:53.73800,1915.750,2
20:54:58.39800,1916.000,1
20:55:03.28500,1915.750,18
20:55:05.35100,1915.750,1
20:55:05.86700,1915.500,1
20:55:06.25000,1915.500,1
20:55:08.78900,1915.500,10
20:55:09.85500,1915.500,10
20:55:13.25700,1915.250,1
20:55:17.01900,1915.500,3
20:55:20.40200,1915.500,13
20:55:20.77700,1915.500,1
20:55:22.13200,1915.500,1
20:55:25.19100,1915.750,18
20:55:27.32800,1916.000,1
20:55:28.06600,1915.750,1
20:55:28.27700,1915.500,2
20:55:33.63200,1915.500,1
20:55:40.48800,1915.500,2
20:55:50.32800,1915.500,1
20:55:52.41000,1915.500,1
20:56:02.75000,1915.500,2
20:56:03.63600,1915.500,1
20:56:03.94500,1915.750,1
20:56:10.46400,1915.750,3
20:56:15.87100,1915.750,11
20:56:29.60500,1915.750,1
20:56:31.71800,1915.750,1
20:56:34.08200,1916.000,2
20:56:35.37100,1916.000,6
20:56:35.64000,1915.750,1
20:56:39.51100,1915.750,1
20:56:40.17900,1915.750,2
20:56:44.10100,1915.750,10
20:56:47.04200,1916.000,1
20:56:51.41700,1915.750,1
20:56:58.44100,1916.000,4
20:56:59.96000,1915.750,2
20:57:04.21000,1915.750,27
20:57:09.58500,1915.750,1
20:57:13.14000,1915.500,3
20:57:17.82800,1915.250,31
20:57:17.96000,1915.250,1
20:57:20.42900,1915.250,5
20:57:27.54600,1915.250,1
20:57:28.48800,1915.500,16
20:57:31.15600,1915.250,1
20:57:31.37100,1915.500,2
20:57:31.90600,1915.500,2
20:57:33.31200,1915.500,90
20:57:36.54600,1915.250,24
20:57:46.07400,1915.000,4
20:57:46.50300,1915.250,27
20:57:47.80000,1915.250,1
20:57:50.20700,1915.250,1
20:58:00.30800,1915.250,7
20:58:06.19500,1915.250,10
20:58:10.14800,1915.250,4
20:58:13.78500,1915.500,4
20:58:17.13600,1915.500,1
20:58:18.32400,1915.500,4
20:58:25.02300,1915.500,4
20:58:27.96400,1915.500,2
20:58:30.47200,1915.500,1
20:58:33.57000,1915.500,1
20:58:37.47600,1915.500,1
20:58:38.47600,1915.500,1
20:58:40.16400,1915.750,6
20:58:40.42100,1916.000,1
20:58:41.40200,1915.750,6
20:58:41.46800,1915.750,2
20:58:45.70300,1915.750,2
20:58:45.96400,1915.750,1
20:58:46.23000,1915.750,2
20:58:47.72200,1915.750,35
20:58:57.26500,1915.750,1
20:59:01.46800,1915.500,2
20:59:01.56600,1915.750,1
20:59:02.67500,1915.500,8
20:59:12.75000,1915.250,1
20:59:16.79200,1915.500,73
20:59:18.56200,1915.500,1
20:59:19.13600,1915.250,1
20:59:20.79200,1915.250,20
20:59:23.06600,1915.250,4
20:59:24.16400,1915.250,1
20:59:24.90200,1915.250,5
20:59:32.91700,1915.250,9
20:59:33.08500,1915.250,2
20:59:38.15600,1915.250,1
20:59:39.51100,1915.250,7
20:59:40.51100,1915.250,1
20:59:44.34300,1915.250,4
20:59:52.00700,1915.250,5
20:59:52.23400,1915.250,1
20:59:54.28500,1915.250,3
20:59:55.16000,1915.250,58
20:59:55.61700,1915.000,1
20:59:56.11300,1915.250,1
20:59:57.92100,1915.250,1
20:59:59.72200,1915.250,1
