13:00:00.30400,1930.250,0
13:00:00.47600,1930.250,1
13:00:00.64000,1930.250,2
13:00:00.91000,1930.250,1
13:00:01.12100,1930.000,1
13:00:01.58200,1930.000,57
13:00:01.64800,1930.250,5
13:00:02.16700,1930.000,25
13:00:02.79600,1930.000,2
13:00:03.16700,1930.000,1
13:00:03.61300,1929.750,76
13:00:03.73400,1929.750,2
13:00:04.11700,1930.000,1
13:00:04.44500,1930.000,69
13:00:04.61700,1929.750,1
13:00:04.94500,1930.000,1
13:00:05.15200,1930.000,20
13:00:05.63200,1929.750,1
13:00:05.89800,1929.750,1
13:00:07.35900,1930.000,2
13:00:07.54600,1930.000,5
13:00:07.93300,1930.000,1
13:00:09.01500,1929.750,5
13:00:10.48400,1929.750,4
13:00:10.70300,1929.750,5
13:00:12.24600,1929.750,1
13:00:13.75300,1929.750,1
13:00:14.64800,1930.000,25
13:00:14.78900,1930.000,152
13:00:14.91400,1929.750,5
13:00:15.35900,1930.000,2
13:00:15.49600,1930.000,1
13:00:16.05000,1930.000,1
13:00:18.04200,1930.000,6
13:00:18.42900,1930.000,25
13:00:18.71000,1930.000,1
13:00:18.96800,1930.000,41
13:00:19.00000,1930.000,4
13:00:19.20300,1929.750,2
13:00:20.31200,1930.000,1
13:00:21.91700,1930.000,2
13:00:23.35900,1930.000,1
13:00:23.92100,1929.750,39
13:00:24.45300,1929.750,2
13:00:25.55400,1930.000,50
13:00:27.49200,1930.000,61
13:00:27.63600,1930.000,12
13:00:28.91400,1930.250,1
13:00:30.05800,1930.250,95
13:00:30.55000,1930.500,16
13:00:31.02300,1930.250,1
13:00:31.24600,1930.500,15
13:00:31.35900,1930.500,2
13:00:32.23800,1930.250,3
13:00:32.77700,1930.250,1
13:00:32.91700,1930.250,5
13:00:34.89000,1930.250,2
13:00:38.28500,1930.250,2
13:00:39.15200,1930.250,202
13:00:39.30400,1930.250,33
13:00:39.43700,1930.250,2
13:00:40.17500,1930.000,25
13:00:44.01500,1930.250,2
13:00:44.89000,1930.250,1
13:00:47.49600,1930.250,84
13:00:49.36300,1930.250,6
13:00:50.55800,1930.250,1
13:00:51.17500,1930.250,3
13:00:52.16700,1930.000,124
13:00:52.30000,1930.000,8
13:00:52.58500,1930.000,10
13:00:53.27700,1930.000,6
13:00:53.46000,1930.000,26
13:00:54.54600,1930.000,48
13:00:55.12500,1929.750,38
13:00:55.35900,1930.000,2
13:00:56.03500,1930.000,1
13:00:57.23000,1930.000,18
13:00:58.41700,1930.000,1
13:00:58.63600,1930.000,1
13:00:59.24600,1930.000,1
13:01:03.35900,1930.000,3
13:01:04.32400,1930.000,1
13:01:04.50000,1930.000,1
13:01:06.35900,1930.000,2
13:01:09.32800,1930.000,1
13:01:10.03100,1929.750,6
13:01:10.32000,1930.000,1
13:01:11.35900,1930.000,1
13:01:12.36300,1930.000,2
13:01:14.16000,1930.000,1
13:01:15.92900,1929.750,1
13:01:17.03500,1929.750,1
13:01:17.34700,1930.000,2
13:01:18.78100,1930.000,1
13:01:19.35900,1930.000,1
13:01:23.14400,1929.750,1
13:01:23.96400,1930.000,1
13:01:24.52300,1929.750,11
13:01:24.79200,1929.750,1
13:01:26.32000,1930.000,97
13:01:26.87500,1930.000,1
13:01:27.35900,1930.250,1
13:01:27.50000,1930.000,5
13:01:28.33200,1930.250,2
13:01:28.92100,1930.000,55
13:01:29.68700,1929.750,1
13:01:30.06200,1930.000,33
13:01:31.07000,1930.000,6
13:01:31.58900,1930.000,2
13:01:32.33200,1930.000,1
13:01:32.50000,1930.000,1
13:01:32.53900,1930.000,1
13:01:33.41000,1930.250,2
13:01:34.16400,1930.000,1
13:01:35.35900,1930.250,2
13:01:36.51500,1930.000,1
13:01:40.02700,1930.250,34
13:01:40.32400,1930.250,34
13:01:41.15200,1930.250,4
13:01:41.53100,1930.250,2
13:01:42.77700,1930.250,9
13:01:43.35900,1930.500,1
13:01:44.75000,1930.000,100
13:01:45.01500,1930.250,2
13:01:45.19500,1930.250,5
13:01:45.32800,1930.250,1
13:01:50.45700,1930.000,1
13:01:50.57800,1930.000,114
13:01:50.59300,1930.000,1
13:01:51.35900,1930.000,1
13:01:52.62800,1930.000,2
13:01:56.02300,1929.750,5
13:01:56.50300,1929.500,375
13:01:56.52700,1929.500,68
13:01:56.52700,1929.500,42
13:01:56.54600,1929.500,45
13:01:56.65200,1929.750,1
13:01:57.22600,1929.500,1
13:01:57.31200,1929.750,1
13:01:57.97200,1929.750,1
13:01:58.19100,1929.500,3
13:01:59.08900,1929.750,1
13:01:59.20700,1929.750,105
13:01:59.25300,1929.750,7
13:01:59.35900,1930.000,2
13:01:59.53500,1929.750,20
13:01:59.59700,1929.500,1
13:02:00.42100,1929.750,14
13:02:00.56600,1929.750,9
13:02:00.80800,1929.750,5
13:02:02.18700,1929.750,1
13:02:03.73400,1929.750,2
13:02:03.93700,1929.750,1
13:02:04.18300,1929.750,49
13:02:05.08500,1929.750,1
13:02:06.92500,1930.000,1
13:02:07.35900,1930.000,1
13:02:07.46800,1930.000,1
13:02:09.40200,1930.000,145
13:02:11.01500,1929.750,5
13:02:12.12100,1930.000,1
13:02:13.05800,1929.750,1
13:02:13.83900,1930.000,1
13:02:15.35900,1930.000,1
13:02:16.00300,1929.750,5
13:02:16.45700,1930.000,3
13:02:18.31600,1930.000,104
13:02:18.68300,1930.000,1
13:02:21.66700,1929.750,1
13:02:22.71400,1930.000,1
13:02:23.06600,1929.750,1
13:02:23.35900,1930.000,2
13:02:24.50000,1930.000,108
13:02:27.85500,1930.000,1
13:02:31.35900,1930.250,1
13:02:32.01100,1930.000,1
13:02:33.62100,1930.250,1
13:02:35.15600,1930.250,3
13:02:36.94500,1930.250,6
13:02:38.07800,1930.250,76
13:02:38.17100,1930.250,1
13:02:39.28500,1930.500,1
13:02:39.35900,1930.500,8
13:02:39.77300,1930.500,81
13:02:39.85100,1930.500,63
13:02:39.87500,1930.500,14
13:02:40.06600,1930.250,9
13:02:40.26100,1930.500,9
13:02:40.29200,1930.500,22
13:02:40.80000,1930.750,8
13:02:42.07000,1930.750,2
13:02:43.24600,1930.750,1
13:02:44.19100,1930.500,109
13:02:44.32800,1930.500,23
13:02:44.44100,1930.500,7
13:02:44.57000,1930.500,4
13:02:44.89000,1930.500,10
13:02:46.01500,1930.750,4
13:02:46.22600,1930.750,1
13:02:46.55800,1930.500,78
13:02:46.84300,1930.750,11
13:02:47.11700,1930.750,1
13:02:47.35900,1930.750,1
13:02:47.92100,1930.750,13
13:02:48.32000,1930.750,6
13:02:48.89800,1930.750,1
13:02:49.62500,1930.750,1
13:02:49.80000,1930.500,1
13:02:49.88600,1930.750,2
13:02:50.87800,1930.750,1
13:02:51.55800,1930.750,1
13:02:51.83900,1930.500,1
13:02:52.30000,1930.750,1
13:02:53.06200,1930.750,1
13:02:53.33900,1930.750,1
13:02:53.86300,1930.750,1
13:02:54.14400,1930.500,50
13:02:54.32000,1930.500,1
13:02:54.63600,1930.500,30
13:02:54.83900,1930.500,8
13:02:55.35900,1930.750,2
13:02:55.64400,1930.750,2
13:02:56.35500,1930.750,6
13:02:56.54200,1930.750,2
13:02:56.90200,1930.500,7
13:02:59.25700,1930.750,193
13:02:59.46000,1931.000,8
13:02:59.61700,1931.000,2
13:02:59.84300,1931.000,1
13:03:00.16400,1930.750,3
13:03:00.29200,1931.000,187
13:03:00.42900,1931.500,70
13:03:00.61300,1931.500,38
13:03:00.86300,1931.500,3
13:03:00.92500,1931.250,52
13:03:01.42500,1931.500,3
13:03:01.50700,1931.500,7
13:03:02.16700,1931.500,1
13:03:02.28100,1931.500,2
13:03:02.37100,1931.500,1
13:03:02.49200,1931.500,1
13:03:02.83500,1931.250,59
13:03:03.35900,1931.500,6
13:03:03.62800,1931.500,15
13:03:04.47600,1931.250,2
13:03:04.58900,1931.500,87
13:03:05.10100,1931.500,1
13:03:05.44500,1931.500,1
13:03:05.56200,1931.500,11
13:03:05.91000,1931.500,10
13:03:06.07000,1931.500,1
13:03:06.48000,1931.500,1
13:03:06.61300,1931.500,1
13:03:07.36700,1931.250,2
13:03:07.73400,1931.500,2
13:03:08.00700,1931.250,72
13:03:08.32000,1931.250,59
13:03:08.40200,1931.500,2
13:03:08.56600,1931.250,2
13:03:09.02300,1931.250,17
13:03:09.27300,1931.250,23
13:03:09.35900,1931.250,7
13:03:09.64800,1931.250,1
13:03:10.46000,1931.250,6
13:03:10.78500,1931.000,10
13:03:11.10900,1931.250,1
13:03:11.35900,1931.250,1
13:03:12.03900,1931.000,15
13:03:12.12500,1931.250,2
13:03:13.03900,1931.000,1
13:03:14.39400,1931.000,2
13:03:14.56200,1931.000,1
13:03:14.71400,1931.000,81
13:03:14.74600,1931.000,51
13:03:14.90200,1931.000,9
13:03:15.24200,1931.000,9
13:03:15.50000,1931.000,11
13:03:15.55400,1931.000,13
13:03:16.57000,1931.000,4
13:03:16.67100,1931.000,9
13:03:16.78900,1931.000,10
13:03:17.06200,1931.250,1
13:03:17.40600,1931.000,8
13:03:17.61700,1931.250,3
13:03:17.70300,1931.000,24
13:03:18.01100,1931.250,10
13:03:18.39000,1931.000,1
13:03:19.26900,1931.000,1
13:03:19.35900,1931.000,1
13:03:20.04200,1931.000,43
13:03:21.85500,1931.000,7
13:03:22.05800,1931.000,2
13:03:22.15600,1931.000,1
13:03:23.30000,1931.000,25
13:03:23.70700,1931.250,1
13:03:23.85900,1931.250,1
13:03:24.85500,1931.250,2
13:03:25.57400,1931.000,36
13:03:25.65200,1931.000,5
13:03:25.96800,1931.000,8
13:03:26.17100,1930.750,1
13:03:26.36300,1931.000,12
13:03:27.09300,1931.000,4
13:03:27.35900,1931.250,2
13:03:28.38600,1931.250,5
13:03:28.74200,1931.250,6
13:03:31.69100,1931.000,67
13:03:32.03500,1931.000,2
13:03:35.24200,1931.000,1
13:03:35.35500,1931.000,1
13:03:35.53500,1931.000,2
13:03:36.13200,1931.000,1
13:03:36.36700,1930.750,3
13:03:36.51100,1930.750,99
13:03:37.19100,1930.500,1
13:03:37.36700,1930.500,1
13:03:37.43700,1930.750,1
13:03:37.56600,1930.750,1
13:03:38.64400,1930.750,100
13:03:38.89800,1930.750,18
13:03:39.60500,1930.750,8
13:03:39.80000,1930.750,15
13:03:41.22600,1930.750,1
13:03:41.55800,1930.750,2
13:03:42.34300,1930.750,61
13:03:43.35900,1930.750,1
13:03:45.45700,1930.750,16
13:03:47.01500,1930.750,2
13:03:48.22200,1930.750,4
13:03:48.46800,1930.750,4
13:03:48.69100,1931.000,141
13:03:48.70700,1931.000,175
13:03:48.75000,1931.000,1
13:03:49.48000,1930.750,10
13:03:51.35900,1931.000,2
13:03:56.14000,1931.000,42
13:03:57.48400,1931.000,1
13:03:57.80400,1930.750,5
13:03:59.35900,1931.000,1
13:03:59.57000,1930.750,1
13:03:59.97200,1931.000,5
13:04:00.80400,1931.000,161
13:04:01.85900,1931.000,1
13:04:02.21800,1931.000,6
13:04:03.23800,1930.750,6
13:04:03.89400,1931.000,6
13:04:04.54200,1931.000,4
13:04:04.91700,1931.000,10
13:04:05.54200,1931.000,1
13:04:06.56200,1931.000,1
13:04:06.93300,1931.000,9
13:04:07.46400,1931.000,73
13:04:08.20700,1931.000,1
13:04:08.50700,1931.000,8
13:04:08.60900,1931.000,6
13:04:09.18300,1931.000,10
13:04:10.33500,1931.000,1
13:04:11.36700,1931.000,1
13:04:13.01900,1931.000,7
13:04:14.66000,1931.000,1
13:04:15.35500,1931.250,1
13:04:16.91000,1931.250,5
13:04:18.37500,1931.250,1
13:04:19.42900,1931.250,49
13:04:20.66400,1931.250,20
13:04:20.87800,1931.250,1
13:04:21.23400,1931.250,4
13:04:21.69900,1931.500,11
13:04:22.61700,1931.500,243
13:04:23.35900,1931.500,1
13:04:23.73400,1931.500,1
13:04:24.04600,1931.500,3
13:04:24.90600,1931.500,1
13:04:25.50000,1931.250,94
13:04:25.83900,1931.250,47
13:04:27.72200,1931.500,1
13:04:28.00300,1931.250,1
13:04:31.35900,1931.500,1
13:04:31.58200,1931.250,5
13:04:32.23400,1931.250,7
13:04:33.13200,1931.250,1
13:04:33.35100,1931.250,1
13:04:34.41000,1931.250,1
13:04:39.35900,1931.500,3
13:04:41.09300,1931.250,39
13:04:41.31600,1931.250,2
13:04:41.67500,1931.250,22
13:04:42.08200,1931.250,15
13:04:42.29600,1931.250,9
13:04:47.17500,1931.000,3
13:04:47.35900,1931.250,1
13:04:48.15600,1931.000,184
13:04:48.17900,1930.750,3
13:04:48.86700,1931.000,95
13:04:49.30800,1931.000,1
13:04:50.00000,1931.000,1
13:04:50.25300,1931.000,1
13:04:52.03900,1931.000,2
13:04:52.65200,1931.250,72
13:04:55.35500,1931.250,1
13:04:56.76500,1931.250,1
13:04:57.10500,1931.000,1
13:04:58.70300,1931.000,5
13:04:58.77700,1931.250,9
13:04:59.17100,1931.250,2
13:04:59.37500,1931.250,17
13:05:03.48000,1931.500,69
13:05:07.00000,1931.250,2
13:05:07.39800,1931.500,82
13:05:08.55800,1931.500,192
13:05:08.56200,1931.500,24
13:05:08.87100,1931.500,4
13:05:10.01900,1931.500,2
13:05:10.23000,1931.500,38
13:05:10.33500,1931.500,37
13:05:10.58200,1931.500,5
13:05:10.74600,1931.500,153
13:05:10.79200,1931.500,1
13:05:11.43700,1931.500,3
13:05:11.51900,1931.500,1
13:05:11.84300,1931.500,5
13:05:12.30800,1931.500,8
13:05:12.80800,1931.500,70
13:05:14.01500,1931.250,4
13:05:14.53900,1931.500,37
13:05:14.92900,1931.500,6
13:05:15.23000,1931.500,1
13:05:15.45700,1931.500,1
13:05:15.94100,1931.500,40
13:05:18.54600,1931.500,1
13:05:19.35900,1931.500,1
13:05:19.73800,1931.500,15
13:05:20.10100,1931.500,6
13:05:20.69900,1931.500,9
13:05:22.14000,1931.250,1
13:05:22.70700,1931.250,11
13:05:24.18300,1931.250,5
13:05:24.47200,1931.500,39
13:05:25.66000,1931.250,1
13:05:25.80800,1931.250,1
13:05:26.87800,1931.250,2
13:05:27.24600,1931.500,1
13:05:27.35900,1931.500,1
13:05:27.48000,1931.500,1
13:05:27.84300,1931.250,123
13:05:28.14400,1931.250,66
13:05:28.41700,1931.250,33
13:05:28.52700,1931.250,12
13:05:30.16700,1931.500,192
13:05:31.18700,1931.750,53
13:05:31.18700,1931.750,60
13:05:31.26900,1931.750,5
13:05:31.84700,1931.500,1
13:05:32.48000,1931.750,1
13:05:32.95300,1931.750,1
13:05:33.21800,1931.750,1
13:05:33.77300,1931.500,326
13:05:33.96000,1931.500,1
13:05:34.17900,1931.750,2
13:05:34.41000,1931.750,10
13:05:34.71800,1931.750,45
13:05:34.89800,1931.750,45
13:05:35.35900,1931.750,2
13:05:35.66400,1931.750,1
13:05:37.23000,1931.500,48
13:05:37.23400,1931.500,11
13:05:39.62100,1931.500,37
13:05:40.46000,1931.750,38
13:05:40.65200,1931.500,89
13:05:41.77700,1931.750,1
13:05:42.13600,1931.750,1
13:05:42.81200,1931.750,101
13:05:43.35900,1931.750,1
13:05:44.26100,1931.250,937
13:05:45.01500,1931.500,1
13:05:45.89000,1931.250,11
13:05:46.85500,1931.500,2
13:05:47.22600,1931.500,1
13:05:47.80000,1931.500,5
13:05:48.02700,1931.250,1
13:05:48.12800,1931.500,1
13:05:49.01500,1931.500,3
13:05:51.35500,1931.500,1
13:05:51.66700,1931.500,188
13:05:52.54600,1931.500,1
13:05:55.48400,1931.500,349
13:05:55.72600,1931.500,2
13:05:56.02700,1931.250,1
13:05:56.18700,1931.500,97
13:05:56.69900,1931.500,1
13:05:57.10500,1931.500,1
13:05:58.53900,1931.250,1
13:05:59.35900,1931.500,1
13:05:59.60500,1931.250,5
13:06:02.10100,1931.500,10
13:06:02.28100,1931.500,78
13:06:02.79200,1931.500,2
13:06:03.62800,1931.500,1
13:06:03.88600,1931.500,1
13:06:04.03900,1931.750,5
13:06:05.08200,1931.500,22
13:06:05.33900,1931.500,25
13:06:06.12500,1931.750,1
13:06:07.35500,1931.750,2
13:06:07.51900,1931.750,35
13:06:07.92900,1931.750,40
13:06:09.19500,1931.500,38
13:06:10.85900,1931.500,89
13:06:11.11700,1931.250,2
13:06:11.26100,1931.500,4
13:06:12.08200,1931.500,50
13:06:12.61300,1931.250,5
13:06:12.89400,1931.500,1
13:06:13.26900,1931.500,67
13:06:14.22200,1931.500,1
13:06:15.01900,1931.500,4
13:06:15.35900,1931.750,2
13:06:15.52300,1931.500,2
13:06:17.39800,1931.500,56
13:06:20.83200,1931.500,40
13:06:22.55800,1931.250,37
13:06:23.35900,1931.500,2
13:06:24.51500,1931.250,1
13:06:24.97200,1931.250,146
13:06:25.66400,1931.500,2
13:06:26.00700,1931.500,1
13:06:29.85500,1931.500,1
13:06:31.35500,1931.500,1
13:06:31.45700,1931.500,45
13:06:32.74600,1931.500,6
13:06:33.48800,1931.500,1
13:06:34.19500,1931.500,124
13:06:35.46000,1931.750,73
13:06:35.90200,1931.500,3
13:06:36.16400,1931.750,1
13:06:39.35500,1931.750,1
13:06:40.70300,1931.750,11
13:06:41.24600,1931.500,5
13:06:41.92900,1931.750,1
13:06:43.14800,1931.750,1
13:06:43.87500,1931.750,1
13:06:45.14800,1931.500,1
13:06:45.74600,1931.500,1
13:06:45.95300,1931.500,78
13:06:45.96400,1931.500,125
13:06:47.35900,1931.750,2
13:06:48.75700,1931.750,4
13:06:50.01500,1931.750,74
13:06:53.17900,1931.750,1
13:06:53.36300,1931.750,2
13:06:54.34700,1931.750,1
13:06:55.03100,1931.750,1
13:06:55.35500,1931.750,3
13:06:55.62500,1931.500,1
13:06:55.79200,1931.750,5
13:06:56.07000,1931.750,445
13:06:56.80400,1932.000,18
13:06:57.33900,1932.000,9
13:06:59.12800,1932.000,1
13:07:00.60100,1931.750,9
13:07:01.24600,1931.750,1
13:07:01.30000,1931.750,1
13:07:01.82000,1932.000,2
13:07:02.57000,1932.000,10
13:07:03.35500,1932.000,1
13:07:03.54200,1932.000,1
13:07:03.75700,1932.000,6
13:07:04.06600,1932.000,1055
13:07:04.44100,1932.250,13
13:07:04.59300,1932.250,2
13:07:04.74600,1932.250,1
13:07:04.87800,1932.250,1
13:07:05.47200,1932.000,9
13:07:05.55000,1932.000,1
13:07:05.93300,1932.250,4
13:07:06.04600,1932.250,3
13:07:06.93300,1932.250,1
13:07:07.43700,1932.250,15
13:07:07.74600,1932.250,11
13:07:08.05000,1932.250,2
13:07:08.27700,1932.250,2
13:07:09.08200,1932.250,1
13:07:09.69900,1932.250,2
13:07:10.14800,1932.250,2
13:07:11.20700,1932.250,1
13:07:11.37800,1932.000,3
13:07:11.53900,1932.250,1
13:07:11.60900,1932.250,2
13:07:11.91000,1932.250,1
13:07:12.27300,1932.250,1
13:07:13.13600,1932.250,1
13:07:13.33500,1932.250,1
13:07:13.68300,1932.250,10
13:07:14.18700,1932.250,10
13:07:14.51500,1932.250,2
13:07:14.80800,1932.250,1
13:07:15.01100,1932.250,1
13:07:15.16000,1932.250,173
13:07:15.16000,1932.250,79
13:07:15.46800,1932.250,1
13:07:16.01500,1932.000,5
13:07:16.31600,1932.250,5
13:07:16.53100,1932.250,2
13:07:16.67100,1932.250,1
13:07:17.31200,1932.250,3
13:07:17.59700,1932.250,46
13:07:18.31200,1932.000,2
13:07:18.49600,1932.000,210
13:07:18.63600,1932.000,15
13:07:18.82400,1932.250,1
13:07:18.90600,1932.250,1
13:07:19.35500,1932.250,1
13:07:21.57800,1932.250,2
13:07:22.29600,1932.250,2
13:07:22.45700,1932.250,3
13:07:23.44100,1932.000,1
13:07:23.84300,1932.250,1
13:07:24.18700,1932.250,5
13:07:26.62100,1932.250,1
13:07:27.05400,1932.250,1
13:07:27.35500,1932.250,2
13:07:29.44100,1932.250,3
13:07:29.81600,1932.250,1
13:07:30.01500,1932.000,1
13:07:31.43300,1932.000,3
13:07:31.62100,1932.000,2
13:07:32.24200,1932.250,503
13:07:32.48400,1932.000,1
13:07:32.92500,1932.250,25
13:07:33.22600,1932.250,1
13:07:33.66400,1932.250,1
13:07:35.23400,1932.250,4
13:07:35.35500,1932.250,1
13:07:37.83900,1932.250,1
13:07:38.03900,1932.000,1
13:07:38.18300,1932.250,98
13:07:38.18700,1932.250,14
13:07:39.08900,1932.250,1
13:07:40.54200,1932.000,6
13:07:43.35500,1932.250,1
13:07:44.26100,1932.000,1
13:07:45.30400,1932.250,2
13:07:47.21800,1932.000,1
13:07:47.69100,1932.250,7
13:07:48.23400,1932.250,142
13:07:48.42500,1932.250,3
13:07:48.56200,1932.250,4
13:07:48.80800,1932.250,176
13:07:50.61300,1932.250,1
13:07:51.01500,1932.250,3
13:07:51.35500,1932.250,2
13:07:52.27700,1932.250,1
13:07:54.03900,1932.000,1
13:07:54.30400,1932.000,5
13:07:54.82000,1932.250,15
13:07:55.13200,1932.000,10
13:07:55.45700,1932.000,4
13:07:55.72600,1932.000,1
13:07:57.24600,1932.250,1
13:07:58.78900,1932.000,1
13:07:59.35500,1932.250,2
13:08:00.05000,1932.000,6
13:08:00.18700,1932.000,1
13:08:00.29200,1932.000,1
13:08:00.72600,1932.000,166
13:08:01.01100,1932.000,50
13:08:01.18700,1932.000,5
13:08:01.24200,1932.000,8
13:08:01.32800,1932.000,11
13:08:01.40600,1931.750,7
13:08:01.57800,1931.750,3
13:08:02.06600,1932.000,14
13:08:03.07400,1932.000,1
13:08:03.21000,1932.000,1
13:08:03.40200,1932.000,14
13:08:04.03100,1932.000,1
13:08:04.14400,1932.250,2
13:08:05.39000,1932.250,1
13:08:07.07800,1932.250,4
13:08:07.35500,1932.250,2
13:08:07.72200,1932.250,2
13:08:09.07000,1932.250,3
13:08:09.48000,1932.250,129
13:08:10.00300,1932.250,1
13:08:11.00300,1932.250,1
13:08:13.12800,1932.250,102
13:08:14.39000,1932.250,1
13:08:15.08900,1932.250,1
13:08:15.35500,1932.250,1
13:08:15.60100,1932.250,2
13:08:16.83200,1932.000,3
13:08:17.11300,1932.250,1
13:08:18.01500,1932.000,4
13:08:20.84300,1932.000,8
13:08:21.25000,1932.000,115
13:08:21.55000,1932.000,3
13:08:23.35500,1932.000,3
13:08:23.60100,1932.000,1
13:08:24.38200,1932.000,18
13:08:24.66400,1932.000,5
13:08:27.23000,1932.000,61
13:08:28.92500,1932.000,1
13:08:29.63600,1931.750,2
13:08:31.28500,1931.750,10
13:08:31.35500,1932.000,1
13:08:32.14800,1931.750,1
13:08:32.49200,1932.000,53
13:08:34.59300,1932.000,2
13:08:36.23800,1932.000,3
13:08:37.19500,1932.000,25
13:08:37.84300,1932.000,1
13:08:38.52700,1932.000,10
13:08:38.85900,1932.000,1
13:08:39.35900,1932.000,6
13:08:39.67100,1932.000,1
13:08:42.69900,1932.000,1
13:08:43.16400,1932.000,4
13:08:43.79200,1931.500,181
13:08:43.90600,1931.750,10
13:08:44.44500,1931.750,1
13:08:45.15600,1931.750,86
13:08:45.34300,1931.750,8
13:08:45.58200,1931.500,1
13:08:46.41400,1931.750,60
13:08:46.69900,1931.750,49
13:08:47.03500,1931.750,5
13:08:47.35900,1931.750,3
13:08:47.73000,1931.500,2
13:08:48.07000,1931.500,10
13:08:48.75000,1931.500,117
13:08:49.38600,1931.000,220
13:08:49.55400,1931.000,3
13:08:50.51500,1931.250,95
13:08:51.62800,1931.250,1
13:08:52.01900,1931.500,3
13:08:53.56200,1931.250,1
13:08:54.41700,1931.250,7
13:08:55.03500,1931.250,60
13:08:55.35500,1931.500,1
13:08:55.60500,1931.250,2
13:08:55.81200,1931.250,1
13:08:56.73400,1931.250,216
13:08:57.96400,1931.000,1
13:08:58.46000,1931.250,210
13:08:58.60100,1931.250,7
13:09:01.01500,1931.250,62
13:09:01.32000,1931.250,3
13:09:01.69900,1931.250,1
13:09:02.30800,1931.250,7
13:09:02.92500,1931.500,93
13:09:03.37100,1931.500,50
13:09:04.20300,1931.500,1
13:09:05.49200,1931.500,1
13:09:06.16700,1931.250,1
13:09:06.53100,1931.250,27
13:09:08.17500,1931.250,10
13:09:08.68300,1931.250,1
13:09:09.03100,1931.250,1
13:09:09.96000,1931.500,1
13:09:11.35500,1931.500,1
13:09:14.09300,1931.500,153
13:09:14.35100,1931.250,1
13:09:14.67500,1931.250,1
13:09:15.10500,1931.250,1
13:09:15.36700,1931.250,57
13:09:15.42100,1931.250,2
13:09:15.60900,1931.500,6
13:09:16.29600,1931.250,7
13:09:16.85900,1931.250,10
13:09:18.06200,1931.250,3
13:09:18.57800,1931.250,5
13:09:19.01900,1931.250,5
13:09:19.39000,1931.500,5
13:09:19.84300,1931.500,7
13:09:24.56200,1931.500,32
13:09:24.71800,1931.250,1
13:09:27.35500,1931.500,1
13:09:29.23800,1931.500,3
13:09:29.73000,1931.500,3
13:09:31.13200,1931.500,7
13:09:32.43300,1931.250,1
13:09:33.26100,1931.500,1
13:09:33.41400,1931.250,6
13:09:33.53900,1931.250,5
13:09:34.12100,1931.250,32
13:09:34.49200,1931.250,83
13:09:35.01500,1931.250,4
13:09:35.35500,1931.250,12
13:09:36.30000,1931.250,4
13:09:36.85100,1931.250,21
13:09:37.44100,1931.250,56
13:09:39.07800,1931.250,44
13:09:39.76900,1931.250,3
13:09:40.08500,1931.250,3
13:09:41.16400,1931.250,17
13:09:42.87800,1931.250,1
13:09:43.12100,1931.250,1
13:09:43.35500,1931.500,2
13:09:44.20700,1931.250,1
13:09:44.81200,1931.500,11
13:09:45.25300,1931.500,5
13:09:45.41400,1931.250,1
13:09:46.32800,1931.500,1
13:09:49.85100,1931.500,91
13:09:50.42100,1931.750,6
13:09:51.35500,1931.750,1
13:09:52.77700,1931.500,2
13:09:53.01500,1931.750,3
13:09:54.04600,1931.750,43
13:09:54.77700,1931.500,50
13:09:55.59700,1931.750,3
13:09:56.53900,1931.500,1
13:09:57.13600,1931.500,1
13:09:57.37100,1931.500,90
13:09:57.39000,1931.500,18
13:09:57.51500,1931.500,1
13:09:59.08900,1931.500,1
13:09:59.35500,1931.750,1
13:10:00.83900,1932.000,77
13:10:00.88200,1932.000,9
13:10:01.76500,1931.750,1
13:10:02.01500,1932.000,5
13:10:02.26900,1931.750,1
13:10:03.25700,1931.750,39
13:10:03.42500,1931.750,1
13:10:04.59300,1931.750,40
13:10:05.34700,1931.750,2
13:10:05.92900,1931.750,2
13:10:06.16000,1931.750,5
13:10:06.95300,1931.750,22
13:10:07.07400,1931.750,1
13:10:07.35500,1931.750,2
13:10:08.56600,1931.500,1
13:10:10.67500,1931.750,29
13:10:11.12100,1932.000,5
13:10:11.18700,1931.750,21
13:10:13.71800,1931.750,1
13:10:15.10100,1931.750,31
13:10:15.35500,1931.750,4
13:10:16.29200,1932.000,3
13:10:17.24600,1931.750,3
13:10:18.01100,1931.750,1
13:10:18.90200,1931.750,2
13:10:20.01900,1931.750,68
13:10:21.32000,1932.000,1
13:10:21.45300,1932.000,3
13:10:21.61300,1932.000,51
13:10:22.85900,1932.000,5
13:10:23.35500,1932.000,1
13:10:25.51900,1931.750,10
13:10:26.03900,1931.750,22
13:10:26.39800,1931.750,10
13:10:26.62500,1931.750,7
13:10:27.06200,1931.750,3
13:10:31.04200,1931.750,1
13:10:31.35500,1931.750,1
13:10:31.79200,1931.750,3
13:10:33.08200,1931.750,1
13:10:33.73400,1931.500,123
13:10:34.33500,1931.250,1
13:10:34.43700,1931.250,1
13:10:35.50000,1931.250,1
13:10:36.96400,1931.500,3
13:10:37.25300,1931.500,40
13:10:37.85100,1931.500,66
13:10:39.35500,1931.750,34
13:10:40.32800,1931.500,1
13:10:42.14800,1931.750,40
13:10:45.17100,1931.750,2
13:10:47.35500,1931.750,4
13:10:47.67900,1931.750,1
13:10:48.82400,1931.750,1
13:10:49.93300,1931.750,1
13:10:50.33500,1931.500,1
13:10:52.53500,1931.750,114
13:10:54.01900,1931.750,24
13:10:54.69900,1931.750,11
13:10:54.82000,1931.750,4
13:10:55.35500,1931.750,2
13:10:55.60100,1931.750,1
13:10:57.19900,1931.750,7
13:10:57.51900,1931.500,1
13:10:57.65600,1931.750,3
13:11:02.05000,1931.750,15
13:11:02.82400,1931.750,3
13:11:03.35500,1931.750,1
13:11:04.10500,1931.500,5
13:11:05.03900,1931.750,1
13:11:05.27300,1931.500,99
13:11:05.27300,1931.500,3
13:11:05.32800,1931.500,22
13:11:06.50000,1931.500,35
13:11:06.80400,1931.500,48
13:11:07.26100,1931.250,25
13:11:08.01500,1931.500,4
13:11:10.20700,1931.250,157
13:11:11.14000,1931.250,173
13:11:11.35500,1931.250,1
13:11:13.17500,1931.250,3
13:11:13.26900,1931.250,3
13:11:14.63600,1931.250,5
13:11:15.78100,1931.000,1
13:11:16.30800,1931.250,1
13:11:18.05400,1931.250,139
13:11:18.38600,1931.250,39
13:11:19.07400,1931.250,2
13:11:19.35500,1931.500,1
13:11:21.01500,1931.250,5
13:11:22.94500,1931.250,10
13:11:23.51900,1931.500,3
13:11:23.80000,1931.250,5
13:11:24.50300,1931.250,23
13:11:25.22200,1931.250,7
13:11:26.01100,1931.250,2
13:11:26.46000,1931.250,1
13:11:26.83200,1931.250,21
13:11:27.35500,1931.250,1
13:11:27.63200,1931.000,1
13:11:28.33900,1931.000,7
13:11:28.68700,1931.250,3
13:11:29.65600,1931.250,1
13:11:30.09700,1931.000,1
13:11:30.51100,1931.250,1
13:11:30.96400,1931.250,29
13:11:31.02300,1931.250,6
13:11:31.49600,1931.250,1
13:11:31.95700,1931.250,1
13:11:33.08900,1931.250,1
13:11:33.85500,1931.500,3
13:11:35.35500,1931.500,2
13:11:39.11700,1931.500,9
13:11:41.62100,1931.250,1
13:11:41.80800,1931.250,203
13:11:42.13600,1931.250,13
13:11:43.35500,1931.500,2
13:11:43.50300,1931.250,1
13:11:44.00700,1931.250,61
13:11:44.16700,1931.250,2
13:11:48.87500,1931.250,37
13:11:49.21800,1931.250,15
13:11:49.45700,1931.250,12
13:11:51.35500,1931.500,1
13:11:52.49600,1931.250,5
13:11:53.30000,1931.250,2
13:11:53.56200,1931.500,1
13:11:54.55400,1931.500,3
13:11:55.01500,1931.500,2
13:11:56.13600,1931.250,1
13:11:57.03100,1931.500,1
13:11:57.84300,1931.500,11
13:11:59.35500,1931.500,1
13:11:59.71800,1931.500,3
13:12:00.04200,1931.250,7
13:12:00.90600,1931.250,6
13:12:01.34300,1931.250,17
13:12:01.53100,1931.250,10
13:12:01.85100,1931.250,5
13:12:03.79200,1931.250,3
13:12:04.88600,1931.500,3
13:12:05.01100,1931.250,33
13:12:05.16000,1931.250,1
13:12:06.40600,1931.500,15
13:12:06.66400,1931.250,20
13:12:07.03100,1931.250,3
13:12:07.35500,1931.250,1
13:12:08.58900,1931.000,397
13:12:09.31600,1931.000,3
13:12:10.08200,1931.000,2
13:12:11.19100,1930.750,29
13:12:11.37500,1930.750,239
13:12:11.43300,1930.750,7
13:12:12.01500,1930.750,29
13:12:12.13200,1930.750,25
13:12:12.21800,1930.750,17
13:12:12.27700,1930.750,2
13:12:13.35500,1930.750,1
13:12:14.19100,1930.750,1
13:12:14.59700,1930.750,2
13:12:15.37800,1931.000,415
13:12:15.57400,1931.000,1
13:12:15.78900,1931.000,2
13:12:15.87800,1931.000,5
13:12:16.01900,1931.000,1
13:12:16.95700,1931.000,1
13:12:17.17500,1931.000,15
13:12:17.33200,1931.000,7
13:12:17.93300,1931.000,1
13:12:18.46000,1931.250,2
13:12:18.94500,1931.000,9
13:12:19.90600,1931.000,1
13:12:20.41700,1931.250,3
13:12:22.07400,1931.000,1
13:12:23.01500,1931.000,5
13:12:23.35500,1931.250,1
13:12:25.58500,1931.250,3
13:12:25.89000,1931.250,5
13:12:27.65600,1931.250,106
13:12:28.32400,1931.250,1
13:12:29.08900,1931.250,136
13:12:29.58500,1931.250,12
13:12:30.74200,1931.500,4
13:12:31.35500,1931.500,1
13:12:31.50300,1931.250,130
13:12:31.62500,1931.250,48
13:12:32.06200,1931.250,11
13:12:32.30000,1931.250,3
13:12:33.69100,1931.250,73
13:12:33.69500,1931.250,2
13:12:34.26500,1931.250,1
13:12:35.91700,1931.500,3
13:12:36.16000,1931.500,44
13:12:37.08900,1931.250,6
13:12:37.74200,1931.250,14
13:12:38.01900,1931.250,3
13:12:38.37800,1931.250,43
13:12:38.89400,1931.250,5
13:12:39.35100,1931.500,1
13:12:39.49600,1931.250,17
13:12:39.85500,1931.500,1
13:12:40.73400,1931.500,1
13:12:41.09700,1931.500,3
13:12:41.26900,1931.500,101
13:12:42.23000,1931.500,1
13:12:43.48400,1931.500,4
13:12:44.60900,1931.500,1
13:12:44.90600,1931.250,1
13:12:45.60900,1931.500,5
13:12:46.26900,1931.500,3
13:12:46.88200,1931.500,1
13:12:47.35500,1931.500,2
13:12:48.20700,1931.250,107
13:12:48.22200,1931.250,179
13:12:48.41000,1931.250,16
13:12:48.51100,1931.250,6
13:12:49.61300,1931.250,18
13:12:50.05800,1931.250,5
13:12:50.59700,1931.250,16
13:12:51.44100,1931.500,2
13:12:54.38200,1931.500,179
13:12:55.35500,1931.500,1
13:12:56.01500,1931.500,2
13:12:56.61300,1931.500,3
13:12:57.19100,1931.500,1
13:12:58.17900,1931.500,5
13:12:59.34300,1931.250,3
13:12:59.87800,1931.500,165
13:13:03.05000,1931.500,73
13:13:03.09700,1931.500,54
13:13:03.35500,1931.500,2
13:13:05.88600,1931.250,5
13:13:06.95300,1931.500,3
13:13:09.71800,1931.250,207
13:13:09.90600,1931.250,21
13:13:11.35500,1931.500,1
13:13:12.14000,1931.500,3
13:13:16.80000,1931.250,56
13:13:17.12500,1931.250,27
13:13:18.50700,1931.250,7
13:13:19.35500,1931.250,1
13:13:19.91000,1931.250,10
13:13:21.06600,1931.500,2
13:13:21.83200,1931.500,213
13:13:21.83500,1931.500,6
13:13:22.48000,1931.500,3
13:13:25.01500,1931.250,5
13:13:26.79600,1931.500,1
13:13:27.35500,1931.500,1
13:13:27.53500,1931.500,1
13:13:27.64800,1931.500,3
13:13:27.79600,1931.500,1
13:13:30.11300,1931.250,1
13:13:30.46800,1931.500,1
13:13:31.35900,1931.500,1
13:13:32.73800,1931.500,122
13:13:32.81200,1931.500,2
13:13:33.07000,1931.500,1
13:13:35.35500,1931.500,1
13:13:37.05000,1931.500,1
13:13:38.01100,1931.500,3
13:13:42.86300,1931.500,88
13:13:43.17500,1931.750,3
13:13:43.35500,1931.750,1
13:13:46.34700,1931.500,148
13:13:46.81200,1931.500,2
13:13:46.97200,1931.500,22
13:13:47.53500,1931.500,5
13:13:48.33500,1931.750,1
13:13:49.93300,1931.750,5
13:13:50.80400,1931.500,53
13:13:51.35100,1931.750,4
13:13:51.85900,1931.500,10
13:13:52.38600,1931.500,3
13:13:52.94100,1931.500,19
13:13:53.50700,1931.500,6
13:13:57.01500,1931.750,2
13:13:57.78900,1931.500,4
13:13:58.67900,1931.750,3
13:13:59.18700,1931.500,1
13:13:59.35100,1931.750,1
13:13:59.49200,1931.500,1
13:13:59.79200,1931.500,130
13:13:59.92900,1931.500,1
13:14:00.45300,1931.750,242
13:14:00.45700,1931.750,1
13:14:00.80000,1931.750,2
13:14:01.70300,1931.750,7
13:14:03.14800,1932.000,7
13:14:03.37500,1931.750,66
13:14:03.67900,1931.750,26
13:14:03.75700,1931.750,4
13:14:03.88600,1931.750,1
13:14:04.61300,1931.750,1
13:14:04.78500,1931.750,1
13:14:05.32000,1931.750,11
13:14:05.40200,1931.750,17
13:14:05.78500,1932.000,5
13:14:06.19500,1931.750,6
13:14:06.78500,1931.750,5
13:14:07.35500,1932.000,1
13:14:07.50000,1931.750,2
13:14:07.89400,1932.000,2
13:14:08.01900,1932.000,3
13:14:08.27300,1932.000,1
13:14:09.24600,1931.750,1
13:14:10.00300,1931.750,22
13:14:10.57800,1932.000,1
13:14:11.46000,1932.000,2
13:14:11.93300,1931.750,6
13:14:12.10500,1932.000,1
13:14:12.30000,1932.000,1
13:14:13.73000,1932.000,1
13:14:14.02700,1932.000,1
13:14:14.18700,1932.000,1
13:14:14.48400,1932.000,1
13:14:14.71000,1932.000,4
13:14:15.35500,1932.000,2
13:14:15.51100,1932.000,4
13:14:16.49600,1932.000,1
13:14:20.07400,1931.750,1
13:14:21.85900,1932.000,2
13:14:22.06600,1932.000,1
13:14:22.50000,1931.750,74
13:14:22.81600,1932.000,1
13:14:23.05800,1932.000,2
13:14:23.35100,1932.000,2
13:14:24.34300,1931.750,2
13:14:26.27700,1932.000,76
13:14:26.28900,1932.000,129
13:14:26.72600,1932.000,5
13:14:26.82800,1932.000,4
13:14:27.01500,1931.750,5
13:14:27.13200,1932.000,2
13:14:27.77300,1932.000,21
13:14:28.05000,1932.000,32
13:14:28.50300,1932.000,1
13:14:30.32000,1932.000,2
13:14:30.49200,1932.000,30
13:14:31.36300,1932.250,9
13:14:31.51500,1932.000,4
13:14:33.70300,1932.000,1
13:14:34.34300,1932.250,1
13:14:34.71800,1932.250,288
13:14:34.93700,1932.500,34
13:14:35.06600,1932.500,9
13:14:35.08200,1932.500,1
13:14:35.26500,1932.500,1
13:14:35.72200,1932.500,1
13:14:36.10900,1932.250,102
13:14:36.16700,1932.500,1
13:14:36.20700,1932.500,1
13:14:36.38200,1932.500,3
13:14:36.45700,1932.250,2
13:14:36.94900,1932.250,12
13:14:37.31600,1932.500,2
13:14:37.83200,1932.500,1
13:14:38.04200,1932.250,60
13:14:38.35500,1932.500,3
13:14:38.49600,1932.500,1
13:14:39.05000,1932.250,18
13:14:39.35500,1932.500,9
13:14:39.94500,1932.500,1
13:14:40.37500,1932.250,4
13:14:40.49200,1932.500,1
13:14:41.18700,1932.250,2
13:14:41.43300,1932.250,1
13:14:41.66000,1932.500,9
13:14:41.70700,1932.500,5
13:14:42.10100,1932.500,1
13:14:43.71000,1932.250,1
13:14:44.89400,1932.250,59
13:14:45.37500,1932.250,3
13:14:45.47600,1932.250,1
13:14:45.73400,1932.250,2
13:14:46.32800,1932.250,2
13:14:47.03100,1932.250,1
13:14:47.35500,1932.250,2
13:14:47.82400,1932.250,1
13:14:48.04200,1932.000,2
13:14:48.91000,1932.250,1
13:14:49.77700,1932.250,76
13:14:50.30000,1932.000,2
13:14:52.41700,1932.000,2
13:14:52.55800,1932.250,1
13:14:53.26100,1932.250,17
13:14:53.29600,1932.500,5
13:14:53.37800,1932.250,1
13:14:53.62500,1932.250,34
13:14:54.11700,1932.250,2
13:14:54.48400,1932.250,1
13:14:54.80800,1932.250,2
13:14:55.35500,1932.250,1
13:14:55.55400,1932.250,2
13:14:56.16400,1932.250,1
13:14:56.54200,1932.250,2
13:14:56.96000,1932.000,6
13:14:57.71000,1932.250,15
13:14:58.13200,1932.000,170
13:14:58.24200,1932.250,32
13:14:58.37100,1932.000,46
13:14:59.90200,1932.000,1
13:15:00.51100,1931.750,3
13:15:01.57800,1932.000,10
13:15:02.69500,1932.000,1
13:15:03.03100,1931.750,1
13:15:03.44100,1932.000,42
13:15:03.79200,1932.000,49
13:15:04.03500,1932.000,11
13:15:04.15600,1932.000,28
13:15:04.39400,1932.250,1
13:15:04.42900,1932.250,1
13:15:05.80800,1932.250,1
13:15:06.55400,1932.000,24
13:15:06.61700,1932.000,2
13:15:07.71400,1931.750,6
13:15:09.61300,1931.750,2
13:15:10.92900,1932.000,1
13:15:11.22600,1931.750,3
13:15:11.35500,1932.000,2
13:15:11.80400,1932.000,1
13:15:11.94100,1932.000,1
13:15:13.76100,1932.000,3
13:15:14.57800,1932.000,71
13:15:15.35500,1932.000,1
13:15:15.93300,1932.000,1
13:15:16.69900,1932.000,41
13:15:17.40200,1931.750,1
13:15:17.71800,1932.000,12
13:15:18.33200,1932.000,13
13:15:19.05400,1932.000,5
13:15:19.35100,1932.250,1
13:15:19.52700,1932.250,1
13:15:22.18700,1932.250,1
13:15:24.17900,1932.000,1
13:15:24.76900,1932.250,2
13:15:26.34700,1932.000,1
13:15:27.35100,1932.250,2
13:15:27.45300,1932.250,5
13:15:28.01500,1932.000,5
13:15:28.30800,1932.250,5
13:15:28.86700,1932.000,2
13:15:29.16400,1932.250,2
13:15:29.58900,1932.250,10
13:15:29.69100,1932.250,5
13:15:30.28900,1932.250,5
13:15:30.43700,1932.250,1
13:15:33.60500,1932.250,8
13:15:34.02700,1932.000,1
13:15:34.25000,1932.000,1
13:15:35.44100,1932.250,7
13:15:35.51900,1932.250,2
13:15:36.65200,1932.250,43
13:15:36.88600,1932.250,5
13:15:37.12800,1932.250,2
13:15:37.47200,1932.500,1
13:15:37.69500,1932.250,3
13:15:38.56200,1932.250,2
13:15:39.00700,1932.250,1
13:15:39.35500,1932.250,17
13:15:39.38200,1932.250,6
13:15:40.35100,1932.250,6
13:15:40.88200,1932.500,1
13:15:41.19500,1932.500,1
13:15:41.72200,1932.500,2
13:15:43.34300,1932.500,110
13:15:43.42100,1932.500,174
13:15:43.61300,1932.750,144
13:15:43.65200,1932.750,58
13:15:43.66700,1932.750,2
13:15:44.06600,1932.750,2
13:15:44.43300,1932.750,1
13:15:45.20700,1932.750,1
13:15:45.36300,1932.750,1
13:15:45.64400,1932.500,79
13:15:45.73400,1932.500,22
13:15:46.10100,1932.500,33
13:15:46.64400,1932.500,5
13:15:47.16400,1932.500,5
13:15:47.28500,1932.500,7
13:15:47.50300,1932.750,4
13:15:47.69900,1932.500,4
13:15:48.97200,1932.750,4
13:15:49.32800,1932.750,1
13:15:51.35100,1932.750,2
13:15:51.49200,1932.500,2
13:15:52.34300,1932.750,3
13:15:52.72200,1932.750,3
13:15:52.87100,1932.750,1
13:15:53.19100,1932.500,1
13:15:54.20700,1932.750,1
13:15:55.48400,1932.500,1
13:15:55.71800,1932.750,388
13:15:55.83200,1932.750,153
13:15:56.00700,1932.750,1
13:15:56.17500,1932.750,92
13:15:57.09700,1932.750,1
13:15:57.81600,1932.750,1
13:15:58.70300,1932.500,154
13:15:58.93700,1932.500,5
13:15:59.01500,1932.500,2
13:15:59.21800,1932.500,1
13:15:59.35100,1932.500,4
13:15:59.50300,1932.500,3
13:15:59.97200,1932.500,4
13:16:01.07400,1932.500,2
13:16:01.36700,1932.250,212
13:16:01.75000,1932.500,2
13:16:03.87100,1932.250,50
13:16:05.02700,1932.250,20
13:16:05.92100,1932.250,1
13:16:06.10500,1932.250,23
13:16:06.32400,1932.250,1
13:16:06.66000,1932.500,10
13:16:07.35100,1932.500,2
13:16:07.55400,1932.250,7
13:16:08.05800,1932.500,1
13:16:08.58500,1932.250,6
13:16:10.33200,1932.250,1
13:16:10.53900,1932.250,1
13:16:11.69100,1932.500,4
13:16:12.05400,1932.250,2
13:16:13.90600,1932.500,2
13:16:14.83200,1932.250,1
13:16:15.35100,1932.500,2
13:16:16.21400,1932.250,1
13:16:19.48800,1932.500,111
13:16:19.70300,1932.500,1
13:16:20.43300,1932.500,43
13:16:21.02300,1932.500,5
13:16:21.23000,1932.500,13
13:16:21.50300,1932.500,33
13:16:21.73000,1932.750,4
13:16:22.08900,1932.500,5
13:16:22.14000,1932.500,2
13:16:22.56600,1932.750,101
13:16:23.35100,1932.750,5
13:16:23.75000,1932.500,2
13:16:24.38200,1932.500,1
13:16:25.25300,1932.750,5
13:16:26.32400,1932.500,2
13:16:26.51500,1932.750,1
13:16:26.78500,1932.750,3
13:16:26.82400,1932.500,5
13:16:29.01500,1932.500,10
13:16:30.27700,1932.750,2
13:16:31.35100,1932.750,1
13:16:33.01100,1932.750,2
13:16:34.57400,1932.750,38
13:16:34.83500,1932.750,97
13:16:34.96400,1932.750,1
13:16:35.55800,1932.750,1
13:16:35.92100,1932.750,1
13:16:36.27300,1932.750,1
13:16:36.57000,1932.750,1
13:16:36.71400,1932.750,1
13:16:36.88200,1932.750,369
13:16:38.12100,1933.000,22
13:16:38.23000,1933.000,1
13:16:38.42900,1933.000,1
13:16:38.55800,1933.000,103
13:16:39.10900,1933.000,1
13:16:39.35100,1933.000,1
13:16:39.48000,1933.000,1
13:16:39.84300,1933.000,2
13:16:40.63200,1933.000,1
13:16:41.12500,1933.000,2
13:16:41.13600,1933.000,1
13:16:41.31200,1933.000,6
13:16:41.78100,1933.000,2
13:16:43.43300,1933.000,130
13:16:43.43300,1933.000,8
13:16:44.45700,1932.750,15
13:16:44.82800,1933.250,725
13:16:44.87100,1933.250,4
13:16:44.95300,1933.000,7
13:16:45.16700,1933.250,5
13:16:45.35900,1933.250,83
13:16:45.57400,1933.250,2
13:16:45.82000,1933.250,39
13:16:46.01100,1933.000,1
13:16:46.10500,1933.250,3
13:16:46.21000,1933.250,1
13:16:46.31200,1933.250,1
13:16:46.65600,1933.250,142
13:16:46.66000,1933.250,19
13:16:46.91700,1933.500,1
13:16:47.24200,1933.500,6
13:16:47.35500,1933.500,1
13:16:47.44900,1933.500,1
13:16:47.61300,1933.250,2
13:16:47.82000,1933.250,2
13:16:48.15600,1933.500,214
13:16:48.24200,1933.500,1
13:16:48.30400,1933.500,1
13:16:48.76100,1933.500,2
13:16:48.91400,1933.500,6
13:16:49.20300,1933.500,270
13:16:49.38200,1933.750,35
13:16:49.53500,1933.750,5
13:16:49.73800,1933.500,12
13:16:49.76900,1933.750,1
13:16:49.87800,1933.750,2
13:16:50.14400,1933.500,321
13:16:50.34700,1933.500,89
13:16:50.69100,1933.500,30
13:16:50.72600,1933.500,3
13:16:50.86300,1933.500,27
13:16:51.08900,1933.500,2
13:16:51.42100,1933.500,1
13:16:51.90600,1933.500,5
13:16:52.72200,1933.500,3
13:16:52.82400,1933.500,1
13:16:53.42900,1933.500,3
13:16:53.70700,1933.500,14
13:16:54.00300,1933.500,2
13:16:54.09300,1933.500,4
13:16:54.95300,1933.500,2
13:16:55.12100,1933.500,263
13:16:55.35100,1933.750,2
13:16:55.52700,1933.500,35
13:16:56.04200,1933.750,1
13:16:56.19900,1933.500,22
13:16:56.28100,1933.500,1
13:16:56.42900,1933.750,4
13:16:57.03500,1933.500,206
13:16:57.05400,1933.250,15
13:16:57.41400,1933.500,12
13:16:57.58900,1933.500,6
13:16:59.01900,1933.500,3
13:16:59.50700,1933.500,1
13:16:59.90200,1933.500,35
13:17:00.21800,1933.250,6
13:17:00.55000,1933.250,3
13:17:01.74200,1933.500,2
13:17:01.83500,1933.250,1
13:17:02.08500,1933.250,1
13:17:02.42500,1933.500,1
13:17:02.60900,1933.500,155
13:17:03.35100,1933.500,1
13:17:03.83900,1933.500,1
13:17:04.75000,1933.250,2
13:17:04.82000,1933.500,1
13:17:05.18300,1933.500,25
13:17:05.79600,1933.500,1
13:17:06.78900,1933.500,1
13:17:07.20300,1933.500,1
13:17:08.12500,1933.500,1
13:17:08.41000,1933.500,9
13:17:08.77700,1933.250,1
13:17:09.35100,1933.500,1
13:17:09.58500,1933.500,6
13:17:09.82400,1933.500,2
13:17:09.94900,1933.250,1
13:17:10.50000,1933.250,190
13:17:10.62100,1933.250,244
13:17:10.68300,1933.250,49
13:17:10.70700,1933.500,1
13:17:10.95300,1933.250,7
13:17:11.35100,1933.500,4
13:17:11.72200,1933.250,7
13:17:12.20300,1933.500,2
13:17:12.48400,1933.250,2
13:17:13.86300,1933.500,1
13:17:14.56600,1933.500,1
13:17:14.82400,1933.250,1
13:17:16.02700,1933.250,2
13:17:17.02700,1933.500,5
13:17:17.69500,1933.250,4
13:17:19.18300,1933.500,145
13:17:19.45700,1933.500,82
13:17:19.51500,1933.500,8
13:17:19.65600,1933.500,1
13:17:20.21800,1933.500,1
13:17:21.46000,1933.500,2
13:17:21.66700,1933.250,2
13:17:22.89000,1933.500,39
13:17:23.11700,1933.500,1
13:17:23.23000,1933.500,6
13:17:23.60100,1933.500,36
13:17:23.60500,1933.500,24
13:17:23.61300,1933.500,2
13:17:24.36700,1933.500,1
13:17:24.53500,1933.500,6
13:17:25.10100,1933.500,1
13:17:26.10900,1933.500,2
13:17:27.12800,1933.500,1
13:17:27.35100,1933.500,2
13:17:27.45300,1933.250,1
13:17:28.39800,1933.500,2
13:17:28.58200,1933.250,2
13:17:29.22200,1933.250,6
13:17:29.70700,1933.500,1
13:17:29.80400,1933.500,2
13:17:29.95300,1933.250,1
13:17:30.37100,1933.250,1
13:17:31.48000,1933.500,5
13:17:32.08500,1933.250,54
13:17:32.65200,1933.500,1
13:17:32.79200,1933.250,1
13:17:33.61700,1933.250,30
13:17:34.43300,1933.250,1
13:17:35.38200,1933.500,127
13:17:35.48800,1933.500,19
13:17:35.89400,1933.500,1
13:17:36.39800,1933.250,2
13:17:37.76100,1933.500,27
13:17:39.88200,1933.500,1
13:17:40.25700,1933.500,1
13:17:40.68700,1933.250,158
13:17:42.80400,1933.250,82
13:17:42.92500,1933.500,9
13:17:43.35100,1933.500,1
13:17:43.82400,1933.500,4
13:17:43.95700,1933.500,1
13:17:44.17500,1933.500,2
13:17:44.92900,1933.250,93
13:17:45.15600,1933.250,12
13:17:45.37800,1933.500,2
13:17:45.64400,1933.250,5
13:17:45.86700,1933.250,46
13:17:46.88200,1933.250,2
13:17:47.15200,1933.250,36
13:17:47.62800,1933.250,4
13:17:47.92500,1933.250,2
13:17:48.28500,1933.250,1
13:17:50.63600,1933.250,4
13:17:51.08500,1933.250,2
13:17:51.35100,1933.250,1
13:17:53.95700,1933.250,32
13:17:54.85500,1933.250,53
13:17:55.68700,1933.250,44
13:17:56.05800,1933.250,47
13:17:56.94100,1933.250,31
13:17:57.10500,1933.250,4
13:17:58.27300,1933.250,1
13:17:59.35100,1933.500,5
13:18:00.07400,1933.500,1
13:18:00.42100,1933.500,2
13:18:01.64800,1933.500,1
13:18:02.15200,1933.500,2
13:18:02.36700,1933.500,1
13:18:02.73000,1933.500,1
13:18:04.62800,1933.500,1
13:18:05.89800,1933.500,518
13:18:05.96000,1933.500,1
13:18:06.11300,1933.500,1
13:18:07.35100,1933.500,1
13:18:08.62100,1933.500,1
13:18:08.77700,1933.500,5
13:18:09.00300,1933.250,3
13:18:09.21800,1933.250,4
13:18:09.64000,1933.250,161
13:18:09.73000,1933.250,3
13:18:10.39000,1933.000,16
13:18:10.49200,1933.000,1
13:18:10.67900,1933.000,2
13:18:10.75700,1933.250,1
13:18:11.10100,1933.250,10
13:18:12.26100,1933.250,3
13:18:12.93700,1933.000,1
13:18:13.37500,1933.000,1
13:18:14.27700,1933.000,2
13:18:14.68700,1933.250,2
13:18:15.35100,1933.250,6
13:18:15.51100,1933.000,1
13:18:18.75700,1933.000,8
13:18:19.10500,1933.250,1
13:18:19.39000,1933.000,1
13:18:19.84700,1933.250,1
13:18:21.66000,1933.000,1
13:18:22.58500,1933.000,1
13:18:23.35100,1933.250,2
13:18:24.17900,1933.000,1
13:18:25.30000,1933.250,1
13:18:25.58500,1933.000,6
13:18:28.56600,1933.000,127
13:18:28.57000,1933.000,235
13:18:31.03500,1932.750,8
13:18:31.35100,1933.000,2
13:18:31.73400,1932.750,2
13:18:32.10100,1932.750,350
13:18:32.38200,1932.750,3
13:18:32.71400,1932.750,1
13:18:33.34300,1932.500,8
13:18:33.83900,1932.750,1
13:18:34.21400,1932.500,1
13:18:34.62500,1932.500,2
13:18:34.72200,1932.500,1
13:18:34.91700,1932.500,1
13:18:35.28100,1932.500,1
13:18:35.64800,1932.500,2
13:18:36.37500,1932.500,1
13:18:36.74200,1932.750,237
13:18:36.93300,1932.750,77
13:18:37.08500,1932.750,1
13:18:37.22600,1932.750,5
13:18:37.43300,1932.750,30
13:18:37.69900,1932.750,12
13:18:37.83900,1932.750,13
13:18:38.14000,1932.750,2
13:18:38.86300,1932.750,1
13:18:39.16400,1932.750,8
13:18:39.25300,1933.000,1
13:18:39.35100,1933.000,1
13:18:39.61300,1932.750,48
13:18:40.41000,1932.500,1
13:18:41.18300,1932.750,1
13:18:42.46400,1932.750,2
13:18:43.14000,1932.250,350
13:18:43.20700,1932.500,55
13:18:43.20700,1932.500,25
13:18:43.21800,1932.500,32
13:18:43.43700,1932.250,1
13:18:43.81600,1932.500,89
13:18:44.91400,1932.500,36
13:18:45.00300,1932.250,1
13:18:45.19500,1932.500,7
13:18:45.41700,1932.500,18
13:18:45.58900,1932.500,2
13:18:45.67100,1932.500,1
13:18:45.82000,1932.500,7
13:18:46.65200,1932.500,13
13:18:46.77700,1932.250,3
13:18:46.87500,1932.500,1
13:18:47.39000,1932.500,8
13:18:47.49600,1932.500,6
13:18:49.24600,1932.500,68
13:18:49.57400,1932.500,44
13:18:50.92100,1932.500,1
13:18:51.55400,1932.500,1
13:18:53.03100,1932.500,1
13:18:54.03900,1932.750,79
13:18:54.17100,1932.750,11
13:18:54.47600,1932.750,9
13:18:54.74600,1932.750,3
13:18:55.35100,1932.750,1
13:18:55.68300,1932.500,2
13:18:55.80800,1932.500,1
13:18:57.43300,1932.500,1
13:18:58.06600,1932.750,1
13:18:58.33900,1932.500,5
13:19:00.48800,1932.500,5
13:19:00.55000,1932.750,5
13:19:01.33200,1932.750,32
13:19:01.65200,1932.750,35
13:19:02.11300,1932.500,1
13:19:03.10500,1932.750,21
13:19:03.35100,1933.000,4
13:19:03.41000,1932.750,1
13:19:04.17100,1932.750,1
13:19:04.72200,1932.750,2
13:19:05.02300,1932.750,1
13:19:10.51900,1933.000,12
13:19:11.35100,1933.000,6
13:19:13.18700,1933.000,1
13:19:16.48400,1932.750,4
13:19:18.90200,1933.000,1
13:19:19.35100,1933.000,2
13:19:20.62500,1932.750,1
13:19:20.79600,1933.000,2
13:19:21.18300,1933.000,295
13:19:23.09300,1933.250,4
13:19:24.04600,1933.000,1
13:19:24.25700,1933.250,51
13:19:25.66700,1933.250,8
13:19:27.37500,1933.000,196
13:19:27.51900,1933.000,35
13:19:27.76100,1933.000,32
13:19:27.77300,1933.000,2
13:19:27.89400,1933.000,6
13:19:28.03900,1933.000,5
13:19:28.35500,1933.000,2
13:19:30.03500,1933.000,2
13:19:30.58500,1933.000,1
13:19:30.94900,1933.000,49
13:19:32.37800,1933.000,82
13:19:33.00700,1933.000,1
13:19:33.19500,1933.000,1
13:19:33.75700,1933.000,31
13:19:34.20700,1933.000,1
13:19:35.35100,1933.250,2
13:19:36.13600,1933.000,1
13:19:36.75700,1933.250,1
13:19:37.60500,1933.250,1
13:19:38.00700,1933.250,194
13:19:38.09700,1933.250,47
13:19:39.02700,1933.000,1
13:19:39.12800,1933.250,1
13:19:39.32800,1933.250,5
13:19:39.51900,1933.250,1
13:19:40.21400,1933.250,1
13:19:40.60500,1933.250,15
13:19:40.82800,1933.000,13
13:19:41.01500,1933.000,1
13:19:41.23000,1933.250,7
13:19:42.13600,1933.250,10
13:19:43.31200,1933.250,21
13:19:43.35100,1933.250,1
13:19:44.14000,1933.250,13
13:19:44.20300,1933.250,8
13:19:44.37100,1933.250,3
13:19:44.75000,1933.250,20
13:19:45.13200,1933.250,1
13:19:45.87100,1933.500,3
13:19:46.47600,1933.500,4
13:19:46.66000,1933.500,1
13:19:47.46800,1933.500,1
13:19:48.58500,1933.250,65
13:19:49.16400,1933.250,9
13:19:49.46800,1933.250,5
13:19:50.04600,1933.250,2
13:19:50.81200,1933.250,1
13:19:51.35500,1933.250,2
13:19:51.57000,1933.250,1
13:19:52.32400,1933.250,5
13:19:53.93700,1933.250,1
13:19:56.12800,1933.250,46
13:19:57.46800,1933.250,1
13:19:57.70700,1933.250,18
13:19:59.04200,1933.250,1
13:19:59.35100,1933.500,1
13:19:59.49600,1933.250,76
13:19:59.79200,1933.000,125
13:19:59.96800,1933.250,5
13:20:00.54600,1933.250,3
13:20:02.20300,1933.250,4
13:20:02.86300,1933.250,2
13:20:03.53500,1933.250,63
13:20:03.75300,1933.250,4
13:20:03.88200,1933.250,1
13:20:04.01100,1933.250,22
13:20:04.68700,1933.250,5
13:20:04.78500,1933.250,9
13:20:05.87500,1933.250,3
13:20:07.46000,1933.250,80
13:20:07.51500,1933.250,29
13:20:09.08900,1933.500,33
13:20:12.12100,1933.500,5
13:20:12.28500,1933.500,6
13:20:13.73800,1933.500,32
13:20:15.35100,1933.500,1
13:20:17.65600,1933.500,1
13:20:19.42900,1933.500,4
13:20:20.05800,1933.500,1
13:20:20.23800,1933.500,4
13:20:23.36700,1933.500,2
13:20:23.80400,1933.500,778
13:20:23.84700,1933.500,4
13:20:24.14000,1933.500,6
13:20:24.32000,1933.500,3
13:20:25.12500,1933.500,6
13:20:25.19100,1933.500,2
13:20:25.53500,1933.250,10
13:20:25.94900,1933.250,1
13:20:26.54200,1933.500,20
13:20:28.31200,1933.500,6
13:20:28.75300,1933.500,21
13:20:28.95300,1933.500,12
13:20:29.27300,1933.500,48
13:20:30.52300,1933.500,3
13:20:31.07800,1933.500,1
13:20:31.35100,1933.500,2
13:20:32.60900,1933.250,3
13:20:32.95300,1933.500,1
13:20:33.35500,1933.500,52
13:20:33.60100,1933.500,46
13:20:33.61700,1933.500,6
13:20:33.70300,1933.500,5
13:20:34.46800,1933.500,27
13:20:34.71000,1933.500,13
13:20:34.86300,1933.500,28
13:20:35.10500,1933.500,11
13:20:35.73000,1933.250,3
13:20:36.03900,1933.500,39
13:20:36.56200,1933.500,4
13:20:37.33900,1933.500,20
13:20:37.45300,1933.500,23
13:20:38.73800,1933.500,1
13:20:39.35100,1933.500,1
13:20:39.81200,1933.250,2
13:20:40.46000,1933.500,1
13:20:40.76900,1933.500,83
13:20:40.86300,1933.500,2
13:20:41.69500,1933.500,4
13:20:42.73800,1933.500,1
13:20:44.09700,1933.500,6
13:20:44.41700,1933.500,1
13:20:45.00300,1933.500,1
13:20:46.33900,1933.750,91
13:20:46.73000,1933.500,1
13:20:47.35100,1933.750,1
13:20:48.14800,1933.750,5
13:20:48.67500,1933.750,67
13:20:49.69500,1933.500,1
13:20:51.22200,1933.750,543
13:20:51.30400,1933.750,5
13:20:51.36700,1933.750,26
13:20:51.51100,1933.500,2
13:20:51.78100,1933.750,5
13:20:51.90200,1933.750,1
13:20:52.10900,1933.750,1
13:20:52.28500,1933.750,1
13:20:53.17900,1933.750,3
13:20:53.36700,1933.750,13
13:20:53.60100,1933.750,1
13:20:54.21000,1933.750,3
13:20:54.59700,1933.750,58
13:20:54.92900,1933.750,3
13:20:55.35100,1933.750,1
13:20:56.46000,1934.000,181
13:20:56.61700,1934.000,17
13:20:56.80000,1933.750,1
13:20:56.92900,1934.000,2
13:20:57.57400,1934.000,2
13:20:57.65600,1933.750,1
13:20:57.91700,1934.000,5
13:20:58.03900,1933.750,14
13:20:58.49600,1933.750,1
13:20:59.60900,1933.750,1
13:20:59.73000,1934.000,1
13:21:00.84300,1934.000,2
13:21:01.03900,1934.000,65
13:21:01.07400,1933.750,26
13:21:01.62800,1934.000,13
13:21:01.69500,1934.000,1
13:21:01.82800,1934.000,1
13:21:02.22200,1934.000,3
13:21:02.27700,1934.000,21
13:21:02.38200,1934.000,9
13:21:02.51100,1934.000,1
13:21:02.67900,1934.000,8
13:21:03.34700,1934.000,3
13:21:04.20300,1934.000,101
13:21:05.41000,1934.000,1
13:21:05.79200,1934.000,1
13:21:06.08200,1934.000,1
13:21:06.58200,1934.000,1
13:21:06.76500,1934.000,1
13:21:07.10100,1934.000,13
13:21:07.54600,1933.750,5
13:21:07.79200,1934.000,6
13:21:08.01900,1934.000,1
13:21:08.27300,1934.000,10
13:21:08.55400,1934.000,3
13:21:08.96800,1934.000,48
13:21:09.92500,1934.000,1
13:21:10.33200,1934.000,1
13:21:10.44100,1934.000,1
13:21:10.62500,1934.000,2
13:21:10.84700,1934.000,1
13:21:11.04200,1934.000,10
13:21:11.35100,1934.000,6
13:21:11.86700,1934.000,1
13:21:13.08900,1933.750,5
13:21:14.02300,1934.000,10
13:21:14.76500,1934.000,1
13:21:15.58500,1933.750,171
13:21:15.68700,1933.500,355
13:21:15.80800,1933.750,20
13:21:16.16000,1933.500,21
13:21:16.77300,1933.500,19
13:21:17.33900,1933.500,29
13:21:17.58200,1933.500,27
13:21:18.62800,1933.500,2
13:21:19.38200,1933.500,37
13:21:20.61300,1933.500,2
13:21:21.39400,1933.250,3
13:21:21.78100,1933.500,1
13:21:22.16400,1933.250,1
13:21:22.37800,1933.500,2
13:21:22.93300,1933.250,4
13:21:23.03900,1933.250,1
13:21:23.28500,1933.500,60
13:21:24.32800,1933.250,1
13:21:24.58500,1933.250,1
13:21:24.75300,1933.250,1
13:21:25.60500,1933.250,8
13:21:26.22200,1933.500,34
13:21:26.79200,1933.500,2
13:21:26.87500,1933.250,1
13:21:27.07800,1933.500,14
13:21:27.47600,1933.500,41
13:21:27.57400,1933.500,5
13:21:28.00300,1933.500,15
13:21:28.36300,1933.250,1
13:21:29.20700,1933.500,39
13:21:29.39800,1933.500,5
13:21:29.62800,1933.500,2
13:21:30.17500,1933.500,35
13:21:30.25700,1933.500,2
13:21:30.53500,1933.500,1
13:21:31.29200,1933.500,1
13:21:31.92900,1933.500,1
13:21:32.87100,1933.500,3
13:21:33.63600,1933.500,1
13:21:33.86700,1933.500,20
13:21:35.26900,1933.500,16
13:21:35.35100,1933.500,1
13:21:35.84300,1933.500,5
13:21:36.51900,1933.500,2
13:21:37.55800,1933.500,4
13:21:39.37500,1933.250,1
13:21:42.10500,1933.250,2
13:21:43.35100,1933.500,1
13:21:44.61300,1933.500,20
13:21:45.18700,1933.250,1
13:21:46.65600,1933.500,20
13:21:48.34300,1933.500,21
13:21:48.62100,1933.500,21
13:21:48.73000,1933.500,42
13:21:48.82400,1933.250,1
13:21:49.80000,1933.500,35
13:21:51.35100,1933.500,1
13:21:51.48400,1933.500,21
13:21:53.12500,1933.500,24
13:21:53.83900,1933.500,1
13:21:54.67100,1933.500,1
13:21:56.07000,1933.250,2
13:21:58.20700,1933.500,2
13:21:58.83500,1933.500,2
13:21:59.34700,1933.500,2
13:21:59.51500,1933.500,7
13:21:59.62800,1933.500,1
13:22:00.03100,1933.500,18
13:22:00.19900,1933.750,62
13:22:01.00700,1933.500,3
13:22:01.17500,1933.500,84
13:22:01.39000,1933.500,18
13:22:02.54600,1933.500,2
13:22:04.10500,1933.750,20
13:22:05.50700,1933.750,244
13:22:05.75300,1933.750,1
13:22:07.34700,1933.750,1
13:22:07.83900,1933.750,1
13:22:08.44500,1933.500,2
13:22:10.25000,1933.500,1
13:22:10.46400,1933.500,6
13:22:12.58900,1933.500,2
13:22:13.60900,1933.750,13
13:22:13.96800,1933.500,5
13:22:15.34700,1933.750,2
13:22:15.66400,1933.500,1
13:22:15.93300,1933.750,1
13:22:16.23800,1933.750,14
13:22:16.42900,1933.750,1
13:22:16.86300,1933.750,1
13:22:18.43300,1933.750,2
13:22:20.61300,1933.750,1
13:22:20.87500,1933.500,274
13:22:21.78500,1933.500,1
13:22:21.81200,1933.500,1
13:22:22.04600,1933.500,1
13:22:22.17500,1933.500,1
13:22:22.46400,1933.500,2
13:22:23.34700,1933.500,1
13:22:23.49600,1933.500,1
13:22:25.88200,1933.500,1
13:22:26.19500,1933.500,2
13:22:27.06200,1933.500,2
13:22:27.61700,1933.500,5
13:22:28.14800,1933.500,1
13:22:28.64000,1933.500,11
13:22:28.73000,1933.500,14
13:22:28.82400,1933.500,1
13:22:28.95700,1933.500,30
13:22:29.03100,1933.500,1
13:22:29.78500,1933.500,31
13:22:30.59700,1933.500,4
13:22:31.35100,1933.500,1
13:22:32.21400,1933.500,27
13:22:32.66000,1933.500,1
13:22:33.64000,1933.500,1
13:22:35.39000,1933.750,70
13:22:35.41700,1933.750,86
13:22:36.92100,1933.750,1
13:22:37.53900,1933.750,31
13:22:37.83500,1933.750,24
13:22:39.35100,1933.750,1
13:22:39.57400,1933.500,10
13:22:40.18700,1933.750,1
13:22:41.48000,1933.750,2
13:22:42.19100,1933.750,4
13:22:42.62100,1933.500,1
13:22:42.72200,1933.750,2
13:22:44.85900,1933.750,143
13:22:45.07400,1933.750,2
13:22:45.12100,1933.750,2
13:22:45.91400,1934.000,1
13:22:46.00300,1934.000,1
13:22:46.52700,1934.000,2
13:22:46.90600,1934.000,12
13:22:47.09700,1934.000,1
13:22:47.34700,1934.000,7
13:22:47.70300,1934.000,7
13:22:48.08900,1933.750,2
13:22:48.37500,1934.000,3
13:22:49.29200,1934.000,31
13:22:49.38200,1934.000,1
13:22:49.64800,1934.000,1
13:22:49.82800,1933.750,1
13:22:50.40200,1934.000,1
13:22:50.50700,1934.000,1
13:22:51.38200,1934.000,10
13:22:51.78500,1934.000,1
13:22:52.38600,1934.000,1
13:22:52.76100,1934.000,4
13:22:53.26500,1934.000,1
13:22:53.62800,1934.000,1
13:22:54.00300,1934.000,1
13:22:54.33900,1934.000,3
13:22:55.34700,1934.000,1
13:22:55.40200,1934.000,1
13:22:55.51900,1934.000,1
13:22:56.24200,1933.750,118
13:22:56.26500,1933.500,574
13:22:56.42500,1933.500,41
13:22:56.73800,1933.250,15
13:22:57.52300,1933.500,1
13:22:57.95300,1933.250,6
13:22:58.05000,1933.250,144
13:22:58.45700,1933.250,109
13:22:58.47200,1933.250,14
13:22:58.47200,1933.250,21
13:22:58.89400,1933.250,1
13:22:59.24200,1933.250,3
13:22:59.39000,1933.250,2
13:22:59.42100,1933.250,4
13:22:59.81600,1933.250,108
13:22:59.81600,1933.250,30
13:23:03.35100,1933.500,32
13:23:03.88600,1933.500,6
13:23:04.90200,1933.500,1
13:23:06.55800,1933.500,1
13:23:07.51100,1933.250,1
13:23:08.15600,1933.250,1
13:23:09.26900,1933.250,11
13:23:09.90200,1933.250,380
13:23:10.11700,1933.500,1
13:23:10.48400,1933.250,1
13:23:11.13600,1933.250,45
13:23:11.34700,1933.500,2
13:23:11.91000,1933.250,1
13:23:12.28500,1933.250,2
13:23:12.74200,1933.250,1
13:23:13.35900,1933.500,180
13:23:13.41400,1933.750,2
13:23:13.88600,1933.750,1
13:23:14.20300,1933.500,5
13:23:14.86700,1933.500,5
13:23:15.48400,1933.500,1
13:23:15.87800,1933.500,1
13:23:17.11700,1933.500,1
13:23:17.92900,1933.750,102
13:23:18.26500,1933.750,4
13:23:19.39400,1934.000,6
13:23:20.31600,1934.000,1
13:23:20.81600,1933.750,1
13:23:21.05000,1934.000,1
13:23:22.02700,1934.000,1
13:23:22.95700,1934.000,2
13:23:23.18300,1934.000,2
13:23:23.34700,1934.000,1
13:23:27.34700,1934.000,1
13:23:28.57800,1934.000,1
13:23:29.25700,1934.000,1
13:23:30.28500,1934.000,4
13:23:31.51100,1934.000,1
13:23:32.96000,1933.750,189
13:23:33.32800,1933.750,5
13:23:34.06200,1934.000,1
13:23:34.25000,1933.750,10
13:23:34.41000,1933.750,12
13:23:35.03500,1933.750,1
13:23:35.35100,1934.000,1
13:23:35.69900,1933.750,2
13:23:36.58500,1934.000,1
13:23:36.91000,1934.000,1
13:23:37.09700,1934.000,1
13:23:37.26900,1933.750,10
13:23:37.41400,1933.750,26
13:23:37.59300,1934.000,1
13:23:38.71000,1933.750,1
13:23:39.44100,1933.750,51
13:23:40.12800,1933.750,1
13:23:40.87100,1934.000,1
13:23:43.34700,1934.000,2
13:23:43.78500,1934.000,1
13:23:44.21800,1933.750,1
13:23:46.01500,1934.000,204
13:23:46.01500,1934.000,296
13:23:46.03500,1933.750,176
13:23:46.69100,1933.750,2
13:23:48.31200,1933.750,1
13:23:48.77300,1933.750,1
13:23:51.34700,1933.750,1
13:23:52.93700,1933.750,5
13:23:53.80800,1933.750,93
13:23:54.39800,1933.750,1
13:23:55.01900,1933.750,1
13:23:55.40600,1933.500,2
13:23:55.72600,1933.500,2
13:23:57.14000,1933.750,16
13:23:57.19100,1933.500,2
13:23:57.38200,1933.750,1
13:23:59.34700,1933.750,2
13:23:59.58900,1933.750,76
13:23:59.97200,1933.750,5
13:24:02.63600,1933.500,3
13:24:03.23800,1933.500,9
13:24:03.38200,1933.500,1
13:24:04.29600,1933.750,1
13:24:04.96000,1933.500,1
13:24:05.35900,1933.750,1
13:24:06.69900,1933.750,1
13:24:07.34700,1933.750,2
13:24:10.22200,1933.500,162
13:24:10.33200,1933.500,19
13:24:10.51900,1933.500,16
13:24:11.19100,1933.750,7
13:24:11.94900,1933.750,93
13:24:14.24600,1933.750,81
13:24:15.39400,1934.000,6
13:24:15.76900,1933.750,526
13:24:16.03900,1934.000,1
13:24:17.21000,1934.000,1
13:24:18.28500,1934.000,1
13:24:18.85500,1934.000,70
13:24:19.35900,1934.000,4
13:24:19.83200,1934.000,112
13:24:20.42100,1934.000,1
13:24:20.49200,1934.000,5
13:24:21.48800,1934.000,1
13:24:21.64000,1933.750,2
13:24:22.55400,1934.000,6
13:24:23.08900,1934.000,2
13:24:23.34700,1934.000,1
13:24:23.93700,1934.000,1
13:24:24.51100,1934.000,2
13:24:25.47600,1934.000,5
13:24:25.95700,1934.000,1
13:24:27.94500,1933.750,1
13:24:29.08900,1933.750,114
13:24:29.09300,1933.750,38
13:24:29.32000,1933.750,4
13:24:29.62500,1933.750,4
13:24:30.38600,1933.750,1
13:24:30.89800,1933.500,159
13:24:31.01900,1933.500,30
13:24:31.34700,1933.500,2
13:24:31.55400,1933.250,2
13:24:31.80000,1933.250,411
13:24:32.46400,1933.250,177
13:24:32.88600,1933.000,4
13:24:33.23400,1933.500,26
13:24:33.88600,1933.250,4
13:24:34.19900,1933.250,1
13:24:35.15600,1933.500,3
13:24:35.67100,1933.250,2
13:24:35.89400,1933.250,2
13:24:35.97200,1933.250,1
13:24:36.16000,1933.250,1
13:24:37.96800,1933.500,3
13:24:38.46800,1933.250,4
13:24:38.85100,1933.250,9
13:24:39.34700,1933.500,1
13:24:40.30000,1933.250,1
13:24:40.69100,1933.500,1
13:24:43.50700,1933.250,98
13:24:44.52700,1933.000,332
13:24:44.61700,1932.750,6
13:24:45.43700,1933.000,42
13:24:45.87800,1932.750,2
13:24:46.30800,1933.000,1
13:24:46.44100,1933.000,2
13:24:46.55800,1932.750,1
13:24:46.70700,1932.750,2
13:24:46.82400,1932.750,1
13:24:47.24600,1933.000,28
13:24:47.34700,1933.250,1
13:24:47.53900,1933.000,1
13:24:47.87500,1933.000,1
13:24:48.07000,1933.000,1
13:24:48.25700,1933.000,71
13:24:48.34700,1933.000,15
13:24:48.66700,1933.000,1
13:24:49.67500,1933.000,1
13:24:49.88600,1932.750,2
13:24:50.21000,1932.750,1
13:24:50.51900,1932.750,1
13:24:50.57400,1933.000,3
13:24:51.03500,1932.750,2
13:24:51.75300,1932.750,2
13:24:51.91400,1933.000,3
13:24:52.50000,1933.000,5
13:24:52.83900,1933.000,1
13:24:53.52700,1933.000,89
13:24:53.63200,1933.000,1
13:24:54.19500,1933.000,3
13:24:54.64000,1933.000,1
13:24:54.91000,1933.000,3
13:24:55.39800,1933.000,6
13:24:56.89400,1933.000,1
13:24:57.35900,1933.000,1
13:24:57.54600,1933.000,1
13:24:58.50300,1933.250,5
13:24:59.24600,1933.000,1
13:24:59.74600,1933.000,1
13:25:00.57800,1933.250,9
13:25:01.15200,1933.250,1
13:25:02.55400,1933.250,1
13:25:02.91700,1933.250,5
13:25:03.34700,1933.250,2
13:25:03.60900,1933.250,315
13:25:03.92900,1933.500,52
13:25:04.09700,1933.500,35
13:25:04.31600,1933.500,43
13:25:04.76100,1933.750,2
13:25:04.83200,1933.500,45
13:25:04.93700,1933.500,2
13:25:05.08500,1933.500,9
13:25:05.18700,1933.500,3
13:25:07.25700,1933.750,2
13:25:08.81200,1933.750,1
13:25:09.60500,1933.750,10
13:25:09.92100,1933.750,1
13:25:10.39400,1933.750,2
13:25:11.35100,1933.750,4
13:25:11.44900,1933.750,4
13:25:14.05000,1933.750,1
13:25:15.58500,1933.750,2
13:25:15.69100,1933.750,1
13:25:15.87100,1933.500,1
13:25:16.15600,1933.500,1
13:25:16.27300,1933.750,1
13:25:16.66700,1933.500,5
13:25:17.14400,1933.750,3
13:25:17.36300,1933.750,11
13:25:17.92900,1933.750,4
13:25:19.18700,1933.750,42
13:25:19.34700,1934.000,1
13:25:21.10900,1933.750,1
13:25:24.20700,1933.750,5
13:25:24.35900,1934.000,11
13:25:25.71400,1934.000,6
13:25:25.92900,1933.750,2
13:25:26.10100,1934.000,1
13:25:26.26100,1934.000,1
13:25:27.21000,1934.000,1
13:25:27.34700,1934.000,1
13:25:28.60500,1933.750,52
13:25:28.82000,1933.750,1
13:25:29.16000,1933.750,1
13:25:29.69500,1933.500,101
13:25:29.77300,1933.500,4
13:25:29.84700,1933.750,2
13:25:34.97200,1933.750,27
13:25:35.34700,1933.750,1
13:25:35.81200,1933.750,10
13:25:35.86300,1933.750,10
13:25:36.34300,1933.750,11
13:25:36.58500,1933.750,1
13:25:37.11300,1934.000,6
13:25:37.45700,1934.000,1
13:25:38.55000,1934.000,1
13:25:39.37800,1934.250,626
13:25:39.37800,1934.500,134
13:25:39.37800,1934.500,3
13:25:39.37800,1934.500,25
13:25:39.37800,1934.500,31
13:25:39.37800,1934.500,36
13:25:39.37800,1934.500,50
13:25:39.39400,1934.250,70
13:25:39.56200,1934.250,38
13:25:39.69100,1934.500,1
13:25:40.00700,1934.500,7
13:25:40.10900,1934.500,4
13:25:40.13200,1934.500,1
13:25:40.33200,1934.500,118
13:25:40.46000,1934.500,158
13:25:40.62800,1934.500,6
13:25:40.64800,1934.500,2
13:25:40.75700,1934.500,1
13:25:41.14400,1934.500,4
13:25:41.29600,1934.500,2
13:25:41.62100,1934.500,2
13:25:41.83200,1934.500,5
13:25:42.07000,1934.250,1
13:25:42.37800,1934.500,1
13:25:42.64800,1934.500,10
13:25:42.87100,1934.500,2
13:25:43.08200,1934.500,4
13:25:43.35500,1934.500,3
13:25:43.73800,1934.500,4
13:25:43.89000,1934.500,1
13:25:44.17500,1934.500,13
13:25:44.34300,1934.500,4
13:25:44.80000,1934.500,1
13:25:44.94100,1934.500,1
13:25:45.19100,1934.500,1
13:25:45.40200,1934.500,1
13:25:45.62500,1934.500,1
13:25:45.96400,1934.500,2
13:25:46.35900,1934.250,1
13:25:46.77700,1934.500,1
13:25:47.37800,1934.250,1
13:25:47.89800,1934.250,1
13:25:48.30800,1934.500,1
13:25:49.91700,1934.500,3
13:25:50.27700,1934.250,1
13:25:50.37500,1934.500,8
13:25:50.45300,1934.000,490
13:25:50.62500,1933.750,72
13:25:50.62800,1933.500,112
13:25:51.01500,1933.750,7
13:25:51.34700,1933.750,2
13:25:51.67100,1933.750,93
13:25:51.71800,1934.000,108
13:25:52.48000,1934.000,16
13:25:52.66400,1934.000,1
13:25:53.53100,1934.000,1
13:25:53.80000,1933.750,1
13:25:54.68700,1934.000,5
13:25:55.66700,1934.000,63
13:25:56.07800,1934.000,1
13:25:56.38200,1934.000,83
13:25:56.43700,1933.750,1
13:25:56.92100,1934.000,25
13:25:57.50300,1934.000,27
13:25:57.88600,1934.000,21
13:25:58.36300,1934.000,1
13:25:59.34700,1934.000,1
13:26:01.76100,1934.000,51
13:26:02.25700,1934.000,2
13:26:02.94900,1934.000,106
13:26:03.19900,1934.000,49
13:26:03.42900,1934.000,2
13:26:04.03500,1934.000,1
13:26:04.36700,1934.000,1
13:26:05.03500,1934.000,10
13:26:05.76500,1934.000,2
13:26:06.08200,1934.000,1
13:26:06.57000,1934.000,1
13:26:07.34700,1934.000,1
13:26:12.66000,1934.000,25
13:26:13.64400,1933.750,117
13:26:14.17900,1933.750,10
13:26:14.27300,1933.750,1
13:26:14.75700,1933.250,456
13:26:14.76500,1933.250,140
13:26:14.96800,1933.250,1
13:26:15.34700,1933.500,1
13:26:15.64800,1933.250,4
13:26:15.82800,1933.250,6
13:26:16.11700,1933.500,14
13:26:17.29600,1933.500,1
13:26:17.57000,1933.250,2
13:26:18.06600,1933.500,30
13:26:18.28900,1933.500,1
13:26:18.56200,1933.250,1
13:26:19.07800,1933.500,113
13:26:20.26900,1933.500,9
13:26:20.80000,1933.500,53
13:26:21.00000,1933.500,2
13:26:21.94100,1933.500,1
13:26:23.34700,1933.750,1
13:26:24.07000,1933.750,2
13:26:24.40600,1933.500,63
13:26:24.60500,1933.500,8
13:26:24.68300,1933.750,48
13:26:24.87500,1933.500,57
13:26:25.94500,1933.250,2
13:26:27.70300,1933.500,195
13:26:28.35500,1933.500,17
13:26:29.07000,1933.750,1
13:26:30.23800,1933.500,1
13:26:30.62500,1933.750,79
13:26:31.34700,1934.000,1
13:26:33.00700,1934.000,1
13:26:34.14000,1934.000,15
13:26:34.46000,1934.000,9
13:26:36.16700,1934.000,3
13:26:37.12500,1933.750,2
13:26:38.01900,1933.750,3
13:26:39.34700,1934.000,1
13:26:40.28500,1934.000,5
13:26:41.51500,1933.750,1
13:26:42.03100,1934.000,140
13:26:45.32800,1933.750,1
13:26:45.72200,1933.750,1
13:26:46.27700,1933.750,2
13:26:46.42100,1933.750,2
13:26:47.34700,1934.000,1
13:26:47.76500,1934.000,27
13:26:48.19100,1934.000,75
13:26:48.80400,1934.000,13
13:26:49.09300,1934.000,10
13:26:51.39000,1934.000,13
13:26:53.64000,1933.750,1
13:26:55.34700,1934.000,1
13:26:56.25300,1933.750,1
13:26:59.20300,1933.750,3
13:26:59.64800,1933.750,105
13:27:00.02700,1933.750,54
13:27:01.36300,1933.500,35
13:27:02.24200,1933.750,2
13:27:03.34700,1934.000,2
13:27:03.51900,1933.750,1
13:27:05.64400,1933.750,2
13:27:06.94100,1934.000,108
13:27:09.08200,1934.250,10
13:27:09.21000,1934.000,1
13:27:11.34700,1934.250,2
13:27:11.72600,1934.250,1
13:27:12.35100,1934.750,1487
13:27:12.35100,1934.500,122
13:27:12.35100,1934.500,134
13:27:12.43700,1934.750,92
13:27:12.60500,1934.750,4
13:27:12.89000,1934.750,1
13:27:13.04200,1934.500,2
13:27:13.18700,1934.750,147
13:27:13.29600,1934.750,259
13:27:13.34300,1934.500,7
13:27:13.48800,1934.750,14
13:27:13.66700,1934.750,1
13:27:14.23000,1934.750,1
13:27:14.33200,1934.750,1
13:27:14.68300,1934.750,1
13:27:14.90200,1934.750,2
13:27:15.04600,1934.750,3
13:27:15.24600,1934.750,1
13:27:15.44100,1934.750,1
13:27:15.51900,1934.750,58
13:27:15.67500,1934.750,81
13:27:15.71000,1934.750,39
13:27:15.87800,1934.750,130
13:27:16.15600,1934.750,145
13:27:16.45300,1934.750,21
13:27:16.46800,1934.750,5
13:27:16.53500,1935.000,10
13:27:16.95700,1934.750,3
13:27:17.03100,1934.750,2
13:27:17.05400,1935.000,1
13:27:17.36300,1934.750,203
13:27:17.41400,1934.750,2
13:27:17.53500,1935.000,7
13:27:17.80000,1934.750,385
13:27:17.89400,1934.750,2
13:27:18.16700,1934.750,1
13:27:18.34700,1935.000,204
13:27:18.38600,1934.750,245
13:27:18.61700,1934.750,81
13:27:18.77700,1935.000,1
13:27:18.82800,1934.750,14
13:27:19.34300,1935.000,1
13:27:19.89800,1935.000,2
13:27:20.17500,1934.750,2
13:27:21.04200,1935.000,3
13:27:21.31600,1935.000,3
13:27:22.07800,1935.000,6
13:27:22.54600,1934.750,1
13:27:22.77700,1935.000,5
13:27:23.14400,1935.000,6
13:27:23.42500,1934.750,1
13:27:23.51500,1934.750,1
13:27:24.06600,1934.750,1
13:27:24.41700,1935.000,1
13:27:26.17100,1934.500,168
13:27:26.29200,1934.500,1
13:27:26.71800,1934.750,1
13:27:27.34700,1934.750,2
13:27:27.60500,1934.500,1
13:27:27.94500,1934.750,3
13:27:28.70700,1934.500,1
13:27:29.74600,1934.750,4
13:27:30.53100,1934.750,10
13:27:31.29200,1934.500,3
13:27:31.62500,1934.750,1
13:27:32.59300,1934.750,1
13:27:32.85500,1934.750,1
13:27:33.81600,1934.500,7
13:27:34.57800,1934.750,3
13:27:34.85100,1934.750,3
13:27:35.22600,1934.750,1
13:27:35.34700,1934.750,1
13:27:36.18300,1934.500,1
13:27:36.56600,1934.750,90
13:27:36.83200,1934.750,1
13:27:37.11700,1934.500,1
13:27:37.19900,1934.500,1
13:27:37.71800,1934.750,1
13:27:39.55000,1934.500,2
13:27:39.87500,1934.500,3
13:27:41.11300,1934.500,358
13:27:41.40200,1934.500,1
13:27:41.78900,1934.500,381
13:27:41.85500,1934.500,1
13:27:42.33900,1934.750,1
13:27:42.73400,1934.500,65
13:27:43.34700,1934.750,1
13:27:44.14800,1934.750,5
13:27:44.88600,1934.500,37
13:27:45.55000,1934.750,1
13:27:46.00700,1934.500,58
13:27:46.04600,1934.500,50
13:27:46.44100,1934.500,1
13:27:46.76100,1934.500,4
13:27:47.03100,1934.500,1
13:27:48.60500,1934.500,1
13:27:48.66700,1934.750,4
13:27:49.07800,1934.500,3
13:27:50.95700,1934.500,1
13:27:51.34300,1934.750,2
13:27:52.87500,1934.500,875
13:27:53.00000,1934.500,20
13:27:53.20700,1934.750,51
13:27:53.65600,1934.500,41
13:27:54.09300,1934.500,31
13:27:54.38200,1934.500,1
13:27:54.62100,1934.500,1
13:27:56.78500,1934.250,159
13:27:58.06200,1934.250,15
13:27:58.37800,1934.250,1
13:27:58.50700,1934.250,133
13:27:58.51100,1934.250,115
13:27:58.51100,1934.250,14
13:27:59.15600,1934.250,2
13:27:59.34700,1934.500,1
13:28:00.04600,1934.500,127
13:28:00.45700,1934.500,3
13:28:01.15200,1934.500,68
13:28:01.47200,1934.500,10
13:28:01.53500,1934.500,1
13:28:02.59700,1934.500,12
13:28:02.64400,1934.500,11
13:28:02.96800,1934.500,1
13:28:04.87500,1934.500,1
13:28:05.30400,1934.500,1
13:28:05.94100,1934.500,91
13:28:06.32800,1934.500,1
13:28:07.25000,1934.500,17
13:28:07.34700,1934.750,1
13:28:09.21800,1934.500,1
13:28:09.57000,1934.500,46
13:28:11.33900,1934.500,1
13:28:11.58900,1934.750,3
13:28:14.00000,1934.500,2
13:28:15.34700,1934.750,2
13:28:15.60500,1934.750,125
13:28:15.60500,1934.750,25
13:28:16.47200,1934.750,111
13:28:17.57400,1934.500,2
13:28:17.83900,1934.500,1
13:28:18.67500,1934.750,20
13:28:19.30000,1934.500,243
13:28:19.42100,1934.500,35
13:28:19.62500,1934.500,2
13:28:19.84300,1934.500,12
13:28:20.48000,1934.500,21
13:28:21.13600,1934.500,5
13:28:21.81600,1934.500,2
13:28:23.19900,1934.500,37
13:28:23.34700,1934.500,2
13:28:24.57800,1934.500,1
13:28:24.91000,1934.500,6
13:28:25.59700,1934.500,2
13:28:25.90600,1934.500,1
13:28:26.29600,1934.500,5
13:28:26.55800,1934.500,15
13:28:26.70700,1934.500,38
13:28:27.32000,1934.250,2
13:28:28.19900,1934.500,2
13:28:28.54600,1934.500,6
13:28:28.74600,1934.500,16
13:28:30.45300,1934.500,1
13:28:31.34700,1934.500,1
13:28:31.78900,1934.500,24
13:28:32.34300,1934.500,10
13:28:32.58200,1934.500,6
13:28:34.66000,1934.500,86
13:28:34.91700,1934.500,5
13:28:35.08500,1934.500,5
13:28:35.35100,1934.500,14
13:28:37.78100,1934.500,1
13:28:38.54200,1934.500,1
13:28:38.79600,1934.750,1
13:28:39.34700,1934.750,1
13:28:41.02700,1934.750,1
13:28:41.70700,1934.500,1
13:28:41.88600,1934.750,1
13:28:42.45300,1934.750,1
13:28:43.45300,1934.750,10
13:28:46.35100,1934.750,78
13:28:46.47600,1934.500,9
13:28:47.34700,1934.750,1
13:28:48.18700,1934.750,4
13:28:48.62800,1934.750,1
13:28:50.64800,1934.750,1
13:28:50.96800,1934.750,190
13:28:51.30000,1935.000,1
13:28:51.62100,1934.750,4
13:28:52.26500,1935.000,53
13:28:53.01100,1934.750,11
13:28:53.80800,1934.750,14
13:28:54.73400,1934.750,14
13:28:55.07400,1934.750,3
13:28:55.34300,1935.000,2
13:28:56.74600,1934.750,1
13:28:57.31200,1935.000,1
13:28:57.87500,1935.000,3
13:28:58.57400,1934.750,1
13:28:58.67100,1934.750,1
13:28:58.91400,1934.750,3
13:28:58.96000,1934.500,1
13:29:00.77700,1934.500,9
13:29:01.32000,1934.750,6
13:29:03.34700,1934.750,2
13:29:04.57800,1934.750,1
13:29:05.58900,1934.750,7
13:29:07.58900,1934.500,1
13:29:07.75300,1934.500,1
13:29:08.04200,1934.500,1
13:29:09.08900,1934.750,48
13:29:09.58200,1934.750,2
13:29:09.76900,1934.500,6
13:29:10.13200,1934.500,2
13:29:10.59300,1934.750,1
13:29:11.44500,1934.750,29
13:29:11.96400,1934.750,1
13:29:12.50700,1934.750,41
13:29:12.87500,1935.000,1
13:29:13.23400,1934.750,14
13:29:13.30000,1934.750,19
13:29:13.42900,1934.500,101
13:29:13.64800,1934.750,1
13:29:15.70300,1934.750,3
13:29:16.51100,1934.500,110
13:29:17.01100,1934.500,5
13:29:17.33200,1934.500,2
13:29:19.15200,1934.750,577
13:29:19.22600,1934.750,9
13:29:19.34300,1934.750,1
13:29:21.64800,1934.750,6
13:29:21.87500,1934.750,1
13:29:24.60500,1934.750,1
13:29:24.73400,1934.750,1
13:29:26.77700,1935.000,2
13:29:26.90600,1934.750,1
13:29:27.04600,1935.000,1
13:29:27.39400,1934.750,4
13:29:27.55000,1935.000,1
13:29:27.87100,1935.000,1
13:29:28.41400,1935.000,1
13:29:29.00700,1935.000,1
13:29:29.38600,1934.750,2
13:29:30.13200,1935.000,1
13:29:30.77700,1935.000,1
13:29:31.38200,1935.000,6
13:29:31.68300,1935.000,317
13:29:32.28100,1935.000,74
13:29:32.37500,1935.000,173
13:29:32.43700,1935.000,11
13:29:35.50700,1935.000,1
13:29:36.72200,1935.000,8
13:29:38.12100,1935.000,95
13:29:38.12500,1935.000,17
13:29:40.18300,1935.000,1
13:29:42.72200,1935.000,1
13:29:43.43300,1934.750,53
13:29:44.47200,1934.750,141
13:29:45.15600,1934.750,2
13:29:45.43300,1934.750,52
13:29:46.28900,1934.750,1
13:29:46.88600,1934.750,82
13:29:46.93300,1935.000,75
13:29:47.36300,1934.750,1
13:29:48.33200,1934.750,1
13:29:50.41400,1935.000,1
13:29:51.55400,1935.000,4
13:29:52.85500,1934.750,1
13:29:53.32800,1934.750,1
13:29:53.45300,1934.750,1
13:29:55.91000,1935.000,25
13:29:57.51500,1935.000,1
13:29:57.76500,1934.750,3
13:29:59.01500,1935.000,108
13:29:59.04600,1935.000,1
13:29:59.32400,1934.750,1
13:30:00.62800,1934.750,3
13:30:00.87500,1935.000,3
13:30:01.68300,1935.000,1
13:30:01.87800,1935.000,1
13:30:02.05400,1934.750,3
13:30:02.75300,1934.750,138
13:30:02.75700,1934.750,30
13:30:03.14800,1935.000,1
13:30:03.33200,1935.000,1
13:30:04.76500,1934.750,10
13:30:05.22200,1934.750,42
13:30:06.00000,1934.750,26
13:30:06.50000,1934.750,1
13:30:07.49600,1934.750,17
13:30:07.61700,1934.750,10
13:30:08.22200,1934.750,43
13:30:09.62800,1934.750,13
13:30:10.14400,1934.750,9
13:30:10.45700,1934.750,1
13:30:10.70300,1934.750,4
13:30:11.14400,1934.750,2
13:30:13.10100,1934.750,106
13:30:14.32400,1934.500,1
13:30:14.42100,1934.500,10
13:30:15.37800,1934.500,1
13:30:16.85900,1934.750,1
13:30:17.31600,1934.750,1
13:30:18.73800,1934.750,1
13:30:18.94900,1934.750,59
13:30:19.21400,1934.750,1
13:30:19.70700,1934.750,1
13:30:20.68300,1935.000,450
13:30:20.79200,1934.750,9
13:30:20.91700,1935.000,2
13:30:21.01100,1934.750,2
13:30:21.67100,1934.750,5
13:30:21.76100,1935.000,1
13:30:22.28900,1935.000,121
13:30:22.39000,1935.000,1
13:30:22.48400,1935.000,1
13:30:22.77300,1935.000,1
13:30:23.07000,1935.000,2
13:30:23.31200,1935.000,57
13:30:23.38600,1935.000,19
13:30:23.48800,1935.000,4
13:30:25.24200,1935.250,5
13:30:25.68300,1935.000,86
13:30:25.73400,1935.000,10
13:30:26.10500,1935.000,24
13:30:26.13600,1935.000,3
13:30:27.37800,1935.000,72
13:30:27.41000,1935.000,4
13:30:27.55000,1935.000,3
13:30:28.48800,1935.000,3
13:30:28.55400,1935.000,5
13:30:28.67900,1935.000,1
13:30:29.43300,1935.000,7
13:30:29.53100,1934.750,1
13:30:29.70700,1934.750,12
13:30:30.09300,1935.250,162
13:30:30.14000,1935.000,235
13:30:31.75700,1935.000,11
13:30:32.41700,1934.750,1
13:30:33.72200,1935.000,1
13:30:34.39000,1934.750,171
13:30:34.92900,1934.750,56
13:30:37.19100,1935.000,6
13:30:37.34300,1934.750,1
13:30:39.12800,1935.000,6
13:30:39.25700,1935.000,96
13:30:39.35900,1935.000,4
13:30:39.55000,1935.000,3
13:30:39.93700,1935.250,31
13:30:40.08900,1935.250,2
13:30:40.23400,1935.250,7
13:30:40.24600,1935.250,2
13:30:40.36700,1935.000,2
13:30:40.53500,1935.000,4
13:30:41.01100,1935.250,6
13:30:41.04600,1935.250,4
13:30:41.32000,1935.250,1
13:30:41.53100,1935.000,4
13:30:41.93300,1935.500,475
13:30:42.01900,1935.500,5
13:30:42.19500,1935.250,1
13:30:42.38200,1935.250,3
13:30:42.52300,1935.250,256
13:30:42.65200,1935.500,8
13:30:42.92900,1935.250,125
13:30:43.29200,1935.250,1
13:30:43.48400,1935.500,2
13:30:43.85500,1935.500,1
13:30:45.34300,1935.500,10
13:30:45.46000,1935.250,1
13:30:45.94100,1935.500,1
13:30:46.35900,1935.500,1
13:30:46.79200,1935.250,1
13:30:47.08500,1935.500,1
13:30:48.66400,1935.500,6
13:30:49.45300,1935.500,2
13:30:50.61300,1935.500,391
13:30:50.96000,1935.750,12
13:30:51.30000,1935.750,82
13:30:51.35900,1935.500,2
13:30:51.73000,1935.750,574
13:30:51.81600,1935.750,7
13:30:52.33500,1935.750,11
13:30:52.46000,1935.750,2
13:30:52.78500,1935.750,1
13:30:52.88600,1935.750,233
13:30:52.96800,1935.750,1
13:30:53.26500,1935.500,1
13:30:53.58900,1935.750,1
13:30:53.66700,1935.750,2
13:30:53.73800,1935.750,1
13:30:54.00000,1935.750,122
13:30:54.03100,1935.500,33
13:30:54.44500,1935.500,1
13:30:54.60100,1935.500,1
13:30:55.10100,1935.750,54
13:30:55.24600,1935.750,1
13:30:55.84300,1935.750,63
13:30:55.95700,1935.750,10
13:30:56.26100,1935.750,15
13:30:56.85100,1935.500,26
13:30:57.28100,1935.750,87
13:30:58.03500,1935.750,1
13:30:58.49200,1935.500,90
13:30:58.91000,1935.750,6
13:30:59.10900,1935.750,1
13:30:59.42500,1935.750,51
13:31:00.20300,1935.500,4
13:31:01.12100,1935.750,2
13:31:01.25700,1935.500,1
13:31:03.64400,1935.500,387
13:31:03.66000,1935.500,1
13:31:03.82000,1935.500,48
13:31:04.38600,1935.750,50
13:31:04.53100,1935.500,1
13:31:04.77300,1935.500,2
13:31:05.06200,1935.500,1
13:31:05.28900,1935.500,2
13:31:05.39400,1935.750,1
13:31:05.81600,1935.750,10
13:31:08.11700,1935.750,2
13:31:08.59300,1935.750,1
13:31:08.79600,1935.750,61
13:31:09.15200,1935.750,10
13:31:09.40200,1935.500,2
13:31:09.75000,1935.750,2
13:31:10.05000,1935.750,4
13:31:10.71800,1935.750,30
13:31:10.77700,1935.750,14
13:31:11.28100,1935.750,4
13:31:12.41400,1935.750,1
13:31:14.59700,1935.750,53
13:31:15.01500,1935.500,5
13:31:15.28900,1935.750,171
13:31:15.39400,1936.000,171
13:31:15.45300,1935.750,62
13:31:15.80000,1935.750,19
13:31:16.18700,1935.750,1
13:31:16.61300,1935.750,5
13:31:17.68700,1935.750,73
13:31:17.83900,1935.750,1
13:31:18.03500,1935.750,1
13:31:18.21400,1935.750,1
13:31:18.69100,1935.500,2
13:31:18.86700,1935.750,1
13:31:19.05000,1935.750,5
13:31:19.34700,1935.750,1
13:31:20.45300,1935.750,1
13:31:21.06200,1935.750,1
13:31:25.12500,1935.500,2
13:31:27.16400,1935.500,4
13:31:28.73000,1935.500,1
13:31:29.01900,1935.750,4
13:31:29.26900,1935.500,1
13:31:29.48800,1935.500,2
13:31:31.28500,1935.500,2
13:31:31.37500,1935.750,51
13:31:31.50000,1935.750,156
13:31:32.33900,1935.750,43
13:31:32.57800,1935.750,1
13:31:32.76500,1935.750,1
13:31:33.20300,1935.750,93
13:31:34.09300,1935.750,1
13:31:34.34300,1935.750,42
13:31:34.48800,1935.750,13
13:31:34.72600,1935.500,1
13:31:35.19100,1935.750,2
13:31:37.07800,1935.750,1
13:31:38.17900,1935.750,1
13:31:39.52300,1935.750,1
13:31:39.68300,1935.500,1
13:31:40.67500,1935.500,247
13:31:40.67900,1935.500,3
13:31:41.35900,1935.500,5
13:31:42.35100,1935.500,74
13:31:43.11300,1935.500,1
13:31:43.63200,1935.500,20
13:31:43.78500,1935.500,51
13:31:44.21000,1935.500,1
13:31:44.53100,1935.750,1
13:31:45.17500,1935.500,1
13:31:45.73800,1935.500,1
13:31:46.20300,1935.500,1
13:31:47.76500,1935.750,7
13:31:48.69100,1935.750,104
13:31:48.74200,1935.750,22
13:31:49.30400,1935.500,1
13:31:50.85900,1935.750,1
13:31:51.05000,1935.500,2
13:31:52.62100,1935.750,136
13:31:53.23000,1935.500,1
13:31:54.43300,1935.500,1
13:31:54.51900,1935.500,55
13:31:54.94900,1935.500,11
13:31:55.53500,1935.500,78
13:31:55.65200,1935.500,1
13:31:56.16700,1935.750,5
13:31:57.19500,1935.500,2
13:31:58.01500,1935.500,1
13:31:58.54600,1935.500,9
13:32:00.08900,1935.750,31
13:32:00.19100,1935.750,2
13:32:01.91000,1935.750,1
13:32:02.35500,1935.750,1
13:32:02.71000,1935.750,19
13:32:02.85500,1935.750,195
13:32:03.12100,1935.750,1
13:32:03.38600,1935.750,1
13:32:03.73400,1935.500,2
13:32:05.88600,1935.750,1
13:32:06.08200,1935.750,1
13:32:06.71800,1935.750,1
13:32:08.19900,1935.750,2
13:32:09.25700,1935.750,1
13:32:10.23000,1935.750,33
13:32:10.41000,1935.750,49
13:32:10.53900,1936.000,24
13:32:10.79200,1935.750,17
13:32:10.92500,1935.750,19
13:32:11.01500,1936.000,4
13:32:11.11700,1935.750,15
13:32:12.22600,1935.750,23
13:32:12.40200,1935.750,6
13:32:14.79600,1935.750,1
13:32:15.35900,1935.750,2
13:32:15.66400,1935.750,71
13:32:15.80400,1936.000,30
13:32:16.26900,1935.750,73
13:32:16.82000,1935.750,84
13:32:16.82000,1935.750,16
13:32:18.42100,1936.000,3
13:32:18.87500,1936.000,3
13:32:19.28900,1935.750,4
13:32:19.47200,1936.000,2
13:32:20.30400,1936.000,1
13:32:20.43300,1936.000,2
13:32:20.61300,1935.750,278
13:32:23.71000,1935.750,1
13:32:24.75300,1935.750,101
13:32:26.39400,1935.750,81
13:32:26.70300,1935.750,7
13:32:27.19100,1936.000,2
13:32:27.60100,1935.750,13
13:32:28.29200,1935.750,3
13:32:28.81200,1936.000,1
13:32:29.21400,1935.750,3
13:32:30.03500,1936.000,1
13:32:31.36700,1936.000,4
13:32:32.87100,1935.750,1
13:32:33.62500,1936.000,1
13:32:34.67100,1935.750,1
13:32:35.50300,1935.750,16
13:32:35.79200,1935.750,2
13:32:36.56600,1935.750,4
13:32:36.84700,1935.750,1
13:32:37.24600,1936.000,1
13:32:38.23400,1936.000,641
13:32:38.94100,1936.250,264
13:32:38.96800,1936.250,242
13:32:39.07000,1936.250,2
13:32:39.29200,1936.000,12
13:32:39.33900,1936.000,5
13:32:39.43700,1936.000,3
13:32:39.51900,1936.000,2
13:32:39.97200,1936.250,5
13:32:40.20300,1936.250,1
13:32:40.31200,1936.250,3
13:32:40.38600,1936.000,1
13:32:40.80400,1936.250,3
13:32:40.92100,1936.250,80
13:32:41.07000,1936.250,11
13:32:41.20300,1936.250,40
13:32:41.33200,1936.250,5
13:32:41.43700,1936.250,22
13:32:41.53900,1936.250,2
13:32:41.60100,1936.250,1
13:32:41.73800,1936.250,3
13:32:41.94900,1936.000,3
13:32:42.17500,1936.500,160
13:32:42.44500,1936.500,1
13:32:42.88200,1936.250,1
13:32:43.03100,1936.000,3
13:32:43.12800,1936.250,1
13:32:43.19500,1936.250,2
13:32:43.39800,1936.250,1
13:32:43.52700,1936.000,1
13:32:43.63200,1936.250,1
13:32:44.01500,1936.250,4
13:32:44.13200,1936.000,7
13:32:44.56600,1936.250,3
13:32:44.78900,1936.000,1
13:32:45.51900,1936.000,6
13:32:45.69100,1936.250,5
13:32:46.18300,1936.250,5
13:32:46.48800,1936.250,3
13:32:47.17100,1936.250,1
13:32:47.50700,1936.250,1
13:32:48.18300,1936.250,75
13:32:48.55400,1936.250,15
13:32:48.87100,1936.250,1
13:32:48.96800,1936.250,53
13:32:49.23000,1936.250,1
13:32:49.76100,1936.250,11
13:32:50.14800,1936.250,5
13:32:50.45700,1936.250,1
13:32:50.69100,1936.250,1
13:32:51.50300,1936.250,3
13:32:52.01900,1936.250,1
13:32:52.40600,1936.250,1
13:32:53.06200,1936.500,528
13:32:53.43300,1936.250,253
13:32:53.48000,1936.250,1
13:32:53.61700,1936.250,10
13:32:53.78500,1936.250,3
13:32:54.00700,1936.250,1
13:32:54.18300,1936.250,1
13:32:54.30400,1936.250,1
13:32:55.40600,1936.000,1
13:32:55.70300,1936.250,1
13:32:56.89800,1936.000,1
13:32:58.27700,1936.000,286
13:32:59.26900,1936.000,1
13:33:00.33900,1935.750,267
13:33:00.46800,1935.500,98
13:33:00.53900,1935.500,1
13:33:01.20700,1935.500,14
13:33:01.40600,1935.500,1
13:33:01.87800,1935.750,2
13:33:01.94500,1935.500,1
13:33:02.83900,1935.500,1
13:33:03.32400,1935.750,2
13:33:04.34700,1935.750,4
13:33:05.42500,1935.500,1
13:33:05.90200,1935.500,1
13:33:06.17900,1935.500,1
13:33:06.45700,1935.500,1
13:33:08.32000,1935.500,2
13:33:08.82800,1935.500,1
13:33:09.16000,1935.500,1
13:33:09.40200,1935.500,10
13:33:10.58200,1935.500,1
13:33:10.74200,1935.750,5
13:33:11.09700,1935.500,2
13:33:11.87100,1935.500,1
13:33:12.25000,1935.500,1
13:33:12.88600,1935.500,7
13:33:13.75300,1935.500,1
13:33:13.89800,1935.750,1
13:33:14.01500,1935.500,1
13:33:14.64400,1935.500,1
13:33:14.90200,1935.750,32
13:33:15.41400,1935.500,1
13:33:15.69900,1935.500,1
13:33:16.19100,1935.750,5
13:33:17.76100,1935.750,21
13:33:18.84700,1935.500,1
13:33:19.02700,1935.500,1
13:33:19.33500,1935.500,2
13:33:20.71800,1935.500,3
13:33:22.10500,1935.500,12
13:33:22.21000,1935.750,1
13:33:22.75000,1935.500,2
13:33:27.01100,1935.500,214
13:33:27.51500,1935.500,32
13:33:27.97200,1935.500,1
13:33:28.40600,1935.500,1
13:33:28.77700,1935.500,26
13:33:29.12800,1935.500,31
13:33:29.52700,1935.500,55
13:33:29.80400,1935.500,1
13:33:30.54600,1935.250,7
13:33:31.48400,1935.250,10
13:33:31.91700,1935.250,1
13:33:32.27300,1935.250,1
13:33:32.37100,1935.250,2
13:33:33.50000,1935.250,1
13:33:33.70300,1935.250,2
13:33:34.46800,1935.500,66
13:33:34.75000,1935.250,4
13:33:35.46000,1935.250,1
13:33:35.81600,1935.500,3
13:33:36.31600,1935.250,4
13:33:37.54600,1935.250,1
13:33:38.65200,1935.250,1
13:33:39.33200,1935.500,150
13:33:39.42500,1935.500,155
13:33:39.83200,1935.250,1
13:33:40.84700,1935.250,2
13:33:40.91700,1935.250,1
13:33:41.45700,1935.250,1
13:33:41.88200,1935.250,1
13:33:42.32400,1935.250,3
13:33:42.46400,1935.500,4
13:33:42.93300,1935.250,13
13:33:44.03500,1935.250,1
13:33:44.25300,1935.500,121
13:33:44.33900,1935.500,21
13:33:44.57400,1935.500,20
13:33:44.67500,1935.500,2
13:33:44.84300,1935.500,18
13:33:45.32400,1935.250,1
13:33:47.26500,1935.500,34
13:33:47.52300,1935.500,2
13:33:49.02700,1935.500,4
13:33:49.32800,1935.500,2
13:33:49.62100,1935.500,1
13:33:50.43300,1935.750,95
13:33:50.77300,1935.750,31
13:33:51.22600,1935.750,22
13:33:51.28500,1935.750,10
13:33:51.44100,1935.750,33
13:33:51.76100,1935.750,7
13:33:51.80800,1935.750,3
13:33:51.91000,1935.750,8
13:33:53.22600,1935.500,1
13:33:53.88200,1935.750,8
13:33:54.61300,1935.500,1
13:33:55.51500,1935.500,79
13:33:55.53500,1935.500,59
13:33:55.81200,1935.750,1
13:33:56.40200,1935.500,1
13:33:58.16400,1935.500,2
13:33:59.41400,1935.750,4
13:33:59.74200,1935.500,120
13:33:59.87100,1935.500,10
13:34:01.20700,1935.750,2
13:34:01.94900,1935.500,10
13:34:02.14800,1935.750,6
13:34:02.73400,1935.500,6
13:34:02.81600,1935.500,1
13:34:03.10100,1935.750,4
13:34:03.59300,1935.750,10
13:34:03.67900,1935.750,129
13:34:04.68700,1935.750,6
13:34:05.89800,1935.750,15
13:34:06.53100,1935.750,1
13:34:06.69900,1935.750,1
13:34:07.18300,1935.500,1
13:34:08.18300,1935.500,1
13:34:11.59700,1935.750,71
13:34:11.70300,1935.750,1
13:34:13.68700,1936.000,3
13:34:14.26100,1935.750,1
13:34:15.96000,1936.000,1
13:34:17.32800,1935.750,6
13:34:17.76100,1936.000,3
13:34:18.05400,1936.000,1
13:34:18.67900,1935.750,1
13:34:21.83200,1935.750,3
13:34:22.49200,1935.750,92
13:34:22.59300,1935.750,19
13:34:24.14800,1935.750,104
13:34:24.34700,1935.750,53
13:34:24.50300,1935.750,20
13:34:26.19100,1935.750,162
13:34:26.47200,1936.000,15
13:34:32.16400,1935.750,2
13:34:33.74600,1935.750,2
13:34:34.04200,1936.000,1
13:34:34.42100,1935.750,1
13:34:36.07000,1935.750,1
13:34:36.89800,1936.000,2
13:34:37.92900,1936.000,3
13:34:38.19900,1935.750,1
13:34:39.42500,1935.750,1
13:34:39.60900,1935.750,2
13:34:41.84300,1935.750,167
13:34:42.01500,1935.750,67
13:34:42.69900,1935.750,50
13:34:43.16000,1935.750,1
13:34:44.20300,1935.750,2
13:34:44.85900,1935.750,1
13:34:46.27700,1935.750,1
13:34:47.53100,1936.000,2
13:34:47.69500,1936.000,267
13:34:47.76900,1936.000,27
13:34:49.22600,1935.750,2
13:34:50.28100,1935.750,31
13:34:51.28500,1936.000,20
13:34:52.91700,1936.000,28
13:34:53.15600,1936.250,8
13:34:53.32800,1936.000,14
13:34:53.62100,1936.000,16
13:34:53.63200,1936.000,8
13:34:54.14400,1935.750,1
13:34:54.29200,1935.750,1
13:34:56.20700,1935.750,5
13:34:56.80400,1935.750,1
13:34:57.64400,1935.750,10
13:34:58.36300,1936.000,155
13:34:59.01100,1935.750,1
13:34:59.23400,1936.000,35
13:34:59.26500,1936.000,26
13:34:59.81600,1936.000,1
13:35:01.14800,1936.000,3
13:35:01.49200,1936.000,242
13:35:01.70300,1936.000,2
13:35:03.31200,1936.000,11
13:35:05.11700,1936.000,1
13:35:08.24600,1935.750,1
13:35:08.67500,1936.000,1
13:35:12.24200,1935.750,4
13:35:15.05000,1935.750,1
13:35:17.00000,1936.000,33
13:35:17.27700,1936.000,1
13:35:17.43700,1936.000,2
13:35:17.55000,1936.000,70
13:35:17.57800,1936.000,31
13:35:17.92100,1935.750,1
13:35:18.38200,1935.750,1
13:35:21.26900,1936.000,1
13:35:21.66000,1935.750,1
13:35:22.15200,1935.750,2
13:35:22.73000,1935.750,284
13:35:22.73000,1935.750,1
13:35:25.06200,1935.750,2
13:35:25.75300,1935.750,54
13:35:26.05000,1935.750,6
13:35:28.26500,1936.000,121
13:35:28.94100,1935.750,3
13:35:29.46000,1935.750,1
13:35:31.35900,1935.750,1
13:35:33.69500,1935.750,5
13:35:34.74600,1936.000,1
13:35:35.50700,1935.750,103
13:35:38.12100,1935.750,1
13:35:39.26500,1935.750,1
13:35:39.52700,1935.750,1
13:35:39.80800,1935.750,1
13:35:40.90600,1936.000,1
13:35:41.15600,1935.750,1
13:35:41.83200,1935.750,8
13:35:42.09300,1935.750,1
13:35:43.71000,1936.000,1
13:35:45.93700,1935.750,143
13:35:45.94900,1935.750,1
13:35:47.02700,1935.750,1
13:35:47.73800,1935.750,2
13:35:48.42900,1935.750,1
13:35:48.86300,1935.750,196
13:35:49.10100,1935.750,1
13:35:49.30800,1935.750,100
13:35:49.94100,1935.750,1
13:35:51.02700,1935.750,102
13:35:53.10100,1936.000,319
13:35:53.20300,1936.000,1
13:35:53.49200,1936.000,59
13:35:53.87100,1936.000,9
13:35:55.44900,1936.250,1
13:35:55.92900,1936.000,2
13:35:56.56200,1936.000,61
13:35:57.00300,1936.000,58
13:35:57.75000,1936.000,2
13:35:57.85500,1936.000,7
13:35:58.19900,1936.000,1
13:35:59.77700,1936.000,1
13:35:59.97200,1936.000,5
13:36:00.44500,1935.750,2
13:36:02.07800,1936.000,1
13:36:03.59300,1935.750,1
13:36:03.83900,1935.750,2
13:36:04.18700,1936.000,4
13:36:04.73400,1936.000,1
13:36:08.32400,1935.750,4
13:36:12.70300,1936.000,234
13:36:12.81600,1936.000,39
13:36:12.93300,1936.000,5
13:36:13.08200,1936.000,17
13:36:13.21000,1936.000,2
13:36:13.50000,1936.000,4
13:36:13.75000,1936.000,2
13:36:14.00700,1936.000,3
13:36:14.60900,1936.000,1
13:36:14.74200,1936.000,2
13:36:15.73400,1936.250,1
13:36:17.32800,1936.000,2
13:36:17.73400,1936.250,1
13:36:19.60500,1936.250,90
13:36:20.07400,1936.000,1
13:36:21.41000,1936.000,37
13:36:21.83500,1936.000,1
13:36:22.14400,1935.750,33
13:36:23.32400,1936.000,107
13:36:23.46400,1936.250,1
13:36:24.44900,1936.250,3
13:36:25.02700,1936.250,1
13:36:26.50000,1936.000,1
13:36:29.21800,1936.000,2
13:36:29.50300,1936.250,204
13:36:29.73000,1936.500,11
13:36:29.88600,1936.250,2
13:36:30.39800,1936.500,2
13:36:30.62100,1936.500,3
13:36:31.90200,1936.250,116
13:36:34.24600,1936.500,1
13:36:34.37800,1936.250,2
13:36:35.12500,1936.500,102
13:36:35.38600,1936.500,3
13:36:35.94900,1936.500,5
13:36:36.10900,1936.250,1
13:36:36.35100,1936.500,1
13:36:37.75300,1936.500,113
13:36:38.20700,1936.250,1
13:36:38.50700,1936.500,4
13:36:39.26900,1936.500,1
13:36:39.42100,1936.250,1
13:36:39.75700,1936.500,2
13:36:39.96800,1936.500,1
13:36:40.39400,1936.500,1
13:36:41.33900,1936.500,43
13:36:41.34300,1936.500,1
13:36:41.43300,1936.500,8
13:36:41.55000,1936.500,31
13:36:41.63200,1936.500,11
13:36:41.80000,1936.500,4
13:36:42.26500,1936.250,1
13:36:43.00000,1936.500,7
13:36:43.19100,1936.500,2
13:36:44.35100,1936.500,1
13:36:44.60100,1936.500,2
13:36:44.66700,1936.500,1
13:36:45.10100,1936.500,1
13:36:45.85500,1936.500,5
13:36:46.07800,1936.500,222
13:36:46.41700,1936.500,22
13:36:46.46000,1936.500,2
13:36:46.57000,1936.500,2
13:36:46.78500,1936.500,9
13:36:47.02300,1936.500,1
13:36:47.20700,1936.500,1
13:36:47.41000,1936.500,21
13:36:48.09300,1936.500,2
13:36:48.80800,1936.500,2
13:36:49.25300,1936.500,68
13:36:49.40200,1936.500,1
13:36:50.05400,1936.500,2
13:36:50.20700,1936.500,2
13:36:51.58500,1936.500,3
13:36:51.79600,1936.500,1
13:36:52.14400,1936.500,2
13:36:52.81600,1936.250,1
13:36:53.64800,1936.500,10
13:36:54.67900,1936.500,1
13:36:54.94500,1936.250,1
13:36:55.64800,1936.250,1
13:36:55.91000,1936.250,381
13:36:56.03100,1936.250,104
13:36:56.30800,1936.250,1
13:36:56.48400,1936.250,60
13:36:56.75700,1936.250,2
13:36:57.48000,1936.000,117
13:36:58.14400,1936.000,2
13:36:58.74200,1936.000,35
13:36:58.91400,1936.250,4
13:36:59.16400,1936.250,25
13:36:59.41000,1936.250,20
13:36:59.60500,1936.250,1
13:37:00.59300,1936.250,56
13:37:00.76100,1936.250,3
13:37:01.20300,1936.250,41
13:37:01.71000,1936.500,1
13:37:02.23800,1936.250,1
13:37:02.89800,1936.250,1
13:37:03.39800,1936.250,7
13:37:03.50000,1936.250,4
13:37:04.44900,1936.500,1
13:37:05.02700,1936.500,1
13:37:05.80400,1936.250,8
13:37:06.41000,1936.250,1
13:37:07.57000,1936.250,1
13:37:07.79600,1936.250,1
13:37:08.08200,1936.500,6
13:37:09.07800,1936.500,1
13:37:10.03500,1936.500,1
13:37:10.40600,1936.500,2
13:37:10.67900,1936.500,4
13:37:11.69900,1936.500,1
13:37:12.59300,1936.500,1
13:37:15.17900,1936.250,64
13:37:15.57800,1936.500,1
13:37:16.19100,1936.250,1
13:37:16.47200,1936.250,14
13:37:16.67900,1936.250,4
13:37:17.44900,1936.250,1
13:37:19.69900,1936.000,1
13:37:20.35900,1936.250,3
13:37:20.90600,1936.000,19
13:37:21.14400,1936.250,10
13:37:22.60900,1936.000,1
13:37:22.86300,1936.000,2
13:37:23.42900,1936.000,1
13:37:25.30400,1936.000,2
13:37:25.83900,1936.000,93
13:37:25.83900,1936.000,17
13:37:26.03100,1936.000,15
13:37:26.22600,1936.000,7
13:37:26.75300,1936.000,1
13:37:28.78100,1936.250,1
13:37:29.12500,1936.000,1
13:37:29.80400,1936.000,1
13:37:31.64800,1936.000,1
13:37:31.77700,1936.000,27
13:37:31.88600,1936.250,25
13:37:32.22600,1936.000,1
13:37:32.37100,1936.500,711
13:37:32.52300,1936.500,93
13:37:32.62800,1936.750,1
13:37:32.68700,1936.750,1
13:37:33.11300,1936.750,1
13:37:34.02700,1936.750,22
13:37:35.61300,1936.750,2
13:37:36.82000,1936.500,8
13:37:36.84700,1936.500,20
13:37:37.14400,1936.750,3
13:37:37.62500,1936.500,1
13:37:38.09700,1936.750,45
13:37:38.39800,1936.500,52
13:37:39.03100,1936.750,1
13:37:39.25700,1936.500,2
13:37:39.78500,1936.750,3
13:37:40.11300,1936.500,2
13:37:40.85900,1936.750,51
13:37:41.20300,1936.750,1
13:37:41.42500,1936.750,1
13:37:41.69500,1936.500,1
13:37:41.84300,1936.750,1
13:37:42.41000,1936.500,1
13:37:42.78500,1936.750,2
13:37:43.12800,1936.500,2
13:37:43.67100,1936.500,20
13:37:43.84300,1936.500,1
13:37:45.44100,1936.750,1
13:37:45.75300,1936.750,1
13:37:46.93700,1936.500,1
13:37:49.27300,1936.500,6
13:37:49.34300,1936.750,1
13:37:49.95300,1936.500,8
13:37:50.64000,1936.750,1
13:37:50.90200,1936.750,1
13:37:51.69500,1936.750,2
13:37:51.73800,1936.500,4
13:37:51.96000,1936.750,1
13:37:52.57800,1936.500,1
13:37:53.05800,1936.750,7
13:37:54.12500,1936.750,545
13:37:54.30800,1936.500,2
13:37:54.71400,1936.750,2
13:37:54.79600,1936.750,99
13:37:54.83200,1936.750,5
13:37:55.16700,1936.500,6
13:37:55.30800,1936.750,6
13:37:55.35500,1936.750,10
13:37:55.50700,1936.750,5
13:37:55.64000,1936.750,29
13:37:55.75700,1936.750,23
13:37:56.10900,1936.750,24
13:37:56.16700,1936.750,8
13:37:56.57400,1936.750,14
13:37:56.75000,1936.750,1
13:37:56.90200,1936.750,1
13:37:57.26100,1936.750,1
13:37:57.41000,1936.750,5
13:37:57.64000,1936.750,11
13:37:57.86700,1936.500,2
13:37:57.89400,1936.750,5
13:37:58.26100,1936.750,43
13:37:59.38200,1936.750,1
13:37:59.54200,1936.750,65
13:37:59.64000,1936.750,1
13:37:59.81200,1936.750,1
13:38:00.11700,1936.750,4
13:38:00.32800,1936.750,2
13:38:00.50300,1936.750,1
13:38:01.30400,1936.750,255
13:38:01.53900,1936.750,110
13:38:02.33200,1936.750,1
13:38:02.96400,1936.750,6
13:38:04.69900,1936.750,3
13:38:05.17900,1936.750,2
13:38:06.39400,1936.750,3
13:38:06.75300,1936.500,314
13:38:06.76900,1936.500,2
13:38:07.36300,1936.250,106
13:38:07.36700,1936.250,158
13:38:07.48000,1936.500,1
13:38:07.65600,1936.250,16
13:38:08.06600,1936.250,2
13:38:08.34300,1936.500,4
13:38:08.58200,1936.500,109
13:38:08.82400,1936.250,2
13:38:09.22200,1936.500,2
13:38:09.87100,1936.250,1
13:38:10.07800,1936.500,70
13:38:11.13200,1936.250,1
13:38:12.08500,1936.250,1
13:38:12.87800,1936.250,104
13:38:13.42100,1936.250,2
13:38:13.76900,1936.250,4
13:38:14.76100,1936.500,173
13:38:15.59700,1936.500,4
13:38:15.94900,1936.500,25
13:38:17.58500,1936.500,1
13:38:18.48400,1936.500,1
13:38:19.48400,1936.500,1
13:38:20.56200,1936.500,77
13:38:21.37100,1936.500,79
13:38:21.62500,1936.500,15
13:38:21.81600,1936.500,1
13:38:21.86700,1936.500,1
13:38:22.13200,1936.500,29
13:38:23.13200,1936.500,11
13:38:23.78500,1936.500,73
13:38:24.18700,1936.750,24
13:38:24.97200,1936.750,2
13:38:25.35500,1936.250,18
13:38:26.03100,1936.250,1
13:38:27.38200,1936.250,2
13:38:28.89400,1936.500,64
13:38:29.69100,1936.250,5
13:38:30.00700,1936.500,29
13:38:32.64400,1936.250,1
13:38:33.03900,1936.250,1
13:38:33.68700,1936.500,9
13:38:35.16700,1936.250,10
13:38:35.87500,1936.250,5
13:38:37.27700,1936.250,1
13:38:38.91700,1936.250,1
13:38:40.00000,1936.250,2
13:38:40.16700,1936.250,1
13:38:41.87100,1936.250,6
13:38:44.15600,1936.250,9
13:38:45.97200,1936.500,47
13:38:48.67900,1936.500,103
13:38:49.63200,1936.500,2
13:38:51.51900,1936.750,1
13:38:53.76900,1936.500,207
13:38:55.34300,1936.750,181
13:38:55.44100,1937.000,583
13:38:55.45700,1937.000,1480
13:38:55.50300,1937.000,218
13:38:55.72600,1936.750,17
13:38:55.78100,1936.750,44
13:38:55.84300,1936.750,1
13:38:56.09700,1937.000,1
13:38:56.53900,1937.000,1
13:38:56.78100,1937.000,4
13:38:56.93700,1936.750,3
13:38:57.48800,1937.000,1
13:38:58.18700,1937.000,1
13:38:58.34700,1936.750,5
13:38:58.39400,1937.000,1
13:38:58.54200,1937.000,96
13:38:58.85100,1936.750,3
13:38:58.88600,1937.000,1
13:38:59.18700,1937.000,1
13:38:59.52700,1937.000,64
13:38:59.85900,1936.750,12
13:39:00.23800,1937.000,4
13:39:00.35900,1937.000,5
13:39:00.66400,1937.000,1
13:39:01.19900,1937.000,8
13:39:01.36300,1937.000,78
13:39:01.46400,1937.000,87
13:39:01.70300,1937.250,106
13:39:01.86700,1937.250,8
13:39:02.08500,1937.250,2
13:39:02.30400,1937.250,2
13:39:02.64800,1937.000,3
13:39:02.75700,1937.250,1
13:39:02.93700,1937.250,2
13:39:03.11300,1937.000,1
13:39:03.51100,1937.250,4
13:39:05.47600,1937.250,9
13:39:05.55000,1937.250,5
13:39:05.71000,1937.000,1
13:39:05.87100,1937.000,1
13:39:06.26100,1937.000,1
13:39:06.32800,1937.250,203
13:39:06.42900,1937.250,725
13:39:06.65200,1937.500,348
13:39:06.69500,1937.250,282
13:39:07.02300,1937.250,5
13:39:07.08500,1937.500,1
13:39:07.59700,1937.500,6
13:39:07.96400,1937.500,3
13:39:08.29200,1937.500,1
13:39:08.48800,1937.500,4
13:39:09.13200,1937.500,7
13:39:10.03500,1937.500,4
13:39:10.48800,1937.250,7
13:39:10.60900,1937.500,2
13:39:11.01100,1937.250,471
13:39:11.10100,1937.500,1
13:39:11.48400,1937.500,5
13:39:11.67100,1937.250,1
13:39:11.85900,1937.250,5
13:39:12.22200,1937.500,12
13:39:12.51900,1937.250,4
13:39:12.57800,1937.500,1
13:39:12.67900,1937.250,1
13:39:12.95300,1937.250,1
13:39:13.42500,1937.000,108
13:39:13.47200,1937.250,45
13:39:13.47200,1937.250,58
13:39:13.56600,1937.000,1
13:39:14.43700,1937.250,1
13:39:14.61700,1938.000,2311
13:39:14.62100,1937.500,2
13:39:14.62800,1938.000,76
13:39:14.63200,1937.750,27
13:39:14.64000,1938.000,165
13:39:14.78500,1938.000,192
13:39:14.96400,1937.750,24
13:39:15.12100,1938.000,1
13:39:15.24600,1937.750,1
13:39:15.38600,1937.750,4
13:39:15.50300,1937.750,5
13:39:15.59300,1938.000,8
13:39:15.79200,1938.000,1
13:39:15.86300,1938.000,4
13:39:16.05000,1938.000,5
13:39:16.30400,1937.750,1
13:39:16.54600,1937.750,38
13:39:16.60100,1937.750,2
13:39:16.75300,1938.000,20
13:39:17.31200,1938.000,108
13:39:17.40200,1938.000,5
13:39:17.55400,1938.000,2
13:39:17.67100,1938.000,7
13:39:17.86700,1938.000,2
13:39:18.18300,1937.750,6
13:39:18.51900,1937.750,1
13:39:19.01500,1938.000,1
13:39:19.32400,1938.000,1
13:39:19.39400,1938.000,5
13:39:19.55400,1938.000,1
13:39:19.65600,1938.000,3
13:39:19.81600,1938.000,104
13:39:19.82000,1938.500,748
13:39:19.82800,1938.250,9
13:39:19.83200,1938.250,85
13:39:19.83500,1938.250,57
13:39:19.83500,1938.250,14
13:39:19.89800,1938.250,346
13:39:19.91000,1938.250,3
13:39:19.93700,1938.250,29
13:39:19.94900,1938.250,16
13:39:20.20700,1938.000,209
13:39:20.29200,1938.250,2
13:39:20.53100,1938.250,10
13:39:20.70300,1938.000,1
13:39:20.76900,1938.000,2
13:39:21.14800,1938.250,3
13:39:21.29600,1938.250,1
13:39:21.73000,1938.000,2
13:39:21.82400,1938.000,328
13:39:22.14800,1938.000,10
13:39:22.25700,1938.000,1
13:39:22.48800,1938.000,1
13:39:22.78100,1937.750,3
13:39:22.84300,1938.000,2
13:39:23.13200,1938.000,2
13:39:23.22600,1937.750,2
13:39:23.44900,1937.750,1
13:39:23.62800,1937.750,2
13:39:23.90600,1938.000,1
13:39:24.38600,1938.000,9
13:39:24.76100,1938.000,4
13:39:24.87800,1937.750,4
13:39:25.26500,1938.000,33
13:39:25.52300,1938.000,2
13:39:25.73800,1937.750,2
13:39:26.11700,1937.750,4
13:39:26.45300,1937.750,5
13:39:26.60100,1938.000,1
13:39:26.84300,1937.750,1
13:39:26.92100,1938.000,2
13:39:27.12500,1937.750,3
13:39:27.69100,1937.750,166
13:39:27.85100,1937.750,1
13:39:28.10900,1937.500,78
13:39:28.10900,1937.500,95
13:39:28.37800,1937.250,107
13:39:28.42500,1937.500,1
13:39:28.46000,1937.500,1
13:39:28.60500,1937.500,5
13:39:29.06200,1937.250,17
13:39:29.09700,1937.250,3
13:39:29.26900,1937.500,2
13:39:29.62800,1937.250,2
13:39:29.69500,1937.500,2
13:39:29.82400,1937.500,2
13:39:29.95300,1937.500,1
13:39:30.18700,1937.250,1
13:39:30.58200,1937.500,1
13:39:30.81200,1937.500,15
13:39:31.13600,1937.250,8
13:39:31.38200,1937.500,4
13:39:31.51900,1937.250,3
13:39:31.72200,1937.250,2
13:39:32.35100,1937.250,1
13:39:32.81600,1937.250,1
13:39:33.50700,1937.250,27
13:39:33.73000,1937.500,6
13:39:34.03100,1937.250,2
13:39:34.34300,1937.250,1
13:39:34.61700,1937.500,2
13:39:35.10900,1937.500,2
13:39:36.21400,1937.500,1
13:39:36.23000,1937.500,1
13:39:36.62100,1937.500,7
13:39:37.05400,1937.500,1
13:39:37.38200,1937.500,7
13:39:37.88600,1937.500,50
13:39:38.10100,1937.250,1
13:39:38.48000,1937.500,1
13:39:38.89000,1937.500,194
13:39:38.96000,1937.500,1
13:39:39.43700,1937.500,28
13:39:39.60100,1937.500,5
13:39:39.72200,1937.500,20
13:39:39.79600,1937.250,1
13:39:40.40200,1937.500,10
13:39:40.48400,1937.500,22
13:39:40.53500,1937.500,20
13:39:41.13200,1937.500,2
13:39:41.17100,1937.500,1
13:39:41.60100,1937.750,3
13:39:42.23400,1937.500,50
13:39:42.64800,1937.750,11
13:39:42.80400,1937.500,2
13:39:42.96400,1937.500,2
13:39:44.17900,1937.750,3
13:39:45.32800,1937.500,1
13:39:45.53100,1937.500,2
13:39:46.46400,1937.500,1
13:39:46.68300,1937.500,1
13:39:47.67500,1937.500,223
13:39:47.96000,1937.250,190
13:39:47.96400,1937.250,287
13:39:48.55400,1937.250,3
13:39:49.51100,1937.250,2
13:39:49.69900,1937.500,1
13:39:49.91000,1937.250,2
13:39:50.13200,1937.250,5
13:39:51.03900,1937.500,10
13:39:51.37800,1937.250,1
13:39:51.62100,1937.500,1
13:39:52.78900,1937.250,4
13:39:52.87100,1937.250,1066
13:39:52.94100,1937.250,7
13:39:54.13200,1937.250,3
13:39:54.51900,1937.500,5
13:39:56.07400,1937.500,5
13:39:56.39800,1937.500,1
13:39:56.49200,1937.500,4
13:39:56.59700,1937.250,1
13:39:57.82800,1937.250,1
13:39:58.46400,1937.500,1
