18:00:07.21400,1934.000,0
18:00:07.24200,1934.000,1
18:00:07.53900,1934.000,13
18:00:07.69900,1934.000,1
18:00:08.30000,1934.000,2
18:00:08.64400,1933.750,1
18:00:08.82800,1933.750,11
18:00:09.08500,1933.750,1
18:00:11.83200,1933.750,10
18:00:11.93300,1933.750,1
18:00:13.29200,1933.750,2
18:00:13.35900,1933.750,1
18:00:14.33200,1934.000,1
18:00:15.73400,1933.000,289
18:00:15.96400,1933.500,1
18:00:17.48400,1933.250,2
18:00:17.57400,1933.250,12
18:00:17.80800,1933.000,33
18:00:18.11700,1933.250,4
18:00:18.35100,1933.250,1
18:00:19.81600,1933.250,1
18:00:20.45700,1933.250,1
18:00:20.60100,1933.000,1
18:00:20.67900,1933.000,8
18:00:21.30400,1933.000,1
18:00:21.37500,1933.000,4
18:00:21.81600,1933.000,2
18:00:21.95700,1933.000,5
18:00:22.12500,1933.000,2
18:00:22.74600,1933.000,9
18:00:23.00300,1933.250,4
18:00:24.48000,1933.250,4
18:00:24.60900,1933.250,4
18:00:24.96000,1933.500,156
18:00:25.56200,1933.500,27
18:00:25.64800,1933.500,4
18:00:26.02700,1933.500,8
18:00:26.06200,1933.250,1
18:00:26.77700,1933.500,5
18:00:28.00700,1933.500,2
18:00:28.33500,1933.500,1
18:00:30.18700,1933.750,1
18:00:30.60900,1933.500,1
18:00:31.03900,1933.500,1
18:00:31.86700,1933.500,1
18:00:33.09700,1933.500,24
18:00:33.44900,1933.500,7
18:00:34.03900,1933.500,2
18:00:34.86700,1933.500,1
18:00:34.91400,1933.500,1
18:00:36.50300,1933.500,3
18:00:39.21400,1933.750,5
18:00:40.44900,1933.500,1
18:00:41.21000,1933.500,10
18:00:44.41700,1933.500,5
18:00:47.26500,1933.500,1
18:00:47.87100,1933.500,1
18:00:48.25000,1933.500,1
18:00:48.57400,1933.500,13
18:00:49.55400,1933.500,1
18:00:50.40600,1933.500,5
18:00:51.15600,1933.500,1
18:00:51.34300,1933.500,1
18:00:52.60500,1933.250,1
18:00:53.02300,1933.250,6
18:00:54.55000,1933.500,1
18:00:56.60900,1933.250,1
18:01:00.35900,1933.250,3
18:01:00.52700,1933.250,11
18:01:00.63600,1933.500,2
18:01:02.43700,1933.500,1
18:01:05.25300,1933.500,10
18:01:06.08200,1933.500,2
18:01:09.03900,1933.250,6
18:01:12.58200,1933.250,2
18:01:12.75000,1933.250,1
18:01:12.92100,1933.250,2
18:01:13.14800,1933.250,1
18:01:13.37100,1933.250,1
18:01:13.55000,1933.250,1
18:01:13.71400,1933.250,1
18:01:14.10100,1933.250,2
18:01:14.67100,1933.500,33
18:01:18.01500,1933.500,1
18:01:18.32400,1933.500,3
18:01:20.53500,1933.500,21
18:01:20.82000,1933.250,2
18:01:21.13600,1933.250,1
18:01:21.80400,1933.250,1
18:01:23.26900,1933.500,19
18:01:23.68300,1933.750,7
18:01:24.20300,1933.500,5
18:01:24.96000,1933.750,14
18:01:26.17500,1933.500,1
18:01:29.59300,1933.750,1
18:01:32.31600,1933.750,1
18:01:34.91400,1933.500,5
18:01:35.33200,1933.500,6
18:01:35.71800,1933.500,1
18:01:35.88600,1933.500,1
18:01:36.15600,1933.500,1
18:01:38.67900,1933.500,3
18:01:39.40600,1933.500,1
18:01:40.84300,1933.750,1
18:01:43.08200,1933.750,1
18:01:48.72200,1933.750,11
18:01:51.78500,1933.750,10
18:01:53.19500,1933.750,1
18:01:55.41700,1933.750,1
18:01:57.54200,1933.750,1
18:01:59.15600,1933.750,10
18:02:00.27300,1933.750,4
18:02:01.51100,1933.750,1
18:02:02.53500,1933.500,1
18:02:04.36300,1933.750,14
18:02:05.18700,1933.750,8
18:02:05.29200,1933.750,5
18:02:05.62100,1933.750,3
18:02:14.34700,1933.750,4
18:02:15.67500,1933.750,37
18:02:16.70700,1933.500,4
18:02:17.24200,1933.750,1
18:02:18.37800,1933.500,1
18:02:18.92500,1933.500,30
18:02:19.49600,1933.500,4
18:02:19.66000,1933.500,2
18:02:20.42900,1933.500,21
18:02:21.51900,1933.500,3
18:02:21.66000,1933.500,2
18:02:22.00700,1933.500,1
18:02:22.54200,1933.500,1
18:02:22.93300,1933.500,1
18:02:23.46000,1933.500,1
18:02:23.72200,1933.500,2
18:02:25.77700,1933.500,4
18:02:26.59300,1933.250,2
18:02:28.70300,1933.500,5
18:02:29.61700,1933.500,1
18:02:31.14800,1933.500,1
18:02:34.45700,1933.500,8
18:02:34.67100,1933.500,2
18:02:35.24600,1933.500,1
18:02:37.68300,1933.500,30
18:02:45.61300,1933.500,1
18:02:46.94900,1933.500,1
18:03:03.95700,1933.500,90
18:03:04.25000,1933.750,1
18:03:05.18700,1933.750,2
18:03:08.53500,1933.750,6
18:03:13.72200,1933.750,10
18:03:17.18300,1933.500,5
18:03:18.25300,1933.750,1
18:03:19.28900,1933.750,10
18:03:20.49600,1933.750,4
18:03:21.30800,1934.000,13
18:03:24.88600,1934.000,1
18:03:26.11700,1934.000,1
18:03:28.14000,1934.000,2
18:03:30.75000,1933.750,1
18:03:31.78100,1933.750,1
18:03:35.44100,1934.000,1
18:03:36.62500,1934.000,2
18:03:37.94900,1934.000,15
18:03:39.74200,1934.000,1
18:03:42.54200,1934.000,1
18:03:43.49600,1934.000,8
18:03:47.28500,1933.750,3
18:03:50.79200,1934.000,1
18:03:51.64800,1934.000,10
18:03:52.18300,1934.000,29
18:03:56.38600,1934.250,14
18:03:57.50700,1934.250,1
18:03:57.91000,1934.000,2
18:03:58.72600,1934.250,5
18:04:01.44100,1934.500,89
18:04:01.57000,1934.500,1
18:04:02.62800,1934.500,1
18:04:03.58200,1934.500,1
18:04:03.85100,1934.500,1
18:04:04.10100,1934.250,4
18:04:07.47200,1934.500,1
18:04:09.38600,1934.500,1
18:04:12.06600,1934.500,4
18:04:13.64000,1934.500,1
18:04:14.82400,1934.500,1
18:04:18.64800,1934.250,1
18:04:19.25000,1934.250,1
18:04:19.70700,1934.500,1
18:04:19.93700,1934.500,3
18:04:20.42100,1934.500,20
18:04:20.71400,1934.250,1
18:04:21.25000,1934.250,1
18:04:23.03500,1934.500,14
18:04:24.19100,1934.250,2
18:04:24.87800,1934.500,1
18:04:33.79200,1934.250,2
18:04:35.19900,1934.250,2
18:04:37.82800,1934.250,1
18:04:41.45700,1934.250,1
18:04:47.89800,1934.500,1
18:04:48.60500,1934.250,3
18:04:51.35100,1934.500,1
18:04:52.16400,1934.250,4
18:04:52.89000,1934.250,5
18:04:53.88600,1934.500,14
18:04:54.25300,1934.500,1
18:04:55.29200,1934.500,20
18:04:55.45700,1934.250,1
18:04:57.91700,1934.250,10
18:04:58.40600,1934.250,6
18:04:58.82800,1934.250,4
18:04:59.07800,1934.250,1
18:04:59.25700,1934.250,2
18:05:00.53500,1934.250,20
18:05:01.43300,1934.500,1
18:05:01.66000,1934.250,1
18:05:02.95300,1934.250,5
18:05:03.41400,1934.500,5
18:05:16.22200,1934.250,3
18:05:16.75000,1934.250,1
18:05:16.94100,1934.250,1
18:05:17.46000,1934.500,1
18:05:18.26500,1934.500,1
18:05:19.06600,1934.250,6
18:05:24.75000,1934.500,14
18:05:30.43700,1934.500,1
18:05:33.28500,1934.250,1
18:05:34.37800,1934.250,4
18:05:34.69900,1934.500,1
18:05:43.47200,1934.500,1
18:05:46.19100,1934.500,1
18:05:47.23000,1934.250,1
18:05:55.61700,1934.500,14
18:06:09.05400,1934.250,3
18:06:11.53500,1934.250,50
18:06:14.80800,1934.250,5
18:06:16.41400,1934.250,23
18:06:17.19500,1934.250,1
18:06:18.79600,1934.250,13
18:06:21.12500,1934.250,20
18:06:22.49200,1934.000,5
18:06:29.83500,1934.250,35
18:06:37.96400,1934.250,33
18:06:41.57000,1934.000,1
18:06:52.36300,1934.250,1
18:06:52.55000,1934.250,1
18:06:52.73800,1934.250,1
18:06:52.92500,1934.250,1
18:06:57.34300,1934.250,16
18:06:58.31600,1934.000,1
18:06:58.91400,1934.250,1
18:07:28.19900,1934.250,19
18:07:36.67900,1934.000,10
18:07:36.86300,1934.250,1
18:07:37.03900,1934.000,4
18:07:41.56600,1934.250,1
18:07:43.85900,1934.000,5
18:07:45.73400,1934.000,2
18:07:50.11300,1934.250,2
18:07:54.80000,1934.250,1
18:07:55.66000,1934.000,30
18:07:59.07000,1934.250,21
18:08:00.93300,1934.000,8
18:08:02.01500,1934.000,1
18:08:08.95300,1933.750,2
18:08:20.35900,1934.000,3
18:08:20.62800,1934.000,2
18:08:22.78900,1934.000,1
18:08:25.26900,1933.750,1
18:08:25.50000,1934.000,10
18:08:29.91000,1934.000,14
18:08:39.41000,1933.750,5
18:08:44.65200,1934.000,5
18:08:48.37500,1934.000,2
18:08:49.01900,1934.000,1
18:08:50.25700,1934.000,6
18:08:50.42900,1934.000,1
18:08:50.74600,1934.000,3
18:08:51.61300,1934.000,19
18:08:52.25700,1934.000,2
18:08:52.77700,1933.750,1
18:08:56.31200,1933.750,3
18:09:01.90600,1933.500,84
18:09:04.48000,1933.500,2
18:09:06.54200,1933.750,1
18:09:07.42100,1933.500,1
18:09:08.75000,1933.750,2
18:09:19.82800,1933.500,1
18:09:20.46000,1933.750,17
18:09:22.23400,1933.750,20
18:09:31.14800,1933.750,15
18:09:31.63200,1933.750,16
18:09:33.42100,1933.750,3
18:09:33.80800,1933.750,23
18:09:36.94100,1934.000,1
18:09:46.66000,1933.750,1
18:09:58.51100,1934.000,1
18:10:07.50700,1933.750,16
18:10:20.48800,1934.000,3
18:10:20.61700,1934.000,1
18:10:21.50300,1934.000,1
18:10:24.30800,1934.000,2
18:10:26.57400,1933.750,3
18:10:32.70700,1934.000,17
18:10:33.35900,1934.250,14
18:10:41.73400,1934.000,1
18:10:50.76900,1934.250,1
18:10:51.70300,1934.250,20
18:10:56.94500,1934.250,25
18:10:58.03100,1934.250,2
18:10:58.39800,1934.250,13
18:10:58.88600,1934.250,4
18:10:59.17900,1934.250,18
18:11:04.23000,1934.250,15
18:11:07.51900,1934.000,3
18:11:08.26100,1934.250,20
18:11:17.22200,1934.250,2
18:11:17.93300,1934.250,1
18:11:32.33900,1934.250,1
18:11:33.85500,1934.250,3
18:11:35.09700,1934.250,14
18:11:44.81600,1934.250,2
18:11:48.29600,1934.250,2
18:11:53.95700,1934.000,1
18:12:08.71400,1934.250,16
18:12:09.62100,1934.250,2
18:12:15.54200,1934.250,2
18:12:19.53500,1934.250,1
18:12:20.67500,1934.250,16
18:12:28.24200,1934.250,1
18:12:30.53500,1934.250,1
18:12:34.50000,1934.250,1
18:12:36.80000,1934.250,18
18:12:37.62800,1934.250,3
18:12:38.12800,1934.250,10
18:12:38.69500,1934.250,2
18:12:40.58200,1934.250,1
18:12:41.49600,1934.250,1
18:12:44.80400,1934.500,1
18:12:46.28900,1934.250,1
18:12:47.13600,1934.250,3
18:12:47.33900,1934.250,1
18:12:54.80800,1934.250,32
18:12:56.11300,1934.250,9
18:13:07.19900,1934.250,3
18:13:08.81200,1934.250,1
18:13:10.59300,1934.250,2
18:13:13.09700,1934.250,3
18:13:14.74600,1934.500,1
18:13:18.79200,1934.250,1
18:13:20.69900,1934.250,15
18:13:23.92900,1934.250,2
18:13:27.71400,1934.250,1
18:13:38.53100,1934.250,14
18:13:40.70700,1934.250,1
18:13:42.79600,1934.000,10
18:13:48.89000,1934.000,10
18:14:00.85100,1934.250,6
18:14:09.39800,1934.250,14
18:14:10.83200,1934.000,8
18:14:20.58500,1934.000,1
18:14:23.03500,1934.000,1
18:14:25.85100,1934.000,1
18:14:27.33900,1934.000,1
18:14:27.77700,1934.000,5
18:14:38.10500,1934.000,2
18:14:40.25700,1934.250,14
18:14:43.80400,1934.250,1
18:14:47.37100,1934.000,1
18:14:55.76500,1934.250,1
18:14:57.62500,1934.250,37
18:15:04.03900,1934.500,9
18:15:05.51500,1934.500,1
18:15:10.89000,1934.500,2
18:15:11.12500,1934.500,15
18:15:12.28100,1934.500,120
18:15:16.71000,1934.750,11
18:15:17.77300,1934.750,1
18:15:20.85100,1934.750,5
18:15:22.27700,1934.750,25
18:15:23.12800,1935.000,6
18:15:23.26900,1935.000,1
18:15:23.35100,1935.000,1
18:15:23.47200,1935.000,1
18:15:25.33500,1934.750,3
18:15:26.32400,1935.000,7
18:15:27.54600,1935.000,1
18:15:27.73400,1935.000,1
18:15:29.39800,1935.000,1
18:15:32.71800,1935.000,1
18:15:36.18300,1935.000,1
18:15:36.65200,1935.000,1
18:15:37.37800,1935.000,2
18:15:41.35500,1935.000,2
18:15:41.96000,1935.000,14
18:15:43.54200,1935.000,1
18:15:43.94500,1935.000,2
18:15:45.61300,1935.000,10
18:15:45.77300,1934.750,1
18:15:51.34700,1934.750,1
18:15:52.82800,1935.000,2
18:15:54.02300,1934.750,3
18:15:55.35500,1935.000,4
18:15:56.69900,1935.000,3
18:16:07.11700,1935.000,2
18:16:07.87800,1935.000,2
18:16:08.25700,1935.000,4
18:16:09.23800,1934.750,2
18:16:09.48000,1935.000,1
18:16:09.64000,1935.000,1
18:16:11.39000,1935.000,27
18:16:11.67900,1935.000,3
18:16:12.61300,1935.000,1
18:16:12.83900,1935.250,14
18:16:14.38200,1935.250,1
18:16:17.12800,1935.250,1
18:16:17.33900,1935.000,3
18:16:18.60100,1935.250,1
18:16:19.07400,1935.000,49
18:16:19.63200,1935.000,1
18:16:21.47600,1935.000,1
18:16:22.32000,1935.000,1
18:16:27.11700,1935.000,1
18:16:29.79200,1935.000,1
18:16:39.05800,1935.000,4
18:16:42.59300,1935.000,1
18:16:43.69500,1935.000,16
18:16:50.44900,1935.000,2
18:16:57.76500,1935.000,2
18:16:59.08200,1935.000,5
18:17:12.16000,1935.000,2
18:17:14.56200,1935.000,14
18:17:14.70700,1934.750,1
18:17:17.74200,1934.750,1
18:17:18.48800,1935.000,1
18:17:20.03900,1934.750,2
18:17:25.16400,1934.750,1
18:17:44.30400,1935.000,1
18:17:44.49200,1935.000,1
18:17:45.42500,1935.000,17
18:18:04.14800,1934.500,33
18:18:16.29200,1934.750,14
18:18:34.47600,1934.750,2
18:18:35.73800,1934.750,1
18:18:37.66000,1934.750,2
18:18:43.68300,1934.750,1
18:18:45.30400,1934.750,1
18:18:47.15200,1934.750,14
18:18:54.89400,1934.750,3
18:18:59.50700,1934.750,1
18:19:09.21800,1934.500,6
18:19:13.86300,1934.750,1
18:19:18.01500,1934.750,14
18:19:18.25000,1934.750,2
18:19:20.85900,1934.750,1
18:19:43.59300,1934.750,5
18:19:48.85900,1934.750,15
18:19:51.61700,1934.750,1
18:20:18.53900,1934.750,2
18:20:19.78100,1934.500,18
18:20:29.32000,1934.500,6
18:20:33.94900,1934.500,5
18:20:37.05000,1934.500,1
18:20:44.37500,1934.750,1
18:20:44.83900,1934.500,1
18:20:45.85100,1934.750,1
18:20:50.61300,1934.500,17
18:20:52.85100,1934.750,2
18:20:59.69900,1934.500,5
18:21:01.28100,1934.500,31
18:21:01.70700,1934.500,1
18:21:05.33200,1934.750,3
18:21:06.03100,1934.500,13
18:21:09.19500,1934.750,1
18:21:16.09700,1934.500,2
18:21:17.66700,1934.500,1
18:21:21.47200,1934.500,19
18:21:21.93300,1934.500,2
18:21:22.55400,1934.500,2
18:21:24.01900,1934.500,1
18:21:32.45300,1934.500,2
18:21:41.50300,1934.500,2
18:21:49.83500,1934.500,1
18:21:52.31600,1934.500,14
18:21:52.37500,1934.250,3
18:21:54.51900,1934.250,3
18:21:57.08200,1934.250,5
18:21:57.48000,1934.500,4
18:21:57.88600,1934.250,1
18:22:08.42500,1934.500,3
18:22:13.45300,1934.500,1
18:22:23.23000,1934.500,17
18:22:24.71000,1934.750,2
18:22:29.10100,1934.500,2
18:22:30.27700,1934.500,1
18:22:54.08500,1934.500,17
18:22:56.94100,1934.750,5
18:22:57.90200,1934.500,1
18:23:04.67100,1934.500,5
18:23:24.89800,1934.750,14
18:23:26.28500,1934.500,7
18:23:26.68300,1934.750,37
18:23:26.72200,1934.750,3
18:23:29.52300,1935.000,1
18:23:35.62800,1935.000,1
18:23:37.61700,1934.750,5
18:23:38.40600,1934.750,2
18:23:41.08900,1934.750,10
18:23:52.70300,1935.000,3
18:23:55.77300,1934.750,17
18:23:56.19500,1934.750,1
18:24:16.55000,1935.000,34
18:24:17.33900,1935.000,1
18:24:22.28500,1934.750,1
18:24:22.33900,1934.750,3
18:24:22.50300,1935.000,2
18:24:26.62500,1935.000,14
18:24:31.28900,1934.750,13
18:24:57.53500,1934.750,17
18:25:09.08900,1935.000,2
18:25:25.54200,1935.000,4
18:25:28.39000,1934.750,17
18:25:30.55000,1935.000,1
18:25:54.14400,1935.000,1
18:25:59.25000,1934.750,17
18:26:11.38600,1935.000,3
18:26:13.63200,1935.000,1
18:26:14.00300,1934.750,8
18:26:15.93300,1934.750,56
18:26:18.68700,1934.750,14
18:26:18.89800,1934.750,3
18:26:24.88200,1934.750,36
18:26:25.18700,1934.750,5
18:26:29.63600,1934.750,1
18:26:35.95700,1934.750,1
18:26:39.05400,1934.750,5
18:26:42.93300,1934.750,1
18:26:55.41000,1934.750,1
18:27:02.60100,1934.500,18
18:27:05.85900,1934.750,1
18:27:18.23400,1934.750,1
18:27:21.75700,1934.750,1
18:27:24.42900,1934.750,4
18:27:28.53100,1934.750,1
18:27:31.83900,1934.750,17
18:27:34.61300,1934.750,4
18:27:46.54600,1934.750,10
18:27:58.51900,1934.750,1
18:28:08.09700,1935.000,15
18:28:17.50000,1935.000,26
18:28:28.79200,1935.250,1
18:28:33.55000,1935.000,17
18:28:34.30400,1935.250,1
18:28:36.10500,1935.000,1
18:28:36.52300,1935.000,1
18:28:36.69100,1935.250,1
18:28:50.78500,1935.250,1
18:28:52.16700,1935.000,7
18:28:53.89400,1935.000,13
18:29:01.37800,1935.000,2
18:29:04.48000,1935.250,21
18:29:04.85500,1935.250,1
18:29:05.43700,1935.250,1
18:29:09.00000,1935.000,5
18:29:15.64400,1935.000,2
18:29:15.69900,1935.000,3
18:29:33.05800,1935.000,3
18:29:35.26100,1935.000,17
18:29:35.28900,1935.250,2
18:29:41.34300,1935.250,2
18:29:41.40600,1935.250,3
18:29:43.41000,1935.000,14
18:29:45.03900,1935.500,10
18:29:45.16400,1935.250,10
18:29:45.51900,1935.500,7
18:29:50.07000,1935.250,17
18:30:00.82800,1935.250,5
18:30:03.37800,1935.500,1
18:30:03.59700,1935.500,26
18:30:03.65600,1935.250,3
18:30:04.38200,1935.250,4
18:30:07.50300,1935.250,2
18:30:09.35900,1935.250,3
18:30:09.94100,1935.250,3
18:30:10.95700,1935.250,1
18:30:12.75700,1935.250,3
18:30:13.85100,1935.250,8
18:30:17.63600,1935.250,7
18:30:18.46400,1935.000,3
18:30:24.97200,1935.250,1
18:30:26.41400,1935.000,6
18:30:28.79600,1935.000,71
18:30:29.16700,1934.750,20
18:30:29.31600,1935.000,13
18:30:30.26100,1935.000,1
18:30:31.53500,1935.000,12
18:30:31.60900,1935.000,1
18:30:32.05800,1935.000,1
18:30:46.17900,1935.000,1
18:30:49.36300,1935.000,1
18:30:53.81600,1935.000,3
18:30:53.89400,1935.000,1
18:30:57.55000,1935.000,25
18:31:07.29200,1935.000,4
18:31:19.08200,1935.000,1
18:31:20.54600,1935.000,9
18:31:21.05400,1935.000,1
18:31:30.29200,1935.000,1
18:31:30.52700,1935.000,6
18:31:30.94900,1935.000,4
18:31:31.03900,1935.000,1
18:31:31.35900,1935.000,3
18:31:31.52700,1935.000,1
18:31:34.12800,1935.000,1
18:31:37.59300,1935.000,10
18:31:38.20700,1935.250,3
18:31:48.04600,1935.250,1
18:32:18.01900,1935.250,2
18:32:26.55000,1935.000,1
18:32:37.42500,1935.000,1
18:32:40.15200,1935.000,1
18:32:41.55800,1935.250,1
18:32:50.08900,1935.250,1
18:33:09.44500,1935.000,2
18:33:09.92900,1935.000,3
18:33:27.50000,1935.250,1
18:33:42.08500,1935.250,1
18:33:57.23800,1935.000,1
18:34:01.58900,1935.000,4
18:34:13.52700,1935.000,4
18:34:13.96400,1935.000,3
18:34:17.06200,1935.250,2
18:34:19.39400,1935.250,1
18:34:19.90600,1935.250,2
18:34:28.28500,1935.000,1
18:34:36.93300,1935.250,1
18:34:41.91000,1935.000,1
18:34:49.72600,1935.250,20
18:34:52.90200,1935.500,5
18:35:00.09300,1935.250,4
18:35:04.17100,1935.500,2
18:35:05.53100,1935.250,3
18:35:06.60900,1935.250,1
18:35:08.89800,1935.500,2
18:35:09.82400,1935.250,18
18:35:13.36300,1935.500,2
18:35:14.23800,1935.250,28
18:35:15.04200,1935.250,4
18:35:15.50700,1935.250,1
18:35:15.89000,1935.500,2
18:35:21.48800,1935.500,1
18:35:26.23800,1935.500,1
18:35:26.42500,1935.500,1
18:35:32.17100,1935.500,5
18:35:32.96000,1935.250,1
18:35:34.87500,1935.250,8
18:35:46.05400,1934.750,270
18:35:46.14400,1934.750,12
18:35:46.51100,1934.750,23
18:35:46.97200,1935.000,4
18:35:49.09300,1934.750,7
18:35:49.67900,1934.750,14
18:35:50.32800,1934.750,2
18:35:50.73400,1934.750,2
18:35:54.48800,1934.500,9
18:35:54.66400,1934.750,1
18:35:56.88600,1934.750,1
18:35:58.71400,1934.750,2
18:36:05.29600,1934.500,3
18:36:06.62800,1934.500,1
18:36:06.85100,1934.500,1
18:36:07.10900,1934.500,1
18:36:07.54200,1934.750,1
18:36:07.71000,1934.500,1
18:36:13.73000,1934.500,31
18:36:13.78100,1934.250,6
18:36:13.85900,1934.250,2
18:36:15.14400,1934.250,9
18:36:20.18700,1934.500,2
18:36:20.48800,1934.500,2
18:36:32.02700,1934.250,2
18:36:32.33200,1934.500,1
18:36:34.44100,1934.250,5
18:36:38.65200,1934.250,1
18:36:40.00000,1934.250,4
18:36:49.59300,1934.000,28
18:36:49.80400,1934.000,4
18:36:51.67900,1934.000,1
18:36:54.03900,1934.250,1
18:37:08.00300,1934.000,6
18:37:09.11300,1934.000,10
18:37:10.20300,1934.250,1
18:37:20.49200,1934.000,14
18:37:30.25300,1933.750,149
18:37:30.35500,1933.500,7
18:37:32.17100,1933.750,1
18:37:33.78900,1933.250,120
18:37:34.25000,1933.250,29
18:37:34.50000,1934.000,142
18:37:34.59300,1933.750,9
18:37:35.16400,1933.750,1
18:37:35.35100,1933.750,3
18:37:35.66400,1934.000,5
18:37:37.91400,1933.750,2
18:37:38.44500,1933.500,11
18:37:39.49200,1933.500,38
18:37:40.93300,1933.500,34
18:37:41.34700,1933.500,29
18:37:41.68300,1933.750,1
18:37:41.88200,1933.500,3
18:37:42.37800,1933.750,1
18:37:44.13600,1934.000,2
18:37:46.51900,1933.750,1
18:37:48.01900,1933.750,1
18:37:48.30000,1933.750,36
18:37:49.37800,1933.750,1
18:38:03.38200,1933.750,2
18:38:04.37100,1933.750,1
18:38:06.67100,1933.750,1
18:38:08.69500,1933.750,1
18:38:12.64400,1933.750,5
18:38:20.48400,1934.000,5
18:38:27.70700,1934.000,1
18:38:28.35100,1933.750,13
18:38:35.54600,1933.500,67
18:38:38.15200,1933.750,1
18:38:49.62800,1933.500,1
18:38:51.72600,1933.500,1
18:38:52.82000,1933.750,1
18:38:55.28500,1933.500,5
18:38:57.30400,1933.500,4
18:38:57.64800,1933.250,31
18:38:58.82000,1933.250,2
18:39:05.66400,1933.500,13
18:39:06.64400,1933.500,1
18:39:07.03500,1933.500,1
18:39:07.38200,1933.500,1
18:39:08.03100,1933.500,2
18:39:09.03500,1933.250,1
18:39:11.06200,1933.500,3
18:39:11.65200,1933.500,1
18:39:14.79200,1933.500,8
18:39:20.48400,1933.750,9
18:39:25.33500,1933.500,1
18:39:43.01500,1933.500,1
18:39:45.56200,1933.750,1
18:39:48.21000,1933.500,4
18:39:49.01100,1933.500,1
18:39:51.48400,1933.500,1
18:39:54.79600,1933.750,2
18:39:56.68300,1933.750,1
18:39:57.45300,1933.750,1
18:39:58.58200,1933.500,1
18:39:58.97200,1933.500,2
18:40:03.19100,1933.500,5
18:40:04.35900,1933.500,6
18:40:04.90200,1933.500,4
18:40:06.93700,1933.250,1
18:40:08.35900,1933.500,16
18:40:08.50000,1933.500,2
18:40:18.08900,1933.500,1
18:40:19.40200,1933.750,1
18:40:23.10500,1933.750,1
18:40:31.11700,1933.500,59
18:40:34.90200,1933.500,9
18:40:39.57400,1933.500,1
18:40:42.79600,1933.500,1
18:40:44.80000,1933.250,10
18:40:45.53900,1933.500,1
18:40:47.02300,1933.500,3
18:40:54.06600,1933.500,1
18:40:55.58500,1933.500,1
18:41:08.23800,1933.250,3
18:41:16.83500,1933.000,75
18:41:17.21400,1933.000,1
18:41:23.96400,1933.000,1
18:41:24.75700,1933.250,22
18:41:27.07000,1933.250,2
18:41:31.12100,1933.250,47
18:41:33.77300,1933.250,2
18:41:37.40600,1933.250,1
18:41:38.16400,1933.250,1
18:41:38.33200,1933.250,3
18:41:40.47600,1933.250,1
18:41:44.27300,1933.250,1
18:41:47.39800,1933.250,2
18:41:56.76900,1933.250,1
18:41:59.76900,1933.250,1
18:42:00.07400,1933.250,4
18:42:04.18700,1933.250,1
18:42:04.75000,1933.250,2
18:42:05.75000,1933.250,2
18:42:06.11700,1933.500,10
18:42:06.51500,1933.250,5
18:42:06.81200,1933.250,1
18:42:10.88600,1933.250,1
18:42:12.46800,1933.500,2
18:42:13.10100,1933.250,1
18:42:17.77300,1933.250,4
18:42:18.48000,1933.500,1
18:42:20.45700,1933.500,2
18:42:21.18700,1933.500,1
18:42:22.61300,1933.500,48
18:42:29.20300,1933.500,1
18:42:29.42900,1933.750,5
18:42:38.41000,1933.750,1
18:42:38.59700,1933.750,1
18:42:39.81600,1933.750,1
18:42:43.16400,1933.500,1
18:42:46.92100,1933.750,1
18:42:47.16700,1933.750,1
18:42:55.02700,1933.500,2
18:42:57.16400,1933.500,1
18:43:00.85900,1933.500,4
18:43:03.35900,1933.750,2
18:43:03.55000,1933.500,1
18:43:24.80000,1933.750,2
18:43:28.76500,1933.500,18
18:43:34.06600,1933.750,1
18:44:14.14000,1933.500,6
18:44:14.32800,1933.750,1
18:44:18.96400,1933.500,24
18:44:31.55800,1933.500,1
18:44:33.08500,1933.500,13
18:44:37.16400,1933.500,1
18:44:37.35100,1933.500,1
18:44:39.25000,1933.250,204
18:44:39.38600,1933.000,67
18:44:43.92900,1933.000,1
18:44:46.25000,1933.000,13
18:44:46.42900,1933.000,4
18:44:55.14000,1933.000,1
18:45:14.55000,1933.250,2
18:45:18.18700,1933.250,79
18:45:20.15200,1933.250,2
18:45:20.42900,1933.250,21
18:45:23.42100,1933.500,1
18:45:48.69500,1933.500,1
18:45:51.05800,1933.250,2
18:45:52.39000,1933.250,2
18:45:52.57800,1933.500,1
18:45:56.25700,1933.500,1
18:45:59.06600,1933.500,1
18:46:00.72200,1933.500,7
18:46:03.23400,1933.500,1
18:46:03.73800,1933.500,4
18:46:09.25300,1933.500,1
18:46:09.92900,1933.500,1
18:46:12.70700,1933.250,1
18:46:22.72600,1933.250,2
18:46:39.46000,1933.500,1
18:46:47.66400,1933.500,1
18:46:51.22200,1933.500,1
18:46:51.75300,1933.250,14
18:46:54.09300,1933.250,1
18:46:54.89400,1933.500,1
18:46:58.74200,1933.500,1
18:46:59.43700,1933.250,14
18:47:23.42900,1933.250,3
18:47:37.53900,1933.500,20
18:47:48.36700,1933.750,1
18:47:52.65600,1933.750,1
18:47:58.25000,1933.500,13
18:47:58.79200,1933.750,1
18:48:03.06200,1933.750,4
18:48:04.62800,1933.750,1
18:48:08.64400,1933.750,1
18:48:12.03500,1933.500,1
18:48:17.21000,1933.750,1
18:48:17.40200,1933.750,4
18:48:18.15200,1933.500,5
18:48:21.17100,1933.750,15
18:48:29.64000,1933.500,13
18:48:31.37800,1933.500,6
18:48:32.53100,1933.750,1
18:48:40.34700,1933.500,4
18:48:47.09300,1933.500,2
18:48:54.47200,1933.500,2
18:49:20.38600,1933.750,6
18:49:23.29600,1933.750,6
18:49:24.83900,1933.500,5
18:49:25.83500,1933.750,1
18:49:33.04200,1933.750,1
18:49:43.65200,1933.750,2
18:49:44.47200,1933.750,1
18:49:55.17100,1933.500,2
18:49:55.45700,1933.500,1
18:49:56.54600,1933.750,1
18:50:18.74600,1933.750,2
18:50:21.30800,1933.500,9
18:50:23.41400,1933.750,5
18:50:25.51100,1933.500,2
18:50:30.18300,1933.750,3
18:50:33.93700,1933.500,1
18:50:35.75300,1933.750,1
18:50:38.80800,1933.750,2
18:50:44.35900,1933.500,5
18:50:52.57000,1933.750,1
18:50:55.90200,1933.500,2
18:50:57.85100,1933.500,23
18:51:18.71000,1933.500,2
18:51:19.89400,1933.500,20
18:51:20.55000,1933.500,1
18:51:22.82800,1933.500,1
18:51:24.62800,1933.500,1
18:51:25.57800,1933.500,1
18:51:28.41000,1933.500,4
18:51:29.41000,1933.250,5
18:51:32.25000,1933.500,1
18:51:38.12800,1933.500,1
18:51:38.40200,1933.500,1
18:51:40.44100,1933.500,1
18:51:41.22200,1933.500,3
18:51:43.12500,1933.250,2
18:51:51.72600,1933.250,1
18:51:55.40600,1933.500,1
18:52:01.21800,1933.500,2
18:52:03.08200,1933.500,1
18:52:04.69900,1933.500,1
18:52:06.80400,1933.250,5
18:52:16.10500,1933.250,2
18:52:16.70300,1933.250,1
18:52:17.21000,1933.250,2
18:52:24.61700,1933.500,27
18:52:30.51900,1933.750,1
18:52:32.07400,1933.500,6
18:52:32.27300,1933.500,1
18:52:38.61300,1933.500,6
18:52:39.06600,1933.500,1
18:52:40.87500,1933.500,1
18:52:49.65200,1933.500,1
18:52:52.82800,1933.500,1
18:52:53.85500,1933.500,12
18:52:55.08900,1933.750,1
18:53:27.37800,1933.750,2
18:53:34.42900,1933.500,2
18:53:37.55400,1933.500,1
18:53:38.06200,1933.500,2
18:53:42.91000,1933.500,11
18:53:45.79600,1933.750,5
18:53:50.77700,1934.000,2
18:54:03.74600,1934.000,73
18:54:03.85900,1934.000,2
18:54:05.06600,1934.250,4
18:54:06.89400,1934.000,1
18:54:08.39800,1934.250,7
18:54:09.66700,1934.000,4
18:54:10.17500,1934.250,2
18:54:15.27300,1934.250,2
18:54:20.46800,1934.250,1
18:54:20.86300,1934.000,36
18:54:24.21800,1934.250,2
18:54:25.19100,1934.250,1
18:54:25.37100,1934.250,1
18:54:25.55400,1934.250,1
18:54:25.75300,1934.250,1
18:54:26.10100,1934.250,3
18:54:30.43700,1934.250,6
18:54:31.12800,1934.000,5
18:54:39.15600,1934.000,2
18:54:40.01900,1934.250,1
18:54:41.95300,1934.250,1
18:54:43.12800,1934.250,1
18:54:44.03100,1934.250,14
18:54:49.96000,1934.500,1
18:54:50.24200,1934.250,1
18:54:52.01900,1934.250,2
18:54:52.41000,1934.250,3
18:54:55.89400,1934.250,1
18:55:09.38600,1934.250,6
18:55:38.81600,1934.250,1
18:55:39.37800,1934.250,5
18:55:43.75700,1934.500,1
18:55:46.58500,1934.500,1
18:55:46.78500,1934.500,1
18:56:01.79600,1934.250,6
18:56:07.37100,1934.500,1
18:56:17.87100,1934.500,96
18:56:17.92100,1934.500,3
18:56:22.29200,1934.500,1
18:56:29.63600,1934.750,2
18:56:29.84700,1934.500,1
18:56:37.30000,1934.500,1
18:56:39.14000,1934.250,53
18:56:39.48000,1934.500,2
18:56:40.28900,1934.500,5
18:56:45.57000,1934.500,1
18:56:46.31600,1934.500,7
18:56:51.10500,1934.500,1
18:56:52.82000,1934.500,2
18:57:42.34700,1934.250,4
18:57:42.83200,1934.250,2
18:57:47.37800,1934.500,1
18:57:48.30400,1934.250,1
18:57:51.05400,1934.250,1
18:58:10.01500,1934.250,52
18:58:17.17900,1934.000,1
18:58:23.87800,1934.000,2
18:58:27.58900,1934.000,2
18:58:28.91700,1934.000,1
18:58:31.78100,1934.000,8
18:58:36.65600,1934.250,1
18:58:37.07400,1934.000,1
18:58:42.68700,1934.000,1
18:58:49.18700,1934.250,1
18:58:49.76500,1934.000,10
18:58:50.49200,1934.000,8
18:58:55.81600,1934.250,1
18:58:56.80800,1934.000,1
18:59:02.42100,1933.750,61
18:59:03.30800,1933.750,4
18:59:05.43300,1933.750,2
18:59:12.93300,1933.750,13
18:59:16.06200,1933.750,1
18:59:20.86700,1933.750,5
18:59:24.59300,1933.500,12
18:59:26.34300,1933.500,2
18:59:34.01900,1933.500,60
18:59:34.07800,1933.500,8
18:59:36.14800,1933.500,1
18:59:37.02700,1933.500,1
18:59:40.15200,1933.500,7
18:59:43.49600,1933.250,42
18:59:44.59300,1933.250,1
18:59:46.79600,1933.250,1
18:59:46.96800,1933.250,3
18:59:49.03900,1933.500,5
18:59:50.97200,1933.500,1
18:59:52.15600,1933.250,10
18:59:53.01500,1933.250,1
18:59:58.36300,1933.250,2
19:00:00.11700,1933.250,0
19:00:01.10500,1933.250,9
19:00:02.15600,1933.500,67
19:00:06.00700,1933.500,46
19:00:06.05800,1933.500,3
19:00:07.83900,1933.500,23
19:00:08.50000,1933.750,55
19:00:08.54600,1933.500,6
19:00:11.84300,1933.500,1
19:00:15.53100,1933.500,4
19:00:16.50000,1933.750,23
19:00:16.69500,1933.500,32
19:00:18.24200,1933.750,5
19:00:20.64400,1934.000,1
19:00:24.06200,1933.750,1
19:00:25.59700,1934.000,1
19:00:31.22200,1933.750,2
19:00:32.55800,1933.750,1
19:00:32.74200,1933.750,9
19:00:35.61300,1933.750,1
19:00:41.07400,1933.750,1
19:00:41.75300,1933.750,1
19:00:45.30000,1934.000,2
19:00:46.00300,1934.000,29
19:00:46.06200,1934.000,6
19:00:47.97200,1934.250,1
19:00:48.50300,1934.250,1
19:00:49.07000,1934.250,1
19:00:49.26100,1934.250,6
19:00:49.44500,1934.250,1
19:00:49.63600,1934.250,7
19:00:49.69500,1934.000,3
19:00:49.87500,1934.250,1
19:00:51.12800,1934.250,11
19:00:52.84300,1934.250,4
19:00:53.61300,1934.250,6
19:00:54.57400,1934.250,4
19:00:56.25700,1934.000,11
19:01:02.24600,1934.250,2
19:01:03.01500,1934.500,2
19:01:03.17100,1934.500,6
19:01:09.86700,1934.500,2
19:01:15.21000,1934.250,7
19:01:16.67100,1934.500,5
19:01:21.60100,1934.000,21
19:01:28.19900,1934.250,1
19:01:34.01500,1934.000,36
19:01:36.35900,1934.000,1
19:01:39.51100,1934.250,1
19:01:40.04600,1934.000,1
19:01:44.90600,1934.250,23
19:01:45.21000,1934.250,37
19:01:45.52700,1934.500,6
19:01:46.01500,1934.750,2
19:01:47.55000,1934.250,8
19:01:47.85100,1934.000,18
19:01:47.94100,1934.250,2
19:01:48.06600,1934.500,5
19:01:50.89400,1934.250,1
19:01:54.59300,1934.500,1
19:01:54.89800,1934.250,118
19:01:55.96800,1934.250,1
19:02:02.31200,1933.750,26
19:02:02.83500,1933.750,5
19:02:03.65200,1933.750,27
19:02:03.79200,1933.750,10
19:02:04.11300,1933.500,4
19:02:05.26900,1934.000,1
19:02:07.27700,1933.750,1
19:02:09.61700,1933.500,3
19:02:11.43300,1933.750,3
19:02:11.62500,1933.750,1
19:02:12.94900,1933.750,2
19:02:13.21000,1933.750,21
19:02:14.70300,1933.500,8
19:02:15.02300,1933.750,20
19:02:15.07000,1933.500,3
19:02:15.78500,1933.750,7
19:02:16.09700,1933.750,1
19:02:16.74200,1933.750,20
19:02:16.80000,1933.500,3
19:02:19.21400,1933.500,9
19:02:20.01100,1933.750,1
19:02:20.18700,1934.000,2
19:02:20.71800,1933.500,1
19:02:27.36300,1933.500,15
19:02:29.78100,1933.750,3
19:02:30.57000,1933.750,1
19:02:33.89800,1933.500,1
19:02:40.16700,1933.500,29
19:02:40.85100,1933.500,13
19:02:44.74200,1933.750,1
19:02:49.23000,1933.750,1
19:02:51.94900,1933.500,17
19:02:56.40200,1934.000,1
19:03:03.75300,1934.000,19
19:03:07.64400,1934.250,2
19:03:17.64000,1934.250,5
19:03:20.48400,1934.250,1
19:03:27.31600,1934.000,5
19:03:27.53100,1934.000,2
19:03:27.80800,1934.000,13
19:03:31.02300,1933.750,26
19:03:42.51900,1934.000,5
19:03:49.16400,1933.750,5
19:03:58.21400,1934.000,1
19:04:07.68300,1933.750,17
19:04:09.86300,1933.750,2
19:04:31.18700,1934.000,39
19:04:32.15600,1934.000,2
19:04:33.56600,1933.750,13
19:04:56.17500,1933.500,32
19:04:56.22600,1933.500,3
19:04:57.02300,1934.000,14
19:05:03.03900,1933.750,10
19:05:05.05800,1933.750,4
19:05:18.05000,1933.750,1
19:05:20.46000,1933.750,1
19:05:20.75000,1933.750,3
19:05:20.96000,1933.500,8
19:05:28.00300,1933.500,2
19:05:31.57000,1933.250,31
19:05:32.78500,1933.500,1
19:05:34.04600,1933.500,1
19:05:34.08200,1933.250,3
19:05:35.92500,1933.000,35
19:05:36.09300,1933.250,1
19:05:36.62100,1933.000,8
19:05:37.83900,1933.000,1
19:05:38.68300,1933.000,1
19:05:40.04200,1933.250,1
19:05:43.76100,1933.250,1
19:05:43.86700,1933.250,2
19:05:44.66700,1933.250,26
19:05:45.46000,1933.250,53
19:05:45.52300,1933.000,2
19:05:47.64400,1933.000,11
19:05:48.41400,1933.000,3
19:05:48.87500,1933.250,2
19:05:50.62500,1933.000,1
19:05:55.85500,1933.000,42
19:05:56.03100,1933.000,2
19:05:56.46800,1933.000,3
19:05:59.52300,1932.750,9
19:06:01.03900,1932.750,2
19:06:01.52700,1933.000,1
19:06:01.71800,1933.000,16
19:06:02.28100,1933.250,1
19:06:08.91400,1933.250,39
19:06:09.02700,1933.250,2
19:06:20.52700,1933.250,35
19:06:22.19100,1933.250,1
19:06:23.01100,1933.500,2
19:06:23.41700,1933.250,7
19:06:40.13200,1933.250,24
19:06:55.05000,1933.250,1
19:06:55.64000,1933.250,1
19:06:59.28500,1933.000,7
19:07:02.33200,1933.250,22
19:07:03.23400,1933.500,2
19:07:05.14400,1933.250,62
19:07:05.57800,1933.500,4
19:07:05.73400,1933.500,3
19:07:05.96800,1933.250,4
19:07:08.00300,1933.500,1
19:07:08.18300,1933.750,2
19:07:09.65600,1933.500,1
19:07:11.12800,1933.250,1
19:07:13.14000,1933.500,8
19:07:14.55400,1933.500,1
19:07:16.97200,1933.500,1
19:07:19.92100,1933.500,5
19:07:21.36300,1933.500,1
19:07:22.97200,1933.500,2
19:07:23.74200,1933.750,1
19:07:27.52300,1933.500,1
19:07:29.28100,1933.750,1
19:07:33.53900,1933.750,6
19:07:34.73000,1933.750,44
19:07:35.33500,1933.750,8
19:07:37.64000,1933.750,5
19:07:42.81600,1933.750,5
19:07:43.53100,1933.500,13
19:07:47.17500,1933.750,8
19:07:48.48400,1933.500,6
19:07:54.52700,1933.750,8
19:08:00.85900,1933.750,17
19:08:03.60100,1934.000,8
19:08:03.84700,1933.750,1
19:08:04.48400,1934.000,50
19:08:04.97200,1934.250,2
19:08:05.11300,1934.250,1
19:08:09.77700,1934.000,1
19:08:09.87100,1934.000,1
19:08:10.01900,1934.250,1
19:08:13.14000,1934.250,1
19:08:19.87500,1934.000,10
19:08:20.05400,1934.250,1
19:08:23.94100,1934.000,1
19:08:24.67900,1934.000,23
19:08:25.33500,1934.000,1
19:08:26.14400,1934.000,21
19:08:27.09300,1934.250,6
19:08:27.33900,1934.000,6
19:08:27.51900,1934.250,1
19:08:29.34300,1934.500,1
19:08:32.78500,1934.500,2
19:08:33.83200,1934.500,1
19:08:38.33200,1934.250,51
19:08:38.48400,1934.000,9
19:08:39.69500,1934.250,18
19:08:39.91000,1934.250,3
19:08:40.39000,1934.250,5
19:08:40.73800,1934.250,2
19:08:41.38600,1934.000,1
19:08:42.05000,1934.250,1
19:08:44.68300,1934.000,4
19:08:44.91700,1934.250,1
19:08:46.14800,1934.250,1
19:08:46.57400,1934.250,1
19:08:47.53500,1934.000,23
19:08:50.42500,1934.250,1
19:09:10.19500,1934.000,21
19:09:10.25700,1933.750,3
19:09:13.53900,1933.750,14
19:09:17.49200,1933.750,2
19:09:18.14800,1934.000,7
19:09:19.32000,1934.000,2
19:09:20.68700,1933.750,10
19:09:24.64000,1934.000,8
19:09:25.28900,1934.000,5
19:09:25.34300,1934.000,3
19:09:25.54600,1934.000,4
19:09:27.57000,1934.000,3
19:09:30.31200,1933.750,58
19:09:32.05000,1934.000,2
19:09:32.66400,1934.000,3
19:09:40.87500,1934.000,1
19:09:45.93300,1934.000,38
19:09:46.10100,1934.000,4
19:09:49.64000,1934.000,15
19:09:50.12100,1934.000,2
19:09:55.25700,1933.750,1
19:10:01.05400,1933.750,29
19:10:01.70700,1934.000,7
19:10:02.44500,1933.750,15
19:10:09.60900,1934.000,6
19:10:10.65600,1934.000,3
19:10:11.10100,1933.750,8
19:10:17.18700,1934.000,1
19:10:17.70300,1934.000,7
19:10:17.89400,1934.000,1
19:10:25.00700,1933.750,17
19:10:25.93300,1934.000,1
19:10:30.01900,1934.000,3
19:10:36.11700,1934.250,1
19:10:42.59300,1934.000,12
19:10:42.81600,1934.000,5
19:10:43.49200,1934.000,20
19:10:43.55000,1934.000,3
19:10:44.39800,1933.750,14
19:10:45.32400,1934.000,3
19:10:50.32400,1934.000,3
19:10:52.93300,1934.000,1
19:11:05.06600,1934.000,3
19:11:19.10900,1933.750,33
19:11:41.01100,1934.000,44
19:11:41.41000,1934.250,3
19:11:43.94100,1934.000,4
19:11:47.60900,1934.000,2
19:11:51.46400,1934.000,4
19:11:53.28500,1934.000,3
19:12:14.95700,1934.000,13
19:12:15.01100,1933.750,3
19:12:15.35100,1933.750,2
19:12:21.35900,1934.000,2
19:12:26.33200,1934.000,4
19:12:35.43700,1934.000,3
19:12:36.85100,1933.750,160
19:12:37.01500,1933.750,11
19:12:38.72200,1933.750,1
19:12:39.95300,1933.750,1
19:12:40.85500,1933.750,2
19:12:46.47200,1933.750,1
19:12:47.80400,1933.750,1
19:12:50.44900,1933.500,67
19:12:50.45700,1933.250,12
19:12:51.40200,1933.500,60
19:12:51.50300,1933.250,12
19:12:53.17900,1933.500,1
19:12:53.48000,1933.500,2
19:12:53.75000,1933.750,2
19:12:53.93700,1933.750,4
19:12:56.70700,1933.750,2
19:13:03.10100,1933.750,9
19:13:08.79600,1933.750,2
19:13:09.50700,1933.750,14
19:13:10.12100,1934.000,2
19:13:16.85100,1933.750,1
19:13:41.94900,1934.000,1
19:13:42.89800,1934.000,211
19:13:43.01900,1934.000,14
19:13:43.05000,1934.250,2
19:13:44.12100,1934.000,14
19:13:45.30800,1934.250,2
19:13:47.35500,1934.250,7
19:13:49.90200,1934.000,7
19:13:52.48400,1934.250,3
19:13:53.00300,1934.250,1
19:13:54.63200,1934.250,3
19:13:54.86300,1934.250,1
19:13:55.72600,1934.250,1
19:13:57.01900,1934.250,18
19:14:08.63600,1934.250,27
19:14:24.26900,1934.000,13
19:14:24.89400,1934.000,2
19:14:28.36700,1934.250,20
19:14:30.13600,1934.500,1
19:14:33.18300,1934.500,1
19:14:41.53500,1934.250,1
19:14:42.17100,1934.250,17
19:14:44.07400,1934.250,35
19:14:44.88600,1934.500,4
19:14:47.44900,1934.500,5
19:14:48.80800,1934.500,13
19:14:49.21800,1934.750,3
19:14:49.44900,1934.500,2
19:14:53.71000,1934.500,9
19:14:56.39800,1934.500,10
19:15:03.85500,1934.500,5
19:15:06.01500,1934.250,31
19:15:06.07800,1934.000,6
19:15:06.22200,1934.000,7
19:15:07.92900,1934.000,9
19:15:09.83500,1934.250,1
19:15:11.38200,1934.000,2
19:15:14.56600,1934.250,12
19:15:14.71400,1934.250,7
19:15:15.15200,1934.250,2
19:15:34.55000,1934.250,1
19:15:43.55000,1934.250,15
19:15:49.94500,1934.250,1
19:15:53.26500,1934.250,1
19:15:54.08900,1934.000,1
19:15:56.32400,1934.000,13
19:16:05.69900,1934.250,28
19:16:06.39400,1934.250,1
19:16:09.31600,1934.250,3
19:16:09.37500,1934.000,3
19:16:14.10100,1934.250,1
19:16:15.57000,1934.500,31
19:16:16.32400,1934.500,9
19:16:19.47200,1934.500,20
19:16:21.01500,1934.750,6
19:16:21.80400,1934.750,5
19:16:25.55000,1934.500,4
19:16:36.23000,1934.250,9
19:16:45.68700,1934.500,2
19:16:52.00700,1934.500,1
19:16:54.21400,1934.500,1
19:17:13.82800,1934.500,7
19:17:27.82400,1934.500,1
19:17:28.53900,1934.250,1
19:17:28.64000,1934.500,7
19:17:28.83900,1934.500,1
19:17:30.83200,1934.500,1
19:17:35.02700,1934.500,36
19:17:37.27300,1934.750,1
19:17:38.02700,1934.500,1
19:17:39.88200,1934.500,2
19:17:44.38600,1934.500,4
19:17:49.27700,1934.500,11
19:17:50.36700,1934.500,1
19:17:50.84700,1934.500,1
19:17:52.91000,1934.750,1
19:17:54.41400,1934.750,1
19:17:56.06200,1934.750,1
19:17:56.26500,1934.750,1
19:18:05.02700,1934.750,2
19:18:05.23400,1934.750,1
19:18:05.42100,1934.750,62
19:18:07.41400,1934.750,2
19:18:10.68300,1934.750,2
19:18:11.79600,1935.000,8
19:18:15.12800,1935.000,1
19:18:16.91000,1935.000,1
19:18:17.85500,1935.000,21
19:18:19.11300,1935.000,28
19:18:19.30400,1935.000,10
19:18:19.82400,1935.000,1
19:18:20.09700,1935.000,30
19:18:20.53100,1935.000,1
19:18:21.06200,1935.000,1
19:18:21.33500,1935.000,1
19:18:24.14000,1935.000,1
19:18:25.21800,1935.000,2
19:18:25.84300,1935.000,1
19:18:35.19900,1934.750,1
19:18:41.09700,1934.750,2
19:18:41.47600,1934.750,39
19:18:42.57400,1934.750,2
19:19:04.23400,1934.750,2
19:19:05.20300,1934.750,33
19:19:15.39800,1935.000,33
19:19:15.67900,1935.250,5
19:19:17.05400,1935.000,25
19:19:23.22600,1935.000,25
19:19:28.10100,1935.000,1
19:19:28.58500,1935.000,60
19:19:35.22200,1935.000,56
19:19:35.56200,1935.000,4
19:19:35.76900,1935.000,2
19:19:37.80400,1935.000,1
19:19:38.23400,1935.000,1
19:19:38.36300,1935.000,2
19:19:44.74600,1935.000,5
19:19:44.87800,1935.250,1
19:20:03.69100,1935.250,2
19:20:05.60500,1935.250,1
19:20:06.23000,1935.250,1
19:20:06.43300,1935.250,1
19:20:12.13600,1935.000,1
19:20:20.64000,1935.000,10
19:20:23.57000,1935.000,49
19:20:26.05400,1935.000,1
19:20:28.23400,1935.000,1
19:20:30.53900,1935.000,1
19:20:32.18300,1934.750,2
19:20:32.78100,1935.000,10
19:20:35.96800,1934.750,1
19:20:40.60100,1934.750,1
19:20:42.25000,1935.000,1
19:20:57.63200,1935.000,2
19:21:04.85500,1935.000,19
19:21:05.09300,1935.000,1
19:21:05.67900,1935.000,1
19:21:20.77700,1935.000,5
19:21:23.74200,1935.000,4
19:21:24.16700,1935.000,10
19:21:31.77700,1935.000,1
19:21:36.43300,1935.000,8
19:21:36.69500,1935.000,2
19:21:37.25000,1935.250,1
19:21:37.82000,1935.000,1
19:21:38.04600,1935.000,1
19:21:41.16700,1935.000,3
19:21:50.14400,1935.000,5
19:22:08.58200,1935.000,3
19:22:10.06200,1934.750,1
19:22:12.78100,1935.000,1
19:22:17.57400,1935.000,1
19:22:22.21800,1935.000,2
19:22:24.54200,1935.000,1
19:22:27.17100,1934.750,2
19:22:34.13600,1935.000,4
19:22:35.40200,1935.000,1
19:22:47.16000,1934.750,1
19:22:50.26100,1934.750,39
19:22:51.12100,1934.750,1
19:22:52.37800,1934.750,2
19:22:53.73000,1934.750,1
19:22:57.32800,1935.000,97
19:22:57.48400,1935.000,5
19:22:57.67500,1935.000,4
19:22:58.03500,1935.000,2
19:22:58.62800,1935.000,1
19:22:59.61300,1935.000,8
19:23:01.37500,1935.000,3
19:23:01.54200,1935.000,6
19:23:03.32800,1934.750,1
19:23:03.68700,1935.000,2
19:23:06.81600,1934.750,1
19:23:09.60100,1935.000,1
19:23:12.73000,1934.750,30
19:23:17.13600,1934.750,1
19:23:18.87800,1934.500,2
19:23:20.59300,1934.750,2
19:23:25.62800,1934.750,4
19:23:26.56200,1934.750,1
19:23:46.32000,1934.750,7
19:23:51.31200,1935.000,68
19:23:55.64400,1935.000,10
19:23:57.06200,1935.000,5
19:23:57.60900,1935.000,3
19:23:59.47600,1934.750,2
19:23:59.88200,1935.000,1
19:24:01.59700,1935.000,11
19:24:06.16700,1935.000,12
19:24:09.12100,1935.000,1
19:24:17.82800,1935.000,2
19:24:21.75300,1934.750,17
19:24:21.92100,1934.750,3
19:24:34.65600,1934.750,1
19:24:37.95300,1934.750,1
19:24:44.60100,1934.750,5
19:25:10.94100,1934.500,3
19:25:13.46800,1934.750,44
19:25:30.03500,1935.000,19
19:25:34.65600,1935.000,1
19:25:42.70700,1935.000,2
19:25:43.70300,1935.000,1
19:25:45.93700,1935.000,2
19:25:47.59300,1935.000,2
19:25:57.92100,1935.000,10
19:26:14.78500,1935.000,2
19:26:20.84700,1934.750,59
19:26:27.71400,1934.750,2
19:26:41.67500,1935.000,1
19:26:45.79600,1935.000,1
19:26:55.50700,1934.750,2
19:27:01.75700,1934.750,8
19:27:15.45700,1934.750,1
19:27:19.96000,1934.750,2
19:27:21.49200,1934.750,3
19:27:21.89000,1934.750,1
19:27:41.07000,1934.750,1
19:27:44.80000,1934.750,10
19:27:49.27300,1934.750,1
19:27:50.97200,1934.750,5
19:27:52.94900,1934.750,1
19:28:00.62100,1934.750,4
19:28:00.74600,1934.750,1
19:28:01.77300,1934.750,1
19:28:07.88200,1934.750,5
19:28:08.06600,1934.750,1
19:28:08.22600,1934.750,1
19:28:11.61300,1934.750,1
19:28:23.87800,1935.000,19
19:28:25.21000,1935.000,1
19:28:38.12800,1934.750,2
19:28:46.83900,1934.750,1
19:28:47.03100,1934.750,1
19:28:50.50000,1934.750,3
19:28:56.73800,1934.500,10
19:29:01.80800,1934.250,25
19:29:03.85100,1934.500,5
19:29:04.13200,1934.750,1
19:29:05.87800,1934.500,1
19:29:06.42900,1934.500,2
19:29:11.51900,1934.750,20
19:29:19.03500,1934.500,1
19:29:25.70700,1934.750,2
19:29:40.92900,1934.750,1
19:29:51.54200,1934.500,2
19:30:03.91700,1934.750,2
19:30:06.71400,1934.750,1
19:30:24.34300,1934.750,25
19:30:25.06200,1935.000,2
19:30:28.90200,1934.750,1
19:30:30.68700,1934.750,18
19:30:31.21400,1934.750,2
19:30:37.16700,1934.750,2
19:30:39.10100,1934.750,1
19:31:11.15600,1934.500,6
19:31:18.65600,1934.750,1
19:31:27.70300,1934.500,3
19:31:38.81600,1934.750,1
19:31:41.71000,1934.750,4
19:31:49.30400,1934.750,1
19:31:57.39000,1934.500,28
19:31:58.35100,1934.500,1
19:32:06.66000,1934.250,10
19:32:07.76500,1934.250,1
19:32:11.47200,1934.500,85
19:32:18.56600,1934.500,1
19:32:20.39000,1934.500,15
19:32:20.57400,1934.500,2
19:32:21.30000,1934.500,1
19:32:30.05800,1934.500,11
19:32:35.37500,1934.500,1
19:32:47.15200,1934.250,82
19:32:47.57400,1934.250,2
19:33:08.93300,1934.250,2
19:33:12.80800,1934.250,1
19:33:22.31200,1934.250,1
19:33:28.18700,1934.250,1
19:33:32.94500,1934.250,16
19:33:41.15200,1934.250,7
19:33:44.23400,1934.000,1
19:33:44.43300,1934.000,23
19:33:46.65200,1934.000,1
19:33:54.01500,1934.000,5
19:33:58.11300,1934.000,1
19:33:58.26900,1933.750,20
19:34:14.59700,1933.750,9
19:34:19.48000,1933.750,1
19:34:26.82800,1933.750,3
19:34:30.13200,1933.750,1
19:34:30.55000,1933.750,1
19:34:35.11700,1933.750,21
19:34:35.59300,1933.750,4
19:34:41.53900,1933.750,1
19:35:01.44100,1934.000,4
19:35:03.46800,1934.250,115
19:35:09.96800,1934.500,2
19:35:15.50000,1934.500,1
19:35:15.88200,1934.250,10
19:35:17.41700,1934.250,1
19:35:21.00000,1934.250,36
19:35:25.36300,1934.250,1
19:35:30.10500,1934.250,1
19:35:35.58200,1934.250,8
19:35:38.14400,1934.500,1
19:35:43.60500,1934.250,2
19:35:59.89400,1934.500,1
19:36:01.81200,1934.500,14
19:36:27.30400,1934.750,1
19:36:29.11700,1934.500,1
19:36:58.85500,1934.750,26
19:37:06.17100,1934.750,2
19:37:09.60900,1934.750,14
19:37:11.83200,1935.000,1
19:37:12.12100,1934.750,2
19:37:16.81200,1934.750,11
19:37:40.57000,1934.750,1
19:37:43.94500,1934.750,5
19:37:44.34700,1934.500,4
19:37:55.15600,1934.750,2
19:37:55.29600,1934.750,1
19:37:55.48400,1934.750,1
19:37:55.67100,1934.750,1
19:38:08.28100,1934.750,12
19:38:12.54600,1934.750,4
19:38:12.76500,1934.750,1
19:38:20.45700,1935.000,2
19:38:22.35100,1935.000,24
19:38:22.66400,1935.000,2
19:38:23.32400,1935.250,2
19:38:27.21800,1935.000,6
19:38:39.64000,1934.750,2
19:38:40.76500,1934.750,2
19:38:42.93700,1934.750,10
19:38:49.10500,1934.750,18
19:38:51.47600,1935.000,1
19:38:55.58900,1935.000,1
19:38:56.75700,1934.750,8
19:38:57.89400,1934.750,1
19:38:59.74600,1934.750,1
19:39:04.39400,1934.750,2
19:39:10.51900,1934.750,3
19:39:11.30000,1934.750,2
19:39:16.37100,1934.750,1
19:39:21.29600,1934.750,1
19:39:22.30800,1934.500,2
19:39:26.05000,1934.750,2
19:39:35.83500,1934.500,28
19:39:35.88200,1934.500,20
19:39:37.01900,1934.500,5
19:39:38.37100,1934.500,4
19:39:49.91700,1934.500,3
19:39:52.28100,1934.500,1
19:40:04.61300,1934.500,2
19:40:34.60500,1934.500,1
19:40:38.87800,1934.500,1
19:40:45.25700,1934.250,22
19:40:51.19900,1934.250,7
19:40:56.79600,1934.250,1
19:40:57.00300,1934.250,4
19:40:59.51100,1934.250,3
19:41:08.33900,1934.000,2
19:41:11.42500,1934.000,13
19:41:11.57000,1934.000,10
19:41:13.53500,1934.250,30
19:41:13.71800,1934.000,1
19:41:24.32800,1934.000,1
19:41:24.49200,1934.000,13
19:41:33.96400,1933.750,23
19:41:34.08900,1933.750,10
19:41:35.67100,1933.750,3
19:41:36.46000,1933.750,18
19:41:36.54600,1934.000,2
19:41:38.35100,1934.000,1
19:41:47.46800,1934.000,1
19:41:49.80400,1934.000,3
19:42:05.64400,1934.000,46
19:42:12.89800,1934.250,2
19:42:23.28900,1934.250,41
19:42:27.70300,1934.250,14
19:42:34.32800,1934.250,1
19:42:43.69500,1934.250,1
19:42:44.78500,1934.250,3
19:42:56.66700,1934.000,30
19:43:12.38200,1934.000,4
19:43:17.95700,1934.000,1
19:43:18.21400,1934.000,1
19:43:18.36300,1934.000,1
19:43:20.04600,1934.000,10
19:43:23.26900,1934.000,1
19:43:27.09700,1934.000,12
19:43:33.67500,1934.000,1
19:43:35.02700,1934.000,1
19:43:35.35900,1934.000,1
19:44:11.23000,1934.250,24
19:44:11.33200,1934.250,1
19:44:15.42900,1934.000,1
19:44:18.47600,1934.250,10
19:44:30.32000,1934.250,1
19:44:30.71400,1934.250,1
19:44:31.70300,1934.250,2
19:44:32.92500,1934.250,29
19:44:34.34300,1934.250,2
19:44:51.06600,1934.250,1
19:44:54.86700,1934.000,10
19:44:58.55800,1934.000,1
19:45:11.37100,1934.000,3
19:45:13.61300,1934.000,11
19:45:21.65600,1934.000,1
19:45:26.86300,1934.000,2
19:45:37.93300,1933.750,47
19:45:39.53500,1933.750,1
19:45:42.96000,1933.750,17
19:45:43.10500,1933.500,8
19:45:43.14000,1933.500,17
19:45:43.17900,1933.500,1
19:45:54.19900,1933.750,1
19:45:58.15600,1933.750,7
19:45:58.61700,1933.750,1
19:46:14.62500,1933.750,13
19:46:15.90200,1933.750,3
19:46:16.38600,1934.000,1
19:46:17.24600,1933.750,4
19:46:17.40600,1933.750,1
19:46:17.59300,1933.750,3
19:46:19.06200,1933.500,2
19:46:19.45300,1933.750,1
19:46:21.68700,1933.500,2
19:46:22.39400,1933.750,1
19:46:22.84300,1933.750,2
19:46:24.56600,1933.750,2
19:46:30.41000,1933.750,2
19:46:34.29200,1933.750,3
19:46:36.67900,1933.750,1
19:46:37.35500,1933.750,1
19:46:42.85500,1933.750,3
19:46:44.35500,1933.750,1
19:46:45.79200,1933.750,1
19:46:49.62100,1933.750,1
19:46:50.92900,1933.750,1
19:46:52.92100,1933.750,1
19:46:55.81600,1933.500,90
19:47:08.07000,1933.500,3
19:47:23.66400,1933.500,21
19:47:25.85100,1933.250,5
19:47:27.44100,1933.500,1
19:47:27.73400,1933.250,2
19:47:30.31600,1933.250,54
19:47:32.70300,1933.000,10
19:47:34.00000,1933.000,1
19:47:36.81200,1933.000,7
19:47:39.93700,1933.250,1
19:47:40.56600,1933.000,1
19:47:42.61700,1933.000,118
19:47:43.76100,1932.750,4
19:47:44.92500,1932.750,1
19:47:45.50300,1933.000,70
19:47:45.62100,1933.000,22
19:47:45.92500,1933.000,3
19:47:46.94500,1933.000,16
19:47:50.24200,1933.000,3
19:47:50.58200,1933.000,1
19:47:59.12100,1933.000,1
19:47:59.51500,1933.000,3
19:48:02.63600,1933.000,3
19:48:02.82400,1933.000,9
19:48:03.03500,1933.000,5
19:48:04.68700,1933.000,3
19:48:15.62800,1933.250,1
19:48:21.85500,1933.000,68
19:48:22.88600,1933.000,16
19:48:24.90600,1933.000,5
19:48:28.56200,1933.000,2
19:48:30.09700,1933.000,1
19:48:36.43300,1933.250,1
19:48:41.80800,1933.250,1
19:48:44.06200,1933.000,10
19:48:48.08500,1933.250,8
19:48:50.59700,1933.000,3
19:48:52.36300,1933.250,7
19:48:52.75300,1933.250,1
19:48:55.83500,1933.250,4
19:49:02.92500,1933.500,14
19:49:03.39400,1933.500,1
19:49:10.14800,1933.500,1
19:49:30.83900,1933.500,1
19:49:37.10500,1933.500,1
19:49:42.59700,1933.500,1
19:49:47.53100,1933.250,1
19:49:51.92500,1933.250,1
19:49:54.25300,1933.500,1
19:49:55.38200,1933.250,3
19:49:56.49600,1933.500,1
19:50:07.20300,1933.250,11
19:50:07.36700,1933.250,46
19:50:08.94500,1933.000,1
19:50:14.12100,1933.000,1
19:50:15.53100,1933.250,11
19:50:18.08900,1933.250,11
19:50:23.76500,1933.000,2
19:50:24.41000,1933.000,6
19:50:27.76900,1933.000,18
19:50:28.92900,1933.000,3
19:50:33.01900,1933.000,1
19:50:33.84700,1933.000,4
19:50:40.12500,1933.000,1
19:50:44.68700,1933.000,7
19:50:47.04200,1933.250,1
19:50:57.56200,1933.250,2
19:50:58.89400,1933.250,6
19:51:04.27700,1933.000,6
19:51:06.57800,1933.000,11
19:51:08.58200,1933.250,10
19:51:09.12100,1933.250,1
19:51:11.40200,1933.000,1
19:51:12.21400,1933.000,1
19:51:14.03900,1933.250,11
19:51:15.48000,1933.250,16
19:51:15.70700,1933.250,2
19:51:17.10500,1933.000,1
19:51:20.10100,1933.000,2
19:51:21.07000,1933.250,1
19:51:21.23000,1933.000,1
19:51:30.72200,1933.000,1
19:51:31.57400,1933.000,1
19:51:36.73800,1933.000,1
19:51:37.79200,1933.000,1
19:51:37.96800,1933.250,6
19:51:46.94900,1933.250,1
19:51:47.65600,1933.000,9
19:51:48.60100,1933.250,1
19:51:55.00300,1933.000,1
19:52:10.70700,1933.250,6
19:52:19.36700,1933.250,50
19:52:22.92100,1933.250,14
19:52:32.27700,1933.000,156
19:52:32.44900,1933.000,13
19:52:32.50300,1933.000,2
19:52:32.88200,1933.000,14
19:52:41.26100,1933.250,29
19:52:56.94500,1933.000,10
19:52:57.32000,1933.000,10
19:53:03.31200,1933.000,23
19:53:09.14000,1933.000,1
19:53:10.33500,1933.000,1
19:53:15.62100,1932.750,1
19:53:18.48000,1932.750,1
19:53:19.28100,1932.750,1
19:53:19.80000,1932.750,2
19:53:23.06600,1932.750,76
19:53:23.39400,1932.750,1
19:53:25.65600,1932.750,12
19:53:25.91000,1932.750,26
19:53:26.41400,1932.750,9
19:53:27.03100,1932.750,4
19:53:27.85100,1932.750,8
19:53:27.92500,1932.750,11
19:53:28.66000,1932.750,2
19:53:29.03500,1933.000,1
19:53:29.67900,1932.750,8
19:53:30.90200,1932.750,4
19:53:33.45300,1932.750,16
19:53:36.06200,1932.750,1
19:53:37.66400,1932.750,3
19:53:37.94500,1932.750,2
19:53:38.08500,1932.750,1
19:53:46.14800,1932.750,1
19:53:47.96000,1932.750,22
19:53:48.17100,1932.500,61
19:53:48.34300,1932.500,36
19:53:49.03500,1932.500,1
19:53:54.95700,1932.500,94
19:53:55.92500,1932.500,5
19:53:56.12500,1932.500,1
19:53:58.05000,1932.750,2
19:54:01.84300,1932.500,3
19:54:02.10100,1932.500,1
19:54:02.95700,1932.500,1
19:54:03.86300,1932.500,1
19:54:04.14000,1932.500,14
19:54:05.12100,1932.500,5
19:54:05.35900,1932.500,1
19:54:05.86300,1932.500,1
19:54:06.92900,1932.500,1
19:54:07.52700,1932.250,32
19:54:08.94900,1932.250,1
19:54:09.55000,1932.500,1
19:54:10.46800,1932.250,1
19:54:14.01500,1932.500,2
19:54:15.17100,1932.250,1
19:54:15.28100,1932.250,50
19:54:16.19100,1932.250,3
19:54:16.65200,1932.250,1
19:54:17.51100,1932.250,3
19:54:18.74200,1932.250,1
19:54:26.81600,1932.500,23
19:54:32.77300,1932.500,10
19:54:36.15200,1932.500,1
19:54:55.27700,1932.750,4
19:54:57.07000,1932.750,2
19:54:59.45700,1932.750,28
19:55:02.41000,1932.750,7
19:55:05.17500,1932.750,7
19:55:05.66000,1932.750,4
19:55:06.67500,1932.750,1
19:55:11.67500,1932.750,2
19:55:12.80400,1932.750,1
19:55:16.09300,1933.000,1
19:55:17.29600,1932.750,1
19:55:17.57400,1932.750,5
19:55:17.65200,1932.750,1
19:55:21.33200,1932.750,1
19:55:22.59300,1932.750,5
19:55:25.75000,1933.000,2
19:55:27.07800,1932.750,1
19:55:27.64800,1932.750,14
19:55:35.24600,1932.500,2
19:55:36.07400,1932.500,1
19:55:37.77300,1932.500,36
19:55:55.14000,1932.750,34
19:55:56.31200,1932.750,10
19:55:56.45300,1932.750,2
19:55:57.73000,1932.750,4
19:55:59.29600,1932.750,6
19:56:01.34300,1932.500,2
19:56:01.80400,1932.750,2
19:56:02.05000,1932.750,3
19:56:03.73000,1932.750,1
19:56:07.82400,1932.750,3
19:56:15.31600,1932.750,10
19:56:15.83200,1932.750,2
19:56:19.26100,1932.750,1
19:56:23.25700,1932.500,13
19:56:34.28100,1932.750,1
19:56:35.01500,1932.750,1
19:56:36.51900,1932.750,13
19:56:39.80000,1932.500,13
19:56:41.00700,1932.500,1
19:56:49.35100,1932.500,1
19:56:49.50300,1932.750,2
19:56:50.19100,1932.750,1
19:56:55.05400,1932.500,1
19:56:57.44900,1932.500,1
19:57:03.10500,1932.500,3
19:57:04.05400,1932.500,1
19:57:09.46800,1932.500,1
19:57:10.20300,1932.500,1
19:57:14.02300,1932.750,2
19:57:14.44900,1932.500,1
19:57:19.04200,1932.500,1
19:57:26.60500,1932.500,2
19:57:33.29200,1932.500,23
19:57:37.07800,1932.500,5
19:57:39.14000,1932.500,15
19:57:39.93700,1932.250,1
19:57:41.46000,1932.500,4
19:57:46.59700,1932.500,1
19:57:47.13200,1932.500,3
19:57:50.20300,1932.500,1
19:57:50.60500,1932.500,7
19:57:54.82400,1932.500,2
19:57:58.62100,1932.500,7
19:58:09.17500,1932.750,81
19:58:10.19100,1932.500,1
19:58:16.21000,1932.750,2
19:58:19.49200,1932.750,4
19:58:19.64800,1932.750,12
19:58:19.72600,1932.750,1
19:58:25.30800,1932.750,3
19:58:29.69500,1932.750,2
19:58:30.49200,1933.000,2
19:58:31.63600,1932.750,6
19:58:32.87500,1932.750,1
19:58:33.43300,1933.000,10
19:58:36.91400,1932.500,1
19:58:42.50300,1932.500,1
19:58:46.58500,1932.500,1
19:58:48.09700,1932.750,12
19:58:49.89400,1932.750,2
19:58:55.87800,1932.500,29
19:58:57.65600,1932.750,1
19:59:02.48000,1932.750,14
19:59:03.58900,1932.750,3
19:59:06.03100,1932.750,1
19:59:11.86300,1932.750,2
19:59:13.53900,1932.750,1
19:59:13.77700,1932.750,2
19:59:21.44900,1932.750,1
19:59:22.34700,1933.000,1
19:59:24.17100,1932.750,1
19:59:26.20700,1933.000,35
19:59:26.37500,1933.000,3
19:59:31.33900,1933.000,1
19:59:33.80400,1933.000,18
19:59:39.08900,1933.000,1
19:59:40.29200,1933.000,1
19:59:43.64800,1933.000,1
19:59:50.00300,1932.750,10
19:59:55.08900,1932.750,4
20:00:00.20300,1932.750,0
20:00:00.34700,1932.750,3
20:00:00.46800,1932.750,3
20:00:00.83500,1932.750,8
20:00:01.09300,1932.750,2
20:00:01.39800,1932.750,3
20:00:02.29600,1932.750,6
20:00:03.32000,1932.750,7
20:00:03.53500,1932.750,17
20:00:04.10500,1932.750,2
20:00:05.11700,1932.750,1
20:00:05.32800,1932.750,3
20:00:05.45300,1932.750,3
20:00:05.48400,1932.750,3
20:00:05.66000,1932.750,4
20:00:05.80000,1932.750,2
20:00:05.89400,1932.750,2
20:00:05.92500,1933.000,1
20:00:06.13600,1932.750,15
20:00:06.16000,1933.000,1
20:00:06.33500,1932.750,4
20:00:06.44900,1933.000,3
20:00:06.68700,1933.000,1
20:00:06.93700,1933.000,2
20:00:07.13200,1933.000,2
20:00:07.17900,1933.000,1
20:00:07.30400,1933.000,1
20:00:07.57800,1933.000,2
20:00:07.68700,1933.000,1
20:00:07.85500,1933.000,3
20:00:07.91700,1933.000,1
20:00:08.27300,1933.000,3
20:00:08.48400,1933.000,2
20:00:08.58900,1933.000,1
20:00:09.25300,1933.000,1
20:00:09.50000,1933.000,3
20:00:11.64000,1933.000,1
20:00:14.72200,1932.750,3
20:00:15.41700,1932.750,1
20:00:15.81600,1932.750,1
20:00:16.14800,1933.000,1
20:00:17.15600,1932.750,1
20:00:19.87500,1932.750,10
20:00:20.48400,1932.750,13
20:00:22.33500,1932.750,9
20:00:23.54200,1932.750,2
20:00:23.79200,1932.750,1
20:00:25.69900,1932.750,1
20:00:27.63600,1932.750,1
20:00:30.37100,1932.750,1
20:00:31.87100,1932.500,19
20:00:32.13600,1932.750,1
20:00:33.16400,1932.500,4
20:00:34.39800,1932.500,4
20:00:34.58900,1932.500,27
20:00:35.41400,1932.250,5
20:00:35.71400,1932.250,5
20:00:37.32000,1932.500,21
20:00:38.71800,1932.500,1
20:00:39.17100,1932.500,1
20:00:40.92900,1932.500,1
20:00:42.79200,1932.500,1
20:00:43.61700,1932.000,523
20:00:43.67900,1932.000,3
20:00:43.75700,1932.000,3
20:00:44.11300,1932.250,4
20:00:44.61700,1932.000,1
20:00:45.48400,1932.250,1
20:00:46.13200,1932.000,2
20:00:46.50300,1932.250,1
20:00:47.21400,1932.250,1
20:00:50.18700,1932.250,1
20:00:51.09700,1932.250,53
20:00:52.10500,1932.250,11
20:00:56.12500,1932.500,1
20:00:56.60900,1932.250,1
20:01:02.62100,1932.250,47
20:01:02.75300,1932.250,1
20:01:03.29200,1932.250,5
20:01:03.80800,1932.250,3
20:01:06.72600,1932.250,7
20:01:07.23800,1932.250,10
20:01:09.05400,1932.250,1
20:01:09.78100,1932.250,1
20:01:12.01900,1932.250,1
20:01:14.06200,1932.000,15
20:01:15.64000,1932.250,13
20:01:16.37500,1932.250,5
20:01:16.72600,1932.500,1
20:01:17.12800,1932.000,2
20:01:23.07800,1932.250,4
20:01:24.68700,1932.250,1
20:01:27.42500,1932.000,1
20:01:31.41700,1932.000,1
20:01:34.39400,1932.000,1
20:01:34.57400,1932.000,7
20:01:37.19500,1932.000,1
20:01:38.78100,1932.000,2
20:01:39.21400,1932.000,4
20:01:40.60100,1932.250,2
20:01:40.77300,1932.250,32
20:01:40.77300,1932.250,1
20:01:41.35900,1932.250,4
20:01:42.24200,1932.250,1
20:01:43.82400,1932.250,13
20:01:44.23800,1932.250,6
20:01:44.70700,1932.250,5
20:01:45.80800,1932.000,1
20:01:47.93700,1932.250,8
20:01:57.32800,1932.250,10
20:02:03.11300,1932.250,2
20:02:03.27300,1932.000,16
20:02:03.40600,1932.250,2
20:02:05.28500,1932.000,1
20:02:05.66700,1932.250,1
20:02:07.89800,1932.000,2
20:02:08.27700,1932.000,2
20:02:10.41400,1932.250,26
20:02:12.16000,1932.250,2
20:02:12.33200,1932.250,1
20:02:12.49200,1932.250,3
20:02:14.75000,1932.250,5
20:02:15.44500,1932.250,5
20:02:18.96800,1932.000,5
20:02:19.38600,1932.000,121
20:02:22.89000,1931.500,165
20:02:22.92900,1931.500,2
20:02:23.03100,1931.500,1
20:02:23.18300,1931.750,3
20:02:23.46800,1931.750,6
20:02:23.62800,1931.750,1
20:02:24.01100,1931.750,4
20:02:24.28500,1931.750,7
20:02:24.93700,1931.750,3
20:02:25.25300,1931.500,1
20:02:26.19500,1931.750,1
20:02:26.53900,1931.750,2
20:02:28.91700,1931.500,5
20:02:29.89000,1931.750,1
20:02:30.34700,1931.500,1
20:02:34.67500,1931.500,2
20:02:36.70700,1931.500,1
20:02:37.93300,1931.500,1
20:02:38.14800,1931.500,1
20:02:40.57000,1931.500,1
20:02:44.89800,1931.500,10
20:02:45.56200,1931.750,2
20:02:46.87500,1931.750,35
20:02:47.93300,1931.750,1
20:02:48.15200,1931.750,7
20:02:48.45700,1931.750,4
20:02:49.45300,1931.750,11
20:02:49.83900,1931.750,1
20:02:51.64800,1931.750,2
20:02:52.42100,1931.750,3
20:02:57.77300,1931.750,1
20:03:03.39400,1931.750,3
20:03:03.80400,1931.750,1
20:03:04.68700,1931.500,1
20:03:04.94500,1931.500,1
20:03:06.46400,1931.750,1
20:03:12.72200,1931.500,1
20:03:14.61700,1931.500,8
20:03:16.68700,1931.500,2
20:03:17.37800,1931.500,1
20:03:17.71800,1931.500,1
20:03:20.48000,1931.750,12
20:03:26.56200,1931.750,1
20:03:32.67100,1931.750,1
20:03:36.11700,1931.750,1
20:03:39.85100,1931.750,9
20:03:40.55000,1931.750,2
20:03:41.14400,1932.000,3
20:03:47.69500,1931.750,6
20:03:54.40200,1932.000,4
20:03:54.74600,1931.750,14
20:03:54.88200,1931.750,3
20:03:55.07000,1931.750,2
20:04:03.71000,1931.750,23
20:04:03.78500,1931.500,2
20:04:04.95300,1931.750,4
20:04:08.17100,1932.000,5
20:04:08.83200,1931.750,32
20:04:09.33500,1932.000,1
20:04:10.13600,1931.750,1
20:04:11.52300,1931.750,2
20:04:12.82400,1931.750,5
20:04:13.36700,1931.750,5
20:04:19.56200,1931.750,20
20:04:20.24600,1931.750,9
20:04:22.33500,1931.750,1
20:04:23.62100,1931.750,1
20:04:27.03500,1931.750,8
20:04:27.32400,1931.750,1
20:04:32.06600,1931.750,2
20:04:32.39400,1931.750,9
20:04:35.65200,1931.750,5
20:04:36.10900,1931.750,1
20:04:36.51500,1931.750,2
20:04:37.81200,1931.750,5
20:04:44.54200,1931.750,3
20:04:45.60900,1931.750,2
20:04:47.52300,1931.750,1
20:04:47.71000,1931.750,1
20:04:49.96400,1931.500,4
20:05:00.35100,1931.750,2
20:05:01.39000,1931.500,1
20:05:03.92900,1931.500,2
20:05:04.42100,1931.500,21
20:05:07.75000,1931.500,36
20:05:08.08500,1931.500,1
20:05:08.78500,1931.750,3
20:05:11.08500,1931.750,1
20:05:15.41700,1931.750,1
20:05:16.20700,1931.750,1
20:05:17.01900,1931.750,4
20:05:18.23800,1931.750,1
20:05:23.01900,1931.750,5
20:05:29.67900,1931.750,2
20:05:32.52300,1931.750,1
20:05:33.34300,1931.750,1
20:05:33.76900,1931.500,1
20:05:41.42500,1931.750,1
20:05:41.89400,1931.500,1
20:05:51.39400,1931.500,2
20:05:57.87800,1931.750,2
20:05:59.31200,1931.750,1
20:05:59.58500,1931.500,1
20:06:06.27700,1931.750,55
20:06:07.11700,1931.500,1
20:06:14.37100,1931.500,46
20:06:15.13600,1931.750,1
20:06:15.97200,1931.500,10
20:06:22.05400,1931.500,20
20:06:22.46400,1931.750,2
20:06:24.86300,1931.750,14
20:06:25.08500,1931.750,2
20:06:26.12100,1931.750,1
20:06:26.42100,1931.750,1
20:06:31.88200,1931.750,1
20:06:34.54200,1931.750,3
20:06:35.80000,1931.750,1
20:06:36.65200,1931.750,1
20:06:40.92100,1931.750,10
20:06:42.36700,1931.750,5
20:06:47.78900,1932.000,3
20:07:04.53500,1931.750,14
20:07:04.65200,1931.750,3
20:07:10.12500,1932.000,2
20:07:11.22200,1931.750,2
20:07:14.33200,1931.750,1
20:07:18.21400,1932.000,2
20:07:18.77700,1931.750,5
20:07:19.65200,1931.500,11
20:07:20.11300,1931.750,4
20:07:22.37100,1931.500,5
20:07:28.96400,1931.500,5
20:07:29.15200,1931.500,19
20:07:30.48400,1931.500,1
20:07:32.28500,1931.500,3
20:07:35.53100,1931.500,1
20:07:36.14400,1931.500,21
20:07:36.33200,1931.500,10
20:07:40.10500,1931.500,1
20:07:40.78900,1931.500,4
20:07:58.86700,1931.750,6
20:07:59.12100,1931.750,13
20:07:59.96000,1931.750,2
20:08:03.83900,1931.500,12
20:08:04.41700,1931.750,1
20:08:06.27700,1931.750,2
20:08:08.64400,1931.500,3
20:08:11.67900,1931.750,6
20:08:16.17900,1931.750,1
20:08:16.66000,1931.750,2
20:08:18.32800,1931.750,1
20:08:20.91700,1931.500,4
20:08:22.83900,1931.750,1
20:08:25.31200,1931.500,1
20:08:34.74200,1931.500,30
20:08:40.82800,1931.500,2
20:08:43.60900,1931.500,5
20:08:45.03900,1931.500,5
20:08:48.02700,1931.750,34
20:08:49.06600,1932.000,1
20:08:51.54600,1931.750,1
20:08:53.67900,1932.000,2
20:08:56.63200,1932.000,1
20:09:03.80800,1932.250,145
20:09:03.86700,1932.500,2
20:09:04.36700,1932.250,3
20:09:05.23000,1932.250,2
20:09:05.64400,1932.250,1
20:09:07.48400,1932.250,37
20:09:07.83500,1932.250,19
20:09:13.89800,1932.250,10
20:09:15.93700,1932.250,1
20:09:17.78500,1932.250,1
20:09:20.73400,1932.250,2
20:09:24.40600,1932.000,1
20:09:24.67100,1932.250,1
20:09:25.47600,1932.250,1
20:09:28.07800,1932.250,9
20:09:33.12500,1932.250,3
20:09:34.29600,1932.000,31
20:09:38.46800,1932.250,2
20:09:38.87800,1932.000,11
20:09:42.78900,1931.750,1
20:09:43.00000,1931.750,1
20:09:44.10500,1931.750,10
20:09:49.77700,1932.000,1
20:09:50.42900,1932.000,1
20:09:51.13600,1932.000,21
20:09:51.67500,1932.000,8
20:09:54.92900,1932.000,5
20:09:59.12800,1932.000,5
20:09:59.30800,1932.000,4
20:10:01.22600,1932.250,4
20:10:01.36300,1932.000,4
20:10:02.24600,1932.250,1
20:10:04.80400,1932.000,4
20:10:08.40600,1932.000,1
20:10:08.62100,1932.250,1
20:10:08.67900,1932.000,1
20:10:09.73000,1932.000,1
20:10:11.50300,1932.000,2
20:10:32.52700,1932.000,1
20:10:35.03100,1932.250,1
20:10:37.93700,1931.750,25
20:10:44.48400,1932.000,5
20:10:47.67500,1932.000,9
20:10:48.16700,1932.000,4
20:10:56.01500,1932.000,2
20:10:56.58200,1932.000,1
20:10:59.47200,1932.000,1
20:11:05.21800,1932.000,2
20:11:12.68700,1932.000,2
20:11:17.61700,1932.250,1
20:11:25.11300,1932.250,1
20:11:26.22600,1932.250,1
20:11:32.36700,1932.250,39
20:11:42.02700,1932.250,1
20:11:50.03500,1932.500,1
20:11:50.50000,1932.500,20
20:11:52.17900,1932.250,1
20:11:58.74600,1932.500,1
20:12:04.92900,1932.500,3
20:12:11.01500,1932.250,1
20:12:11.19900,1932.500,1
20:12:11.40600,1932.250,1
20:12:13.49600,1932.250,1
20:12:28.76900,1932.500,2
20:12:29.74200,1932.250,1
20:12:30.17900,1932.250,21
20:12:30.43700,1932.000,1
20:12:34.75000,1932.250,1
20:12:41.53100,1932.250,7
20:12:48.96400,1932.500,52
20:12:55.39400,1932.500,1
20:12:57.13200,1932.500,6
20:12:57.22600,1932.500,1
20:12:57.78100,1932.250,2
20:12:58.15600,1932.500,1
20:12:58.95300,1932.500,2
20:13:00.48400,1932.500,2
20:13:11.27300,1932.500,1
20:13:16.15200,1932.250,2
20:13:17.50700,1932.500,2
20:13:34.77700,1932.250,1
20:13:37.33200,1932.250,1
20:13:39.53500,1932.250,1
20:13:44.07000,1932.500,1
20:13:52.05000,1932.250,2
20:14:00.69100,1932.500,7
20:14:08.77700,1932.250,3
20:14:17.03500,1932.500,1
20:14:22.78500,1932.500,3
20:14:30.00000,1932.500,5
20:14:30.31600,1932.500,10
20:14:36.55800,1932.250,6
20:14:37.28500,1932.250,4
20:14:59.87100,1932.250,1
20:15:00.54200,1932.500,16
20:15:01.01500,1932.500,2
20:15:01.36300,1932.500,3
20:15:02.21000,1932.500,1
20:15:07.60100,1932.500,11
20:15:09.67100,1932.000,84
20:15:09.73000,1932.250,1
20:15:09.80800,1932.000,2
20:15:14.53500,1932.000,1
20:15:15.87500,1931.750,1
20:15:17.61300,1931.750,2
20:15:22.91000,1932.000,10
20:15:24.70700,1932.000,36
20:15:27.67500,1932.000,1
20:15:32.63200,1931.750,5
20:15:33.14000,1932.000,53
20:15:33.76500,1931.750,36
20:15:35.29200,1931.500,5
20:15:35.78500,1931.500,20
20:15:36.32800,1931.500,1
20:15:36.88200,1931.500,6
20:15:37.34300,1931.500,1
20:15:37.88600,1931.500,2
20:15:38.07400,1931.500,1
20:15:38.56200,1931.500,21
20:15:43.46800,1931.250,19
20:15:43.72200,1931.250,4
20:15:44.38200,1931.250,4
20:15:45.03100,1931.250,1
20:15:45.95300,1931.250,3
20:15:46.46000,1931.250,40
20:15:46.60900,1931.250,5
20:15:47.05000,1931.000,33
20:15:47.19100,1931.000,9
20:15:47.20700,1931.000,1
20:15:47.79200,1931.000,2
20:15:48.29600,1931.000,10
20:15:48.50300,1931.000,3
20:15:48.94500,1931.000,2
20:15:49.50700,1931.000,4
20:15:50.44100,1931.000,5
20:15:50.93700,1931.000,1
20:15:51.08500,1931.000,2
20:15:52.17900,1931.000,1
20:15:52.47200,1931.000,1
20:15:52.94900,1931.000,1
20:15:54.54200,1931.250,10
20:15:56.60100,1931.250,2
20:15:57.67100,1931.250,1
20:15:59.89400,1930.750,108
20:15:59.92900,1930.750,2
20:16:00.67900,1931.000,3
20:16:01.05800,1931.000,1
20:16:02.12500,1930.750,98
20:16:02.52300,1930.750,4
20:16:03.34700,1931.000,1
20:16:04.42100,1930.750,2
20:16:04.83900,1930.750,1
20:16:05.07400,1930.750,1
20:16:05.38200,1930.750,1
20:16:06.23000,1930.750,11
20:16:06.33900,1930.750,3
20:16:07.20700,1930.750,1
20:16:07.58200,1930.750,2
20:16:07.64400,1931.000,4
20:16:08.87100,1930.750,1
20:16:10.08200,1930.750,4
20:16:10.97200,1930.750,1
20:16:11.26100,1930.750,1
20:16:12.73400,1931.000,18
20:16:13.78100,1930.750,1
20:16:17.36700,1931.000,2
20:16:17.58500,1930.750,1
20:16:18.30400,1931.000,1
20:16:20.47600,1931.000,4
20:16:22.14400,1930.750,2
20:16:23.07400,1930.750,1
20:16:25.00300,1930.750,14
20:16:26.09700,1930.750,3
20:16:26.48000,1930.750,2
20:16:28.02300,1930.750,3
20:16:28.90200,1930.750,1
20:16:31.28500,1930.750,46
20:16:31.87100,1930.750,3
20:16:32.27700,1930.750,1
20:16:33.06200,1930.750,2
20:16:33.45700,1930.750,1
20:16:34.54600,1930.750,1
20:16:35.31600,1930.750,2
20:16:36.92100,1931.000,69
20:16:37.86700,1931.000,3
20:16:38.28900,1931.000,28
20:16:39.00700,1931.000,1
20:16:40.01100,1931.000,5
20:16:40.64800,1931.000,1
20:16:42.01500,1931.000,5
20:16:43.66700,1931.000,3
20:16:48.08200,1930.750,2
20:16:50.53900,1931.000,31
20:16:51.09700,1931.000,5
20:16:51.57000,1931.250,4
20:16:51.77700,1931.250,8
20:16:52.39400,1931.000,10
20:16:54.86700,1931.000,1
20:16:54.91000,1931.000,11
20:16:56.82400,1931.000,4
20:17:01.23000,1931.250,31
20:17:01.83200,1931.250,16
20:17:02.15200,1931.000,1
20:17:05.88200,1931.250,1
20:17:10.78900,1931.000,25
20:17:12.08200,1931.000,5
20:17:12.21800,1931.000,10
20:17:14.39000,1930.750,1
20:17:15.07000,1931.000,1
20:17:15.48400,1931.000,2
20:17:16.25300,1931.000,1
20:17:17.86700,1930.750,2
20:17:19.64000,1931.000,1
20:17:20.37500,1931.000,5
20:17:20.51500,1930.750,1
20:17:29.58200,1930.750,1
20:17:32.74600,1931.000,6
20:17:35.18300,1931.000,4
20:17:36.12800,1931.000,1
20:17:37.15600,1931.000,11
20:17:37.25000,1930.750,10
20:17:37.43300,1930.750,10
20:17:37.59700,1930.750,1
20:17:40.86700,1930.750,1
20:17:46.47200,1930.750,12
20:17:46.64000,1930.750,1
20:17:46.76100,1930.750,20
20:17:47.35500,1930.750,1
20:17:48.10500,1930.750,1
20:17:48.55800,1931.000,42
20:17:48.63200,1931.000,3
20:17:51.64000,1930.750,1
20:17:52.65200,1930.750,4
20:17:53.19500,1930.750,13
20:17:53.46000,1930.750,1
20:17:53.57800,1930.750,1
20:17:54.84700,1930.750,1
20:17:55.06600,1930.750,1
20:18:03.07500,1930.750,1
20:18:03.07500,1930.750,3
20:18:04.19800,1930.750,3
20:18:04.19800,1930.500,10
20:18:04.19800,1930.500,165
20:18:04.19800,1930.500,4
20:18:04.19800,1930.250,8
20:18:04.19800,1930.500,4
20:18:04.80400,1930.250,43
20:18:05.02700,1930.250,7
20:18:05.59300,1930.250,4
20:18:05.77700,1930.250,10
20:18:06.49600,1930.250,1
20:18:07.39000,1929.750,142
20:18:07.48400,1929.750,31
20:18:07.56600,1929.750,4
20:18:07.76900,1930.000,1
20:18:08.31600,1929.750,3
20:18:09.68300,1929.750,1
20:18:10.56200,1930.000,50
20:18:10.62100,1930.250,26
20:18:11.05800,1930.000,4
20:18:11.07400,1930.000,5
20:18:11.89000,1929.750,37
20:18:13.49200,1930.000,1
20:18:13.94900,1930.000,1
20:18:14.41400,1929.750,1
20:18:14.72600,1930.000,1
20:18:14.85100,1929.750,1
20:18:15.01100,1930.000,1
20:18:16.08500,1930.000,2
20:18:16.69900,1929.750,1
20:18:17.46000,1930.000,3
20:18:17.87800,1929.750,2
20:18:19.05800,1929.750,5
20:18:19.67500,1929.750,1
20:18:20.04200,1930.000,1
20:18:20.51500,1930.000,4
20:18:20.73800,1929.750,16
20:18:21.65200,1930.000,25
20:18:22.53500,1929.750,12
20:18:24.15200,1930.000,2
20:18:25.73800,1930.000,3
20:18:25.92500,1930.000,3
20:18:26.59700,1930.000,1
20:18:26.75300,1930.000,2
20:18:26.86700,1930.000,1
20:18:27.70700,1930.000,1
20:18:27.94900,1930.000,18
20:18:29.16400,1930.000,1
20:18:29.89400,1930.000,1
20:18:33.49200,1930.000,1
20:18:36.77700,1930.000,1
20:18:38.11700,1930.000,8
20:18:39.81200,1930.000,1
20:18:42.58900,1930.250,1
20:18:43.48800,1930.250,1
20:18:44.26100,1930.000,5
20:18:44.37100,1930.250,2
20:18:44.65600,1930.000,8
20:18:48.64000,1930.000,5
20:18:49.19900,1930.250,2
20:18:49.86300,1930.000,1
20:18:50.62100,1930.250,1
20:18:51.80400,1930.000,1
20:18:52.69100,1930.000,3
20:18:58.72200,1930.000,1
20:19:00.38600,1930.250,2
20:19:02.29200,1930.000,1
20:19:03.48000,1930.000,1
20:19:11.16400,1930.250,1
20:19:12.86700,1930.000,1
20:19:13.78100,1930.250,1
20:19:16.87100,1930.000,5
20:19:20.50300,1930.250,8
20:19:22.15600,1930.250,1
20:19:23.96400,1930.250,1
20:19:24.48400,1930.250,61
20:19:26.24200,1930.500,9
20:19:26.75300,1930.500,12
20:19:27.82000,1930.250,1
20:19:28.81600,1930.500,31
20:19:29.24200,1930.500,4
20:19:30.17500,1930.500,3
20:19:31.73800,1930.750,3
20:19:32.54200,1930.500,11
20:19:35.23800,1930.500,1
20:19:35.86300,1930.250,1
20:19:36.10900,1930.500,1
20:19:37.41000,1930.250,26
20:19:37.67100,1930.250,1
20:19:38.60100,1930.250,1
20:19:42.94100,1930.250,1
20:19:44.11300,1930.000,2
20:19:46.64800,1930.250,1
20:19:46.89800,1930.000,11
20:19:52.09700,1930.000,5
20:19:58.86300,1930.000,1
20:20:00.43700,1930.250,7
20:20:01.16000,1930.250,1
20:20:01.81200,1930.000,5
20:20:04.68700,1930.000,5
20:20:05.33500,1930.000,5
20:20:13.04200,1930.250,18
20:20:13.31200,1930.250,3
20:20:13.37800,1930.000,1
20:20:17.57000,1930.000,1
20:20:18.30000,1930.000,4
20:20:19.44900,1930.000,5
20:20:21.86300,1930.000,1
20:20:23.48000,1930.000,10
20:20:23.64800,1930.000,2
20:20:26.73400,1930.000,1
20:20:30.30000,1930.250,9
20:20:31.82000,1930.250,8
20:20:32.76100,1930.250,1
20:20:33.13600,1930.250,6
20:20:33.36300,1930.250,1
20:20:34.00700,1930.250,1
20:20:34.32400,1930.250,5
20:20:34.72200,1930.250,3
20:20:35.10100,1930.250,2
20:20:35.80000,1930.250,1
20:20:36.10500,1930.250,1
20:20:37.41000,1930.250,1
20:20:40.75700,1930.000,1
20:20:41.26100,1930.250,1
20:20:43.15600,1930.250,3
20:20:43.53900,1930.250,2
20:20:44.86300,1930.000,1
20:20:46.48800,1930.250,1
20:20:50.09700,1930.000,2
20:20:52.36700,1930.250,1
20:20:55.53100,1930.000,1
20:20:56.47600,1930.000,1
20:20:59.44900,1930.250,1
20:21:04.76100,1930.250,6
20:21:06.13200,1930.000,10
20:21:07.86300,1930.000,1
20:21:08.67100,1930.000,3
20:21:09.69900,1930.250,1
20:21:10.93300,1930.000,17
20:21:13.91400,1929.750,1
20:21:15.07800,1929.750,7
20:21:15.97200,1930.000,1
20:21:18.31200,1930.000,3
20:21:18.57800,1930.000,13
20:21:22.44900,1930.000,2
20:21:23.12100,1930.000,2
20:21:23.64000,1930.000,1
20:21:24.12800,1930.000,2
20:21:25.02700,1930.000,5
20:21:25.73800,1930.000,1
20:21:28.73800,1930.000,7
20:21:30.85900,1930.000,1
20:21:31.38200,1930.000,1
20:21:35.27300,1930.000,5
20:21:36.07400,1930.000,25
20:21:36.60900,1930.000,5
20:21:38.45300,1930.000,8
20:21:39.03500,1930.250,1
20:21:51.42500,1930.000,1
20:21:53.85900,1930.000,1
20:21:55.39400,1930.000,1
20:21:57.10100,1930.000,1
20:21:57.62500,1930.000,1
20:22:15.50300,1930.000,5
20:22:15.85900,1930.000,1
20:22:16.85900,1930.000,1
20:22:20.10500,1930.250,1
20:22:23.07800,1930.000,3
20:22:25.58500,1930.000,5
20:22:33.51900,1930.000,1
20:22:36.08900,1930.000,2
20:22:38.48000,1930.000,3
20:22:40.01500,1930.250,42
20:22:40.14800,1930.250,2
20:22:40.59300,1930.250,1
20:22:40.91000,1930.250,6
20:22:42.73800,1930.500,11
20:22:43.30000,1930.500,1
20:22:44.92900,1930.250,2
20:22:48.42100,1930.250,3
20:22:49.52300,1930.250,9
20:22:50.46400,1930.500,2
20:22:56.07000,1930.250,1
20:22:56.42100,1930.500,1
20:22:57.83900,1930.500,2
20:22:59.20300,1930.250,1
20:23:12.39000,1930.500,2
20:23:17.80800,1930.500,5
20:23:19.67500,1930.500,45
20:23:23.08900,1930.500,3
20:23:25.86300,1930.500,41
20:23:27.37100,1930.750,6
20:23:27.49200,1930.750,1
20:23:28.50700,1930.750,2
20:23:30.70700,1930.750,1
20:23:31.44500,1930.750,31
20:23:31.73800,1930.750,5
20:23:33.08900,1930.750,16
20:23:39.89000,1930.750,10
20:23:46.08200,1930.750,1
20:23:47.55000,1930.500,18
20:23:48.85500,1930.250,1
20:23:49.51900,1930.500,8
20:23:50.60100,1930.500,5
20:23:50.82000,1930.500,9
20:23:51.65200,1930.500,9
20:23:55.12500,1930.500,25
20:24:02.89000,1930.500,5
20:24:03.24200,1930.500,1
20:24:06.46000,1930.250,5
20:24:11.57800,1930.250,1
20:24:11.85500,1930.250,1
20:24:14.58500,1930.500,26
20:24:15.08200,1930.500,3
20:24:18.37100,1930.250,28
20:24:23.63600,1930.000,4
20:24:27.61700,1930.000,62
20:24:27.85500,1930.000,4
20:24:29.02700,1930.250,1
20:24:29.68700,1930.000,1
20:24:32.42100,1930.000,4
20:24:33.16400,1930.000,3
20:24:34.26500,1930.000,1
20:24:34.85500,1930.000,1
20:24:36.55000,1930.000,3
20:24:37.75300,1930.000,1
20:24:40.54600,1930.000,5
20:24:40.93700,1930.000,1
20:24:41.34700,1930.000,2
20:24:42.17900,1930.000,7
20:24:43.87100,1930.000,1
20:24:44.83200,1930.000,2
20:24:46.92500,1930.000,3
20:24:47.83900,1930.000,2
20:24:49.51100,1930.000,2
20:24:49.76100,1930.000,1
20:24:51.78500,1930.000,1
20:24:55.45700,1930.000,37
20:24:56.11700,1930.000,1
20:24:57.28500,1930.000,5
20:24:57.85100,1930.000,5
20:24:58.13200,1930.000,1
20:24:59.36700,1930.000,1
20:25:01.91700,1930.000,13
20:25:05.04200,1930.000,7
20:25:05.66700,1930.250,5
20:25:06.67100,1930.000,1
20:25:07.69500,1930.000,1
20:25:08.43300,1930.000,4
20:25:09.69900,1929.750,4
20:25:11.36300,1930.250,151
20:25:11.68700,1930.000,5
20:25:13.28500,1930.250,27
20:25:13.79600,1930.250,1
20:25:18.10900,1930.250,1
20:25:19.62500,1930.500,1
20:25:20.85100,1930.250,2
20:25:22.23000,1930.250,1
20:25:24.05000,1930.250,1
20:25:25.46800,1930.750,21
20:25:28.67900,1930.500,6
20:25:29.04600,1930.750,1
20:25:29.19100,1930.750,1
20:25:32.51500,1930.750,1
20:25:33.94900,1930.750,27
20:25:35.26900,1930.750,25
20:25:35.94100,1930.750,1
20:25:36.33500,1930.500,4
20:25:39.60500,1930.750,16
20:25:40.43300,1930.500,4
20:25:40.79600,1930.500,25
20:25:41.50000,1930.500,1
20:25:41.80400,1930.500,5
20:25:43.94100,1930.750,2
20:25:45.57000,1930.500,10
20:25:56.90600,1930.500,8
20:25:57.08200,1930.500,3
20:25:57.71400,1930.500,1
20:25:58.80800,1930.250,1
20:25:59.55000,1930.500,10
20:26:03.26500,1930.500,8
20:26:05.90200,1930.500,1
20:26:06.85100,1930.250,1
20:26:11.08200,1930.500,8
20:26:12.92900,1930.500,1
20:26:16.65600,1930.500,5
20:26:17.21800,1930.250,2
20:26:18.57400,1930.500,7
20:26:21.27300,1930.500,2
20:26:24.00000,1930.500,31
20:26:25.51100,1930.500,3
20:26:25.73400,1930.500,5
20:26:26.55000,1930.500,1
20:26:29.85100,1930.500,1
20:26:39.49200,1930.750,17
20:26:41.32800,1930.750,3
20:26:41.55800,1930.750,7
20:26:43.32800,1930.750,5
20:26:50.36300,1930.750,1
20:26:51.15200,1930.750,2
20:26:52.85100,1930.500,1
20:27:04.00700,1930.500,9
20:27:08.37500,1930.500,1
20:27:09.02700,1930.750,1
20:27:13.42100,1930.750,1
20:27:15.84700,1930.500,1
20:27:25.10500,1930.750,1
20:27:28.58200,1930.750,30
20:27:28.79600,1930.750,1
20:27:33.37500,1930.750,17
20:27:35.00300,1930.750,2
20:27:36.28500,1930.750,7
20:27:37.28100,1930.750,4
20:27:37.41700,1930.500,2
20:27:38.84700,1930.500,1
20:27:39.11300,1930.750,1
20:27:51.00300,1930.750,6
20:27:51.90200,1930.750,4
20:27:58.74600,1930.500,5
20:28:02.80800,1930.750,13
20:28:07.00700,1930.750,1
20:28:07.26900,1930.750,1
20:28:08.14000,1930.750,1
20:28:20.35900,1930.750,2
20:28:20.71400,1930.750,1
20:28:22.32800,1930.750,2
20:28:24.84700,1930.750,1
20:28:27.03500,1930.750,2
20:28:27.25000,1931.000,11
20:28:29.96000,1931.000,1
20:28:32.21000,1930.750,2
20:28:34.05000,1931.000,2
20:28:35.21000,1930.750,10
20:28:39.24600,1930.750,1
20:28:47.84300,1930.750,1
20:28:48.07000,1930.750,1
20:28:51.52700,1930.500,23
20:28:52.08500,1930.750,8
20:28:55.07000,1930.750,1
20:28:57.55800,1930.750,3
20:29:03.16000,1930.500,4
20:29:03.92900,1931.000,1
20:29:04.13200,1930.750,1
20:29:06.93700,1930.750,5
20:29:10.84700,1930.750,1
20:29:12.67900,1930.750,1
20:29:31.40200,1930.750,1
20:29:31.49200,1930.750,2
20:29:33.84300,1930.750,1
20:29:36.55000,1931.000,1
20:29:37.55800,1931.000,2
20:29:38.69500,1930.500,34
20:29:42.33200,1930.750,16
20:29:46.46800,1930.750,1
20:29:49.49200,1930.750,1
20:29:56.55000,1930.750,1
20:29:56.84300,1930.750,1
20:30:00.22600,1931.000,57
20:30:00.54200,1931.000,1
20:30:01.10900,1931.000,26
20:30:01.23800,1931.000,6
20:30:03.31200,1931.250,11
20:30:05.11300,1931.000,1
20:30:08.01100,1931.000,52
20:30:11.19900,1930.750,3
20:30:28.07400,1930.750,2
20:30:31.42500,1930.750,2
20:30:34.19500,1931.000,23
20:30:38.29600,1931.000,10
20:30:52.61700,1931.000,1
20:30:58.26900,1931.000,1
20:30:59.93700,1931.000,1
20:31:01.79200,1931.000,16
20:31:04.93300,1930.750,2
20:31:05.91400,1931.000,42
20:31:06.15200,1930.750,2
20:31:06.65200,1931.000,1
20:31:08.56200,1931.000,10
20:31:12.52700,1930.750,62
20:31:13.96400,1930.500,1
20:31:14.48800,1930.500,1
20:31:14.76100,1930.750,3
20:31:23.20700,1930.500,31
20:31:23.21800,1930.500,3
20:31:28.41000,1930.500,6
20:31:28.85900,1930.500,1
20:31:34.30000,1930.500,98
20:31:36.80400,1930.250,2
20:31:37.32000,1930.500,1
20:31:37.64400,1930.250,1
20:31:38.07000,1930.500,1
20:31:38.49600,1930.250,57
20:31:38.62800,1930.250,5
20:31:38.94100,1930.250,12
20:31:39.64000,1930.250,1
20:31:40.09700,1930.250,1
20:31:40.44900,1930.250,1
20:31:40.73400,1930.250,27
20:31:42.23000,1930.250,2
20:31:44.35500,1930.500,1
20:31:45.44900,1930.500,3
20:31:46.32800,1930.500,55
20:31:46.82400,1930.500,2
20:31:52.50700,1930.500,13
20:31:52.58200,1930.500,2
20:31:57.00700,1930.500,1
20:32:00.02700,1930.500,15
20:32:08.63600,1930.250,1
20:32:14.64800,1930.500,7
20:32:16.41700,1930.500,1
20:32:16.55000,1930.500,1
20:32:19.66000,1930.500,1
20:32:21.66000,1930.500,26
20:32:22.57800,1930.000,242
20:32:24.06600,1930.250,1
20:32:25.07800,1930.250,5
20:32:25.15200,1930.000,1
20:32:25.77700,1930.250,6
20:32:28.46800,1930.000,1
20:32:28.75300,1930.250,3
20:32:29.50700,1930.000,2
20:32:34.71000,1930.000,1
20:32:35.47200,1930.250,81
20:32:36.10100,1930.250,30
20:32:37.74600,1930.250,1
20:32:39.88200,1930.000,133
20:32:41.42100,1929.750,46
20:32:42.13600,1929.750,18
20:32:42.26100,1929.500,145
20:32:42.55000,1929.750,1
20:32:43.11700,1929.500,1
20:32:43.29200,1929.500,1
20:32:43.52700,1929.500,1
20:32:44.51100,1929.500,5
20:32:44.87800,1929.750,7
20:32:45.04600,1929.500,1
20:32:45.72200,1929.500,1
20:32:45.78900,1929.500,1
20:32:47.16700,1929.500,1
20:32:51.19900,1929.500,74
20:32:51.66400,1929.500,1
20:32:52.12100,1929.250,47
20:32:52.21800,1929.250,19
20:32:52.21800,1929.250,26
20:32:52.21800,1929.250,6
20:32:52.23800,1929.250,12
20:32:52.41700,1929.250,1
20:32:52.97200,1929.250,1
20:32:53.28900,1929.250,1
20:32:53.69900,1929.250,1
20:32:54.79200,1929.250,1
20:32:55.23400,1929.250,1
20:32:55.82400,1929.250,9
20:32:56.21000,1929.250,1
20:32:56.58200,1929.250,5
20:32:58.07800,1929.250,2
20:33:03.60900,1929.500,3
20:33:05.72200,1929.500,1
20:33:05.97200,1929.250,1
20:33:07.57000,1929.250,25
20:33:07.58900,1929.250,2
20:33:07.80400,1929.500,1
20:33:08.08500,1929.250,2
20:33:08.51500,1929.250,3
20:33:08.77700,1929.250,18
20:33:09.18700,1929.000,74
20:33:09.64400,1929.250,1
20:33:09.82000,1929.250,1
20:33:10.32000,1929.250,1
20:33:10.48400,1929.250,1
20:33:15.28900,1929.000,1
20:33:16.62500,1929.250,57
20:33:16.93300,1929.000,54
20:33:17.75300,1928.750,25
20:33:20.00000,1929.000,22
20:33:20.36300,1929.250,2
20:33:20.51900,1929.250,7
20:33:20.72600,1929.000,1
20:33:21.42900,1929.000,1
20:33:23.72600,1929.250,2
20:33:24.12800,1929.250,2
20:33:25.55800,1929.000,11
20:33:27.32800,1929.000,10
20:33:35.37500,1929.000,1
20:33:39.67100,1929.000,2
20:33:40.49200,1929.000,33
20:33:40.58500,1929.000,2
20:33:41.05800,1929.000,6
20:33:42.53100,1929.000,3
20:33:43.00700,1929.000,2
20:33:43.13200,1929.000,1
20:33:43.42100,1929.250,1
20:33:44.21000,1929.000,1
20:33:46.84300,1928.750,101
20:33:46.87500,1928.750,8
20:33:47.17900,1928.750,1
20:33:48.29200,1928.500,11
20:33:48.69900,1928.500,1
20:33:49.03100,1928.500,3
20:33:49.35500,1928.500,1
20:33:49.52300,1928.500,8
20:33:49.80000,1928.500,1
20:33:50.43700,1928.750,3
20:33:51.08200,1928.500,4
20:33:51.89000,1928.500,10
20:33:52.60100,1928.750,1
20:33:53.48400,1928.750,1
20:33:55.34300,1928.500,2
20:33:57.50000,1928.750,1
20:33:58.29200,1928.500,2
20:33:58.85500,1928.500,2
20:33:59.35900,1928.750,1
20:34:00.77700,1928.750,3
20:34:01.08500,1928.750,83
20:34:01.69500,1928.750,1
20:34:02.38200,1928.750,7
20:34:03.12100,1928.750,3
20:34:03.33200,1929.000,6
20:34:05.65200,1929.000,25
20:34:07.04600,1928.750,1
20:34:07.62500,1928.750,1
20:34:08.55400,1928.750,3
20:34:11.59300,1928.750,10
20:34:13.22200,1929.000,1
20:34:14.51100,1928.750,1
20:34:15.06600,1928.750,16
20:34:16.77700,1929.000,89
20:34:18.28900,1929.000,1
20:34:18.55400,1929.000,7
20:34:19.22600,1929.000,1
20:34:20.47600,1929.000,11
20:34:21.08900,1928.750,6
20:34:21.74600,1929.250,2
20:34:23.66000,1929.000,7
20:34:24.74200,1929.000,1
20:34:25.17900,1928.750,1
20:34:25.41700,1929.000,4
20:34:27.96800,1929.000,1
20:34:31.51100,1929.000,2
20:34:32.69900,1929.000,1
20:34:33.68300,1929.000,1
20:34:36.80400,1929.250,4
20:34:36.92900,1929.250,195
20:34:38.79200,1929.250,22
20:34:39.62800,1929.250,1
20:34:41.68700,1929.000,1
20:34:42.28900,1929.000,1
20:34:43.32000,1929.000,1
20:34:44.74200,1929.000,1
20:34:49.66400,1929.250,2
20:34:55.19500,1929.250,6
20:34:57.02700,1929.000,2
20:35:01.13600,1929.000,6
20:35:02.76100,1929.250,1
20:35:04.01900,1929.000,1
20:35:07.14800,1929.250,2
20:35:09.37800,1929.000,1
20:35:09.61300,1929.250,1
20:35:10.58500,1929.250,88
20:35:10.67500,1929.250,20
20:35:11.30400,1929.000,43
20:35:11.48400,1929.000,1
20:35:11.75000,1929.000,1
20:35:12.87100,1929.000,24
20:35:13.39800,1928.750,25
20:35:14.90200,1928.750,1
20:35:15.91400,1929.000,1
20:35:20.14000,1929.000,27
20:35:22.23000,1929.000,3
20:35:24.17900,1929.000,1
20:35:25.74200,1929.000,7
20:35:30.67100,1929.000,3
20:35:30.96800,1929.000,18
20:35:31.22600,1929.000,2
20:35:32.88600,1929.000,8
20:35:33.06200,1928.750,5
20:35:34.94900,1929.000,8
20:35:37.91000,1928.750,4
20:35:39.23800,1929.000,25
20:35:40.05800,1929.000,1
20:35:40.22600,1929.000,1
20:35:43.70700,1928.750,2
20:35:44.03100,1928.750,1
20:35:44.42900,1929.000,1
20:35:46.87100,1928.750,56
20:35:48.20700,1928.750,31
20:35:49.05400,1928.500,11
20:35:51.10900,1928.750,8
20:35:57.67100,1929.000,35
20:36:01.29200,1929.000,3
20:36:02.32000,1929.000,1
20:36:02.87500,1929.000,1
20:36:03.35500,1929.000,21
20:36:04.50000,1929.000,1
20:36:09.05000,1929.000,3
20:36:12.40600,1929.000,6
20:36:13.23000,1929.000,21
20:36:17.28900,1929.000,1
20:36:18.58500,1929.000,15
20:36:21.85100,1928.750,5
20:36:24.55800,1929.000,8
20:36:25.42900,1928.750,3
20:36:33.73000,1929.000,6
20:36:44.31600,1929.000,24
20:36:46.02300,1929.250,1
20:36:46.19500,1929.000,1
20:36:49.96400,1929.000,2
20:36:58.33500,1929.250,137
20:36:58.42900,1929.250,1
20:36:58.50700,1929.250,1
20:37:04.70300,1929.500,6
20:37:09.17100,1929.500,5
20:37:10.24600,1929.500,1
20:37:10.82400,1929.500,31
20:37:11.20300,1929.500,8
20:37:11.50300,1929.500,3
20:37:11.81200,1929.500,1
20:37:11.92100,1929.500,1
20:37:12.19500,1929.500,9
20:37:14.35900,1929.500,7
20:37:15.58200,1929.750,4
20:37:15.71400,1929.750,1
20:37:17.88200,1929.500,2
20:37:19.12800,1929.500,9
20:37:20.30800,1929.250,2
20:37:22.08200,1929.500,15
20:37:27.25000,1929.750,5
20:37:30.67100,1929.500,1
20:37:32.38600,1929.500,22
20:37:36.49200,1929.500,2
20:37:37.57000,1929.500,2
20:37:39.09700,1929.500,1
20:37:41.91400,1929.500,2
20:37:46.32400,1929.500,2
20:37:54.43300,1929.250,1
20:37:56.07000,1929.250,2
20:38:02.17100,1929.500,13
20:38:03.65600,1929.500,1
20:38:04.80800,1929.250,2
20:38:06.23000,1929.500,13
20:38:09.18700,1929.500,3
20:38:11.45300,1929.750,3
20:38:12.53500,1929.500,1
20:38:12.76900,1929.750,1
20:38:13.15200,1929.750,3
20:38:13.53500,1929.750,46
20:38:17.94500,1930.000,5
20:38:21.01100,1929.750,2
20:38:23.58900,1929.750,2
20:38:24.96000,1929.750,26
20:38:29.83500,1929.500,1
20:38:30.23000,1929.500,36
20:38:32.24200,1929.250,38
20:38:33.35500,1929.500,29
20:38:33.51900,1929.250,1
20:38:35.55800,1929.500,2
20:38:39.21400,1929.250,43
20:38:44.62500,1929.250,1
20:38:46.26900,1929.250,5
20:38:48.63200,1929.000,28
20:38:53.52700,1929.000,1
20:38:57.82400,1929.000,2
20:39:07.06600,1929.000,2
20:39:10.84700,1929.000,2
20:39:11.07800,1929.250,1
20:39:12.45700,1929.000,1
20:39:14.53500,1929.000,1
20:39:15.50700,1929.250,1
20:39:16.76100,1929.000,1
20:39:17.67100,1929.250,1
20:39:19.47200,1929.250,32
20:39:19.90600,1929.250,1
20:39:20.53100,1929.500,21
20:39:27.16400,1929.500,1
20:39:28.84300,1929.500,7
20:39:29.10100,1929.500,2
20:39:30.28900,1929.250,1
20:39:31.19100,1929.500,1
20:39:37.10900,1929.500,13
20:39:43.86300,1929.250,8
20:39:45.73000,1929.500,1
20:39:47.72200,1929.500,1
20:39:47.90600,1929.500,1
20:39:48.12500,1929.500,1
20:39:49.85100,1929.500,1
20:39:54.17100,1929.500,1
20:39:58.69500,1929.500,2
20:39:59.57400,1929.500,31
20:40:04.85900,1929.750,3
20:40:05.87100,1929.750,1
20:40:08.80000,1929.500,5
20:40:11.65600,1929.500,4
20:40:11.79200,1929.500,1
20:40:13.84300,1929.500,7
20:40:15.65600,1929.500,1
20:40:16.33900,1929.250,2
20:40:16.80400,1929.500,4
20:40:19.18700,1929.250,2
20:40:23.08900,1929.250,1
20:40:23.36300,1929.500,4
20:40:24.89800,1929.250,2
20:40:27.03100,1929.250,1
20:40:33.42900,1929.500,3
20:40:36.82400,1929.250,2
20:40:41.30800,1929.250,1
20:40:42.11700,1929.250,1
20:40:49.73800,1929.250,1
20:40:53.07000,1929.250,1
20:40:54.71800,1929.500,26
20:40:55.76900,1929.250,5
20:40:59.67100,1929.500,1
20:41:10.40100,1929.500,19
20:41:11.62800,1929.250,1
20:41:15.77700,1929.500,39
20:41:20.46400,1929.750,5
20:41:22.87800,1929.500,15
20:41:24.22200,1929.250,5
20:41:25.60500,1929.500,10
20:41:27.78500,1929.500,1
20:41:29.21800,1929.500,10
20:41:30.09700,1929.500,2
20:41:31.15600,1929.500,1
20:41:31.66000,1929.750,6
20:41:33.02700,1929.500,1
20:41:35.27700,1929.250,145
20:41:35.63600,1929.000,23
20:41:35.75300,1929.000,4
20:41:36.63600,1929.250,1
20:41:37.62500,1929.000,1
20:41:43.76100,1929.000,4
20:41:45.46400,1929.000,1
20:41:45.82000,1929.250,10
20:41:46.88200,1929.500,7
20:41:47.76900,1929.500,1
20:41:48.76500,1929.500,8
20:41:51.01100,1929.500,1
20:41:52.11300,1929.500,1
20:41:53.95700,1929.500,2
20:41:54.79600,1929.500,1
20:42:11.56600,1929.500,3
20:42:14.21800,1929.500,1
20:42:16.13200,1929.750,10
20:42:20.55000,1929.500,10
20:42:31.04600,1929.500,1
20:42:31.85100,1929.500,1
20:42:35.09700,1929.750,2
20:42:38.80000,1929.750,1
20:42:41.07800,1929.750,2
20:42:42.82800,1929.500,3
20:42:50.84300,1929.500,29
20:42:52.44500,1929.500,4
20:42:53.77300,1929.500,2
20:42:57.24200,1929.500,3
20:43:04.16700,1929.500,5
20:43:11.24600,1929.500,4
20:43:12.39800,1929.250,3
20:43:15.96400,1929.500,1
20:43:20.39800,1929.500,2
20:43:22.46000,1929.500,15
20:43:34.59700,1929.250,1
20:43:35.20300,1929.500,1
20:43:44.16400,1929.500,1
20:43:47.63600,1929.500,1
20:43:48.91000,1929.250,1
20:43:49.15600,1929.500,3
20:43:55.07000,1929.250,1
20:44:04.44900,1929.500,3
20:44:13.73800,1929.250,1
20:44:32.16400,1929.250,30
20:44:32.63200,1929.500,1
20:44:41.44900,1929.250,2
20:44:50.09700,1929.500,1
20:44:50.37100,1929.500,32
20:44:50.68300,1929.500,7
20:44:58.83500,1929.750,1
20:44:58.96000,1929.500,1
20:45:04.57800,1929.500,15
20:45:08.35900,1929.750,1
20:45:12.58900,1929.750,10
20:45:12.83200,1929.500,19
20:45:12.87500,1929.500,1
20:45:14.62500,1929.500,7
20:45:15.61700,1929.500,5
20:45:16.08200,1929.500,1
20:45:16.84700,1929.250,1
20:45:18.24600,1929.500,5
20:45:18.57400,1929.500,5
20:45:19.86300,1929.250,4
20:45:21.03500,1929.500,2
20:45:21.17900,1929.500,1
20:45:25.81600,1929.500,4
20:45:26.49200,1929.250,3
20:45:29.00700,1929.250,27
20:45:29.26900,1929.250,2
20:45:29.41000,1929.250,11
20:45:30.20700,1929.000,1
20:45:31.07800,1929.000,2
20:45:31.78900,1929.250,9
20:45:32.16000,1929.250,1
20:45:37.53500,1929.250,5
20:45:38.11700,1929.250,3
20:45:39.73400,1929.250,1
20:45:42.08900,1929.250,2
20:45:42.36300,1929.000,2
20:45:46.89400,1929.250,8
20:45:47.08200,1929.250,1
20:46:04.01100,1929.250,6
20:46:06.91400,1929.500,1
20:46:08.40200,1929.250,2
20:46:23.12500,1929.250,27
20:46:26.28500,1929.000,177
20:46:33.62100,1929.000,3
20:46:38.61700,1929.250,1
20:46:40.32800,1929.000,2
20:46:44.03500,1929.000,11
20:46:46.41400,1929.000,40
20:46:48.96000,1929.250,12
20:46:49.12800,1929.250,3
20:46:49.25700,1929.250,7
20:46:49.34300,1929.000,1
20:46:58.56200,1929.000,2
20:47:03.06200,1929.250,18
20:47:04.59300,1929.000,1
20:47:06.42500,1929.250,3
20:47:08.41400,1929.250,4
20:47:11.65200,1929.500,5
20:47:14.00700,1929.250,3
20:47:15.82000,1929.250,1
20:47:16.24200,1929.500,40
20:47:18.08200,1929.500,223
20:47:18.17100,1929.750,3
20:47:19.03500,1929.500,1
20:47:20.56200,1929.750,1
20:47:21.88600,1929.500,2
20:47:23.24200,1929.500,1
20:47:24.69100,1929.500,31
20:47:25.32400,1929.500,9
20:47:25.51100,1929.500,1
20:47:26.38200,1929.500,12
20:47:26.91700,1929.500,6
20:47:29.71800,1929.500,3
20:47:30.29600,1929.500,10
20:47:30.39400,1929.500,1
20:47:30.91700,1929.500,1
20:47:31.47200,1929.500,2
20:47:32.32400,1929.500,2
20:47:38.12100,1929.500,1
20:47:38.39800,1929.500,19
20:47:40.00000,1929.500,9
20:47:46.39800,1929.500,2
20:47:48.72600,1929.500,9
20:47:49.00700,1929.250,72
20:47:50.31600,1929.250,6
20:47:52.71800,1929.250,6
20:47:53.01900,1929.250,20
20:47:53.72600,1929.250,3
20:47:55.19900,1929.250,1
20:48:05.60500,1929.500,21
20:48:10.44500,1929.250,35
20:48:11.91400,1929.250,4
20:48:14.23800,1929.250,1
20:48:16.15200,1929.250,20
20:48:17.41000,1929.250,1
20:48:20.19500,1929.250,1
20:48:22.62100,1929.000,50
20:48:23.65200,1928.750,13
20:48:25.06200,1929.000,7
20:48:27.82400,1929.000,5
20:48:30.09300,1929.000,2
20:48:31.75300,1929.000,1
20:48:31.90200,1929.000,5
20:48:34.52700,1929.000,2
20:48:35.64800,1928.750,9
20:48:36.90600,1928.750,5
20:48:39.64400,1929.000,1
20:48:40.43300,1929.000,5
20:48:41.34300,1929.000,10
20:48:41.79600,1929.250,1
20:48:46.00300,1928.750,1
20:48:46.35100,1928.750,20
20:48:50.95300,1929.000,4
20:48:52.60900,1928.750,1
20:48:53.36300,1929.000,4
20:48:54.84300,1929.000,2
20:49:00.56600,1929.000,7
20:49:02.71800,1928.750,21
20:49:03.58500,1928.750,1
20:49:03.69500,1928.750,2
20:49:04.43300,1928.750,2
20:49:05.40200,1928.750,14
20:49:05.64400,1928.750,7
20:49:07.51900,1928.500,3
20:49:08.69100,1928.500,1
20:49:09.34300,1929.000,18
20:49:10.58900,1928.750,15
20:49:15.30000,1928.500,1
20:49:16.39800,1928.750,1
20:49:16.58900,1928.500,6
20:49:17.54200,1928.750,68
20:49:17.75000,1928.500,1
20:49:20.24600,1928.750,11
20:49:20.59700,1928.500,5
20:49:21.52700,1928.500,10
20:49:22.44100,1928.750,1
20:49:23.52700,1928.500,4
20:49:25.02700,1928.500,83
20:49:26.62800,1928.500,1
20:49:27.27700,1928.500,8
20:49:27.39400,1928.500,3
20:49:27.93300,1928.500,4
20:49:28.38200,1928.250,22
20:49:28.44100,1928.250,7
20:49:29.84300,1928.500,5
20:49:30.86300,1928.500,10
20:49:32.58900,1928.750,1
20:49:33.40600,1928.500,1
20:49:33.95700,1928.500,2
20:49:34.38200,1928.500,16
20:49:34.82800,1928.500,9
20:49:36.38200,1928.500,2
20:49:38.67900,1928.500,1
20:49:39.16400,1928.500,13
20:49:41.41000,1928.500,1
20:49:41.76900,1928.750,2
20:49:42.31600,1928.750,58
20:49:42.44900,1929.000,2
20:49:42.93700,1928.750,2
20:49:44.01100,1928.750,26
20:49:46.66400,1928.500,1
20:49:47.58200,1928.750,1
20:49:48.27300,1928.750,3
20:49:49.49200,1928.750,33
20:49:49.78900,1928.750,3
20:49:57.00000,1928.750,43
20:49:59.14800,1928.750,1
20:49:59.48000,1928.750,4
20:50:02.21400,1929.000,2
20:50:02.53900,1928.750,6
20:50:04.91700,1928.750,1
20:50:06.59300,1928.750,1
20:50:06.76500,1928.750,2
20:50:07.55800,1928.750,3
20:50:08.89000,1928.750,3
20:50:18.43300,1929.000,39
20:50:18.50000,1929.000,4
20:50:19.62100,1929.000,3
20:50:20.92100,1929.000,9
20:50:21.14800,1929.000,9
20:50:21.85100,1929.000,1
20:50:23.83200,1929.000,1
20:50:24.04200,1929.000,3
20:50:24.26500,1928.750,5
20:50:25.23000,1929.000,3
20:50:25.86700,1929.000,1
20:50:26.59300,1929.250,7
20:50:30.47600,1929.250,2
20:50:32.66400,1929.250,65
20:50:32.93300,1929.250,5
20:50:33.22200,1929.250,1
20:50:38.75700,1929.250,15
20:50:38.89000,1929.250,3
20:50:39.20700,1929.500,1
20:50:39.84700,1929.250,5
20:50:41.64400,1929.250,3
20:50:41.93700,1929.250,24
20:50:44.53100,1929.250,12
20:50:45.24600,1929.250,2
20:50:45.74600,1929.250,10
20:50:47.00000,1929.250,8
20:50:48.94100,1929.000,3
20:50:50.58900,1929.250,3
20:50:59.45700,1929.250,59
20:50:59.57400,1929.250,2
20:51:06.37800,1929.250,2
20:51:08.30000,1929.250,10
20:51:10.50700,1929.250,3
20:51:12.38600,1929.250,2
20:51:15.96000,1929.250,3
20:51:16.50300,1929.250,1
20:51:16.80800,1929.250,1
20:51:19.50700,1929.250,1
20:51:19.69500,1929.500,1
20:51:19.75700,1929.500,1
20:51:22.93300,1929.500,2
20:51:26.31200,1929.250,3
20:51:29.36700,1929.250,15
20:51:31.26900,1929.250,2
20:51:34.06200,1929.000,2
20:51:34.66000,1929.000,6
20:51:35.12800,1929.000,25
20:51:36.38200,1929.000,62
20:51:37.62800,1929.000,4
20:51:37.87100,1929.000,3
20:51:38.56200,1929.000,14
20:51:38.96400,1929.000,5
20:51:42.21800,1929.000,3
20:51:42.41400,1929.000,10
20:51:43.08500,1929.000,20
20:51:43.65600,1929.000,2
20:51:44.01100,1929.000,1
20:51:44.97200,1929.000,1
20:51:47.28500,1929.000,2
20:51:47.85100,1929.000,2
20:51:48.11300,1929.000,2
20:51:49.31600,1929.250,14
20:51:50.74600,1929.250,3
20:51:50.87100,1929.250,11
20:51:51.67900,1929.250,1
20:51:52.71800,1929.250,2
20:51:53.14000,1929.250,1
20:51:53.41000,1929.250,1
20:51:56.48000,1929.000,65
20:51:59.23400,1929.250,1
20:52:04.55000,1929.000,4
20:52:07.82000,1929.000,2
20:52:12.86700,1929.250,3
20:52:14.17900,1929.000,1
20:52:18.91400,1929.250,28
20:52:20.14000,1929.250,1
20:52:26.55800,1929.500,2
20:52:32.16700,1929.500,7
20:52:37.37500,1929.250,49
20:52:37.51100,1929.500,6
20:52:38.33500,1929.500,1
20:52:38.35500,1929.500,1
20:52:39.00300,1929.500,4
20:52:40.07800,1929.250,45
20:52:40.19900,1929.000,1
20:52:45.10100,1929.250,33
20:52:45.60500,1929.250,3
20:52:46.32400,1929.250,10
20:52:48.21000,1929.250,1
20:52:58.84300,1929.250,10
20:53:03.07400,1929.250,10
20:53:04.01500,1929.250,2
20:53:04.54600,1929.250,4
20:53:04.73400,1929.250,1
20:53:05.65600,1929.250,2
20:53:09.22600,1929.250,1
20:53:11.19100,1929.250,1
20:53:16.58200,1929.250,2
20:53:16.85900,1929.250,1
20:53:18.56200,1929.250,1
20:53:22.83200,1929.250,10
20:53:24.46000,1929.250,15
20:53:30.46800,1929.250,204
20:53:31.92900,1929.250,2
20:53:39.12800,1929.250,3
20:53:40.57000,1929.500,1
20:53:45.38600,1929.500,1
20:53:50.84700,1929.250,1
20:53:52.01900,1929.500,35
20:53:52.53100,1929.250,2
20:53:53.54200,1929.500,1
20:53:53.92900,1929.500,2
20:53:54.24200,1929.750,2
20:53:54.93300,1929.500,5
20:53:55.43700,1929.500,1
20:53:55.72200,1929.750,4
20:53:59.50300,1929.500,1
20:54:01.88600,1929.500,9
20:54:02.72200,1929.500,8
20:54:04.50700,1929.500,5
20:54:04.79200,1929.250,19
20:54:05.67500,1929.250,10
20:54:07.02700,1929.250,2
20:54:08.95300,1929.000,2
20:54:09.12800,1929.000,32
20:54:09.14800,1929.000,72
20:54:10.83200,1929.000,3
20:54:10.91000,1929.000,4
20:54:11.52700,1929.250,1
20:54:12.91400,1929.000,1
20:54:13.97200,1929.000,1
20:54:14.44500,1929.000,1
20:54:20.13200,1929.000,15
20:54:20.32400,1929.000,24
20:54:21.37100,1929.000,1
20:54:21.81600,1928.750,1
20:54:24.41700,1929.000,1
20:54:25.85900,1928.750,2
20:54:28.64800,1928.750,2
20:54:28.79200,1929.000,1
20:54:30.64400,1928.750,108
20:54:32.39800,1928.750,2
20:54:36.75700,1928.750,9
20:54:37.31200,1928.750,2
20:54:41.14800,1928.750,7
20:54:46.94100,1928.750,2
20:54:47.42500,1929.000,1
20:54:48.49200,1929.000,4
20:54:48.62500,1929.000,34
20:54:49.80800,1928.750,25
20:54:54.26100,1929.000,1
20:54:54.43300,1929.000,1
20:54:55.58500,1929.000,21
20:54:56.08200,1928.750,25
20:54:56.50000,1928.750,3
20:54:56.70700,1929.000,4
20:54:56.84300,1929.000,3
20:54:57.10900,1929.000,1
20:55:00.17500,1929.000,5
20:55:00.77300,1928.750,5
20:55:02.42100,1929.000,3
20:55:02.66700,1929.000,1
20:55:06.78100,1928.750,4
20:55:11.24600,1928.750,1
20:55:12.26100,1928.750,1
20:55:15.58200,1928.750,24
20:55:16.56600,1928.750,5
20:55:17.20300,1928.750,1
20:55:19.46400,1928.500,25
20:55:20.62500,1928.500,1
20:55:21.91000,1928.750,15
20:55:22.72600,1928.750,4
20:55:23.32000,1928.750,1
20:55:24.93700,1928.750,5
20:55:28.50000,1928.750,8
20:55:28.93300,1928.750,1
20:55:37.27300,1928.750,13
20:55:38.34700,1928.750,5
20:55:38.91700,1928.750,3
20:55:41.40600,1928.750,1
20:55:42.40200,1928.750,25
20:55:44.68300,1929.000,2
20:55:48.14000,1928.750,39
20:55:50.89400,1928.750,5
20:55:51.29200,1928.750,1
20:55:52.33200,1928.750,1
20:55:53.91000,1928.750,1
20:55:54.54600,1928.750,1
20:55:55.69100,1928.750,40
20:55:57.97200,1928.750,4
20:55:58.58500,1928.750,1
20:56:02.71800,1928.750,9
20:56:05.77700,1928.750,5
20:56:10.33900,1928.750,14
20:56:13.13200,1928.750,6
20:56:14.06600,1928.750,1
20:56:14.65600,1928.500,1
20:56:16.22600,1928.750,1
20:56:18.30400,1928.750,13
20:56:18.69900,1929.000,1
20:56:22.44500,1928.750,20
20:56:27.24600,1928.750,7
20:56:34.45300,1929.000,1
20:56:35.84300,1928.750,4
20:56:38.16400,1928.750,1
20:56:39.05400,1928.750,13
20:56:44.39800,1928.750,2
20:56:47.23400,1928.750,1
20:56:49.69500,1928.750,1
20:56:51.42100,1928.750,5
20:56:51.90600,1928.750,1
20:56:55.45300,1928.750,9
20:56:56.56200,1928.750,2
20:57:01.31600,1929.000,113
20:57:04.14400,1929.000,21
20:57:05.53100,1929.000,8
20:57:06.92100,1929.000,1
20:57:07.67500,1929.250,1
20:57:11.84300,1929.000,5
20:57:15.17500,1929.250,5
20:57:16.03500,1929.000,1
20:57:17.03100,1929.250,1
20:57:17.50300,1929.000,2
20:57:22.03100,1929.000,24
20:57:22.24600,1929.000,2
20:57:24.19100,1929.000,5
20:57:27.92500,1929.000,10
20:57:30.47200,1929.000,3
20:57:37.34700,1929.000,10
20:57:37.89800,1929.000,24
20:57:46.90200,1929.000,4
20:57:47.69500,1929.250,2
20:57:51.58200,1929.000,78
20:57:51.92100,1929.000,1
20:57:52.53100,1929.000,2
20:57:53.60500,1929.000,6
20:57:55.17900,1929.000,7
20:57:55.78500,1929.000,1
20:57:56.36700,1929.000,10
20:58:05.55000,1929.000,54
20:58:06.87100,1929.250,55
20:58:07.02300,1929.250,5
20:58:07.34300,1929.250,7
20:58:10.46800,1929.250,13
20:58:17.32400,1929.250,1
20:58:20.06600,1929.250,2
20:58:20.85100,1929.250,34
20:58:22.68700,1929.250,1
20:58:24.46000,1929.250,1
20:58:27.96400,1929.250,11
20:58:33.12100,1929.000,2
20:58:34.78100,1929.000,3
20:58:40.07000,1929.000,1
20:58:41.42500,1929.000,1
20:58:43.19100,1929.000,1
20:58:46.57400,1929.000,16
20:58:46.77300,1929.000,5
20:58:47.17100,1929.000,7
20:58:48.30800,1929.000,4
20:58:49.03900,1929.000,6
20:58:54.68700,1929.000,5
20:58:57.91400,1929.250,20
20:59:01.40600,1929.000,2
20:59:03.90600,1929.000,5
20:59:06.46400,1929.000,1
20:59:12.89400,1929.250,1
20:59:15.41000,1929.000,1
20:59:18.27700,1929.250,52
20:59:19.25300,1929.250,2
20:59:20.51900,1929.500,5
20:59:21.78500,1929.500,1
20:59:24.12500,1929.250,64
20:59:24.79200,1929.250,1
20:59:26.23000,1929.250,1
20:59:26.83200,1929.250,12
20:59:27.08500,1929.250,1
20:59:27.73400,1929.250,1
20:59:28.30000,1929.250,15
20:59:31.68700,1929.000,1
20:59:36.10500,1929.250,10
20:59:40.60900,1929.250,10
20:59:41.90600,1929.250,4
20:59:43.82000,1929.250,3
20:59:45.02300,1929.250,1
20:59:47.45700,1929.250,10
20:59:47.71400,1929.000,1
20:59:48.78500,1929.000,1
20:59:53.01500,1929.000,1
20:59:58.25300,1929.000,1
20:59:59.04200,1929.250,1
