03:00:00.23800,1928.250,0
03:00:00.25300,1928.250,1
03:00:00.44500,1928.250,1
03:00:00.55000,1928.000,7
03:00:00.63600,1928.000,12
03:00:00.76500,1928.000,13
03:00:00.90200,1928.000,1
03:00:01.15200,1927.750,40
03:00:01.60500,1927.750,12
03:00:01.62500,1927.750,5
03:00:01.80400,1927.750,1
03:00:02.14000,1927.500,1
03:00:02.42900,1928.000,14
03:00:02.52700,1927.750,1
03:00:02.82400,1928.000,1
03:00:03.11700,1927.750,24
03:00:03.23400,1927.750,6
03:00:03.60900,1927.750,5
03:00:03.63600,1927.750,5
03:00:04.03500,1928.000,1
03:00:05.87500,1927.750,3
03:00:06.16700,1927.500,1
03:00:06.52300,1927.750,2
03:00:08.94500,1927.750,37
03:00:09.56200,1927.750,12
03:00:09.67900,1927.750,5
03:00:10.05000,1927.500,24
03:00:10.30400,1927.250,4
03:00:11.04200,1927.000,27
03:00:11.12800,1927.000,1
03:00:11.69900,1927.000,10
03:00:12.15200,1927.250,44
03:00:12.90600,1927.250,7
03:00:14.68700,1927.000,2
03:00:14.89800,1927.000,1
03:00:15.13200,1927.000,1
03:00:15.86300,1927.000,53
03:00:17.17900,1927.000,2
03:00:19.33900,1927.000,16
03:00:19.50300,1927.000,2
03:00:19.82400,1927.000,1
03:00:20.50000,1927.000,1
03:00:21.24200,1926.750,10
03:00:21.90600,1926.750,16
03:00:22.25000,1926.750,4
03:00:22.61300,1926.750,3
03:00:23.31600,1926.750,5
03:00:23.78900,1926.750,4
03:00:24.90200,1926.750,11
03:00:25.44500,1926.750,1
03:00:25.95700,1926.500,10
03:00:26.28500,1926.500,10
03:00:26.49200,1926.750,1
03:00:27.33900,1926.500,20
03:00:28.23400,1926.250,25
03:00:28.73400,1926.500,1
03:00:30.31600,1926.500,2
03:00:31.03500,1926.500,11
03:00:32.27300,1926.250,5
03:00:33.78100,1926.250,27
03:00:33.92500,1926.250,1
03:00:34.05000,1926.250,22
03:00:35.12100,1926.250,1
03:00:35.33900,1926.250,18
03:00:37.49600,1926.000,67
03:00:37.87100,1926.000,1
03:00:38.64800,1926.250,1
03:00:39.25000,1925.750,81
03:00:39.50700,1925.750,12
03:00:39.63600,1925.750,1
03:00:39.72600,1925.750,1
03:00:39.89800,1925.750,1
03:00:40.55800,1925.250,32
03:00:40.73800,1925.500,35
03:00:41.26500,1925.750,2
03:00:41.66400,1925.750,26
03:00:41.80400,1925.750,1
03:00:41.86700,1925.750,1
03:00:45.58900,1926.000,41
03:00:45.73800,1925.750,1
03:00:47.37100,1925.750,1
03:00:47.93300,1926.000,26
03:00:48.87100,1926.000,11
03:00:49.01500,1926.000,1
03:00:50.28500,1925.750,35
03:00:50.52300,1925.750,19
03:00:50.74200,1925.750,1
03:00:52.00300,1925.500,9
03:00:53.48400,1925.250,17
03:00:54.53100,1925.250,26
03:00:54.69100,1925.500,3
03:00:54.71400,1925.250,1
03:00:55.31600,1925.500,21
03:00:55.44100,1925.750,1
03:00:55.53900,1925.500,6
03:00:55.74600,1925.500,1
03:00:56.21400,1925.500,1
03:00:57.12500,1926.000,78
03:00:57.31200,1926.000,18
03:00:58.57400,1925.750,9
03:00:59.12800,1925.500,13
03:01:00.09300,1925.500,40
03:01:00.49200,1925.500,1
03:01:01.08900,1925.250,17
03:01:01.17900,1925.250,1
03:01:01.63200,1925.500,1
03:01:01.95700,1925.250,8
03:01:02.31200,1925.250,4
03:01:02.47200,1925.500,5
03:01:02.58900,1925.500,2
03:01:03.84300,1925.250,4
03:01:04.42900,1925.250,23
03:01:04.60500,1925.000,10
03:01:05.86300,1925.250,58
03:01:07.13600,1925.250,54
03:01:07.80000,1925.000,10
03:01:08.02300,1925.500,86
03:01:08.15600,1925.500,9
03:01:08.82800,1925.250,1
03:01:09.25300,1925.500,5
03:01:09.77700,1925.250,30
03:01:10.58500,1925.500,1
03:01:11.48400,1925.250,44
03:01:12.01500,1925.250,1
03:01:12.77700,1925.250,1
03:01:13.56200,1925.250,52
03:01:14.19900,1925.250,8
03:01:14.55800,1925.250,1
03:01:16.47200,1925.000,60
03:01:16.55800,1925.000,8
03:01:16.60500,1925.000,7
03:01:17.47600,1925.000,12
03:01:17.91400,1925.000,5
03:01:18.31200,1925.000,8
03:01:18.56200,1925.000,6
03:01:19.49200,1925.000,1
03:01:20.92100,1925.000,20
03:01:22.15200,1925.000,8
03:01:22.35900,1925.250,1
03:01:22.83900,1925.250,1
03:01:22.87800,1925.500,75
03:01:25.30800,1925.500,2
03:01:25.56200,1925.750,1
03:01:26.07000,1925.500,6
03:01:26.37500,1925.250,1
03:01:26.94500,1925.250,13
03:01:27.46800,1925.250,27
03:01:29.39400,1925.500,8
03:01:29.80400,1925.500,2
03:01:30.10900,1925.500,1
03:01:30.18700,1925.500,3
03:01:30.58500,1925.500,5
03:01:31.71400,1925.500,6
03:01:33.11300,1925.750,15
03:01:33.73800,1926.000,11
03:01:34.16000,1926.000,9
03:01:34.64000,1926.000,4
03:01:35.24600,1926.000,8
03:01:36.62500,1926.000,2
03:01:37.27300,1925.750,16
03:01:39.92500,1925.500,2
03:01:41.65200,1925.500,5
03:01:42.03500,1925.750,21
03:01:47.59700,1926.000,31
03:01:48.23400,1926.000,1
03:01:51.48800,1925.750,21
03:01:51.59700,1925.750,2
03:01:53.09700,1925.500,13
03:01:55.25700,1925.500,16
03:01:55.49600,1925.750,28
03:01:56.00000,1926.000,1
03:01:56.28100,1925.750,13
03:01:57.60100,1925.750,1
03:01:58.16000,1925.750,7
03:01:58.50000,1925.500,14
03:01:59.76500,1925.500,36
03:02:04.05800,1925.250,18
03:02:04.18700,1925.250,12
03:02:06.86300,1925.500,1
03:02:07.22200,1925.250,24
03:02:07.22200,1925.250,4
03:02:07.56600,1925.250,6
03:02:08.96000,1925.250,1
03:02:12.62800,1925.250,12
03:02:12.94100,1925.250,29
03:02:13.25300,1925.500,35
03:02:16.43700,1925.250,15
03:02:16.62500,1925.000,4
03:02:18.64400,1925.250,10
03:02:18.72200,1925.500,26
03:02:19.47600,1925.250,1
03:02:20.22200,1925.250,40
03:02:20.25300,1925.250,3
03:02:22.22600,1925.250,1
03:02:23.49600,1925.000,1
03:02:26.86300,1925.000,65
03:02:27.26100,1925.000,3
03:02:27.33500,1925.000,1
03:02:27.38600,1925.000,84
03:02:27.45700,1925.000,10
03:02:27.69900,1924.750,8
03:02:28.57800,1924.750,51
03:02:28.66400,1924.500,4
03:02:29.00300,1924.750,1
03:02:29.08500,1924.750,4
03:02:29.16700,1924.750,4
03:02:29.69100,1925.000,1
03:02:29.94500,1925.000,46
03:02:30.21000,1925.000,8
03:02:30.33200,1925.000,18
03:02:30.45700,1925.000,5
03:02:30.66400,1925.000,18
03:02:30.77300,1925.000,25
03:02:31.09700,1924.750,22
03:02:32.14400,1924.750,1
03:02:33.37100,1924.500,7
03:02:33.43300,1924.500,137
03:02:34.11300,1924.500,5
03:02:34.60500,1924.250,1
03:02:35.00700,1924.250,1
03:02:35.73000,1924.250,1
03:02:35.89400,1924.250,3
03:02:37.32000,1924.500,96
03:02:40.57400,1924.500,1
03:02:41.61700,1924.750,37
03:02:41.78900,1924.750,1
03:02:42.48800,1924.750,55
03:02:42.80000,1924.750,19
03:02:43.62500,1924.750,5
03:02:43.86700,1924.750,17
03:02:43.86700,1924.750,3
03:02:44.19500,1924.750,4
03:02:45.12100,1924.750,22
03:02:45.37100,1924.750,2
03:02:46.07400,1925.000,15
03:02:46.17500,1924.750,12
03:02:47.00300,1924.750,18
03:02:47.94100,1924.500,1
03:02:48.44900,1924.500,3
03:02:48.48400,1924.500,14
03:02:48.66700,1924.500,1
03:02:48.66700,1924.500,35
03:02:49.12100,1924.500,1
03:02:49.24200,1924.500,5
03:02:49.64400,1924.750,27
03:02:50.26100,1924.500,2
03:02:50.65600,1924.750,63
03:02:54.57800,1924.750,18
03:02:55.68300,1924.500,6
03:02:55.80800,1924.500,6
03:03:01.27300,1924.750,2
03:03:03.93700,1924.750,38
03:03:04.20700,1924.750,14
03:03:04.57800,1924.750,1
03:03:04.91000,1924.750,7
03:03:05.69100,1924.750,1
03:03:06.57800,1924.750,1
03:03:06.90200,1925.000,6
03:03:09.09300,1925.000,7
03:03:10.70300,1925.000,1
03:03:12.75000,1925.000,3
03:03:13.75300,1925.000,3
03:03:13.89400,1925.000,5
03:03:14.69100,1925.000,8
03:03:14.76900,1925.250,1
03:03:15.89800,1925.250,40
03:03:16.54200,1925.250,1
03:03:16.84700,1925.250,1
03:03:18.77700,1925.000,5
03:03:19.71000,1925.000,1
03:03:20.23400,1924.750,51
03:03:20.41700,1924.750,10
03:03:21.34300,1924.750,4
03:03:22.53900,1924.750,8
03:03:23.64400,1924.750,1
03:03:24.54200,1924.750,1
03:03:24.78100,1925.000,8
03:03:25.28500,1925.000,2
03:03:26.29200,1924.750,6
03:03:26.42100,1924.750,6
03:03:26.89800,1925.000,45
03:03:27.82000,1925.000,5
03:03:32.01100,1925.000,22
03:03:33.76100,1925.000,12
03:03:34.88600,1925.000,24
03:03:37.89000,1925.000,6
03:03:38.39800,1925.000,4
03:03:41.71400,1925.000,7
03:03:42.00700,1925.250,11
03:03:42.46800,1925.250,13
03:03:43.02300,1925.250,4
03:03:44.03900,1925.250,1
03:03:45.87500,1925.250,11
03:03:48.64400,1925.250,24
03:03:51.03500,1925.250,6
03:03:52.26100,1925.250,5
03:03:53.10900,1925.000,6
03:03:54.32000,1925.000,9
03:03:54.44100,1925.250,6
03:03:55.82400,1925.250,13
03:03:56.60900,1925.000,20
03:03:59.19500,1925.250,57
03:04:01.37500,1925.500,33
03:04:09.26900,1925.750,4
03:04:10.14000,1925.750,1
03:04:11.57400,1925.750,28
03:04:11.82400,1925.750,15
03:04:12.00000,1925.500,1
03:04:12.82400,1925.500,9
03:04:14.17100,1925.750,4
03:04:15.24600,1925.750,1
03:04:17.55800,1925.750,9
03:04:19.37100,1925.750,1
03:04:20.61700,1926.000,3
03:04:21.18300,1926.000,1
03:04:21.77700,1925.750,5
03:04:23.27300,1926.000,19
03:04:24.12800,1926.250,1
03:04:24.41000,1926.250,1
03:04:24.67500,1926.250,1
03:04:25.57800,1926.250,34
03:04:25.72200,1926.250,1
03:04:25.92500,1926.250,7
03:04:26.29200,1926.250,10
03:04:27.24600,1926.000,31
03:04:27.35100,1926.000,12
03:04:27.93300,1926.000,5
03:04:28.21400,1926.000,2
03:04:28.38600,1925.750,3
03:04:32.20700,1926.000,32
03:04:33.37800,1926.000,11
03:04:33.94500,1926.250,1
03:04:34.14800,1926.250,2
03:04:35.09700,1926.000,21
03:04:35.46800,1926.000,16
03:04:36.23800,1926.000,12
03:04:36.52700,1926.000,1
03:04:37.41000,1926.250,1
03:04:38.33200,1926.250,24
03:04:39.08200,1926.500,62
03:04:39.14800,1926.500,13
03:04:41.24200,1926.500,37
03:04:43.21400,1926.500,1
03:04:44.04600,1926.500,1
03:04:44.41700,1926.500,30
03:04:46.57400,1926.500,5
03:04:47.08500,1926.500,4
03:04:47.64000,1926.750,2
03:04:48.22600,1926.500,1
03:04:51.42500,1926.500,11
03:04:51.90600,1926.500,8
03:04:52.02300,1926.500,1
03:04:54.04600,1926.500,1
03:04:55.43700,1926.250,46
03:04:55.67500,1926.250,11
03:04:56.70700,1926.500,2
03:04:58.72200,1926.250,1
03:05:00.31200,1926.250,19
03:05:01.05400,1926.250,1
03:05:01.37500,1926.250,13
03:05:02.89800,1926.250,1
03:05:03.32000,1926.500,1
03:05:03.46400,1926.250,4
03:05:04.07400,1926.250,2
03:05:04.89000,1926.000,1
03:05:06.78900,1926.000,20
03:05:08.04200,1926.000,1
03:05:08.84700,1925.750,1
03:05:10.33500,1925.750,44
03:05:11.32800,1925.750,8
03:05:11.64000,1925.750,1
03:05:11.75000,1926.000,1
03:05:11.89000,1926.000,17
03:05:12.47600,1926.000,3
03:05:14.09300,1926.000,4
03:05:14.70300,1926.000,2
03:05:15.44500,1926.000,8
03:05:16.27700,1925.750,27
03:05:16.96000,1926.000,14
03:05:17.33900,1926.000,7
03:05:17.57400,1926.000,1
03:05:17.81200,1926.000,27
03:05:20.50300,1925.750,2
03:05:20.93700,1926.000,1
03:05:23.18300,1926.000,6
03:05:23.91400,1926.000,5
03:05:24.89000,1926.250,43
03:05:27.60100,1926.000,19
03:05:28.44500,1925.750,29
03:05:29.26500,1925.500,20
03:05:29.60100,1925.750,1
03:05:30.66400,1925.500,10
03:05:31.90200,1925.500,3
03:05:32.20700,1925.500,47
03:05:32.36700,1925.500,1
03:05:32.81200,1925.250,28
03:05:36.07800,1925.250,1
03:05:36.39400,1925.250,1
03:05:36.65200,1925.000,7
03:05:36.84700,1925.250,41
03:05:38.36700,1925.000,30
03:05:40.83200,1924.750,10
03:05:42.07800,1924.750,2
03:05:42.17500,1925.000,1
03:05:42.31200,1924.750,1
03:05:45.21000,1924.750,10
03:05:46.84300,1925.250,55
03:05:48.95700,1925.250,21
03:05:50.12800,1925.250,16
03:05:53.05800,1925.000,16
03:05:53.53900,1925.000,21
03:05:53.95700,1925.000,8
03:05:55.53100,1925.000,18
03:05:55.70700,1925.000,1
03:05:56.52300,1925.000,1
03:05:57.32800,1925.250,23
03:05:57.36700,1925.500,3
03:05:57.69900,1925.500,1
03:05:58.83500,1925.250,27
03:05:59.28100,1925.250,34
03:05:59.37800,1925.250,97
03:05:59.87800,1925.250,1
03:06:00.44900,1925.250,5
03:06:01.46000,1925.250,8
03:06:02.89800,1925.250,39
03:06:05.12500,1925.000,117
03:06:07.01500,1925.000,43
03:06:08.15600,1925.000,17
03:06:08.55800,1924.750,114
03:06:08.80800,1924.750,10
03:06:12.47600,1924.750,80
03:06:14.46800,1924.750,21
03:06:15.12800,1924.750,4
03:06:16.07000,1924.750,1
03:06:16.69500,1924.750,4
03:06:18.47600,1924.500,1
03:06:19.81600,1924.750,9
03:06:22.57400,1924.750,1
03:06:23.27300,1924.750,1
03:06:25.03900,1924.750,1
03:06:25.34300,1924.500,6
03:06:27.23400,1924.500,5
03:06:29.07000,1924.750,43
03:06:30.07400,1924.750,1
03:06:33.10900,1924.750,13
03:06:33.55000,1924.500,1
03:06:34.10900,1924.750,20
03:06:36.14800,1924.500,11
03:06:39.25300,1924.750,6
03:06:40.90600,1924.750,2
03:06:41.27300,1924.750,1
03:06:42.38200,1924.750,38
03:06:43.23000,1924.750,34
03:06:43.91400,1924.750,4
03:06:44.28100,1924.750,6
03:06:44.70700,1924.500,15
03:06:44.79200,1924.500,6
03:06:45.50300,1924.500,56
03:06:46.35500,1924.500,1
03:06:46.60900,1924.500,33
03:06:46.75300,1924.500,1
03:06:47.41400,1924.500,1
03:06:48.37100,1924.500,14
03:06:51.06600,1924.500,1
03:06:52.01900,1924.500,1
03:06:52.47200,1924.500,1
03:06:52.89400,1924.250,124
03:06:53.04600,1924.000,4
03:06:53.18300,1924.000,13
03:06:53.22200,1924.000,1
03:06:53.42900,1924.000,5
03:06:54.17100,1924.250,2
03:06:54.33900,1924.000,3
03:06:55.50000,1924.250,1
03:06:56.14400,1924.250,39
03:06:56.60900,1924.250,2
03:06:57.21400,1924.250,1
03:06:57.30400,1924.250,11
03:06:57.95700,1924.500,25
03:06:58.73400,1924.500,10
03:06:59.37800,1924.500,10
03:07:00.83500,1924.500,18
03:07:01.00300,1924.500,2
03:07:01.06600,1924.500,13
03:07:01.55400,1924.500,17
03:07:02.41700,1924.500,35
03:07:04.49600,1924.500,1
03:07:05.03100,1924.500,1
03:07:05.47600,1924.500,1
03:07:05.52300,1924.250,1
03:07:05.80000,1924.250,10
03:07:07.03100,1924.250,21
03:07:07.50700,1924.250,1
03:07:09.03500,1924.250,2
03:07:12.00700,1924.250,18
03:07:12.58200,1924.250,1
03:07:13.71400,1924.250,1
03:07:15.00700,1924.000,6
03:07:15.88600,1924.250,1
03:07:17.19500,1924.000,130
03:07:17.29600,1923.750,6
03:07:17.39800,1923.750,5
03:07:17.71400,1923.750,80
03:07:18.10100,1923.750,21
03:07:18.16700,1923.750,9
03:07:18.39400,1923.750,1
03:07:18.55400,1923.750,1
03:07:19.16700,1923.750,1
03:07:19.34700,1924.000,18
03:07:19.46800,1924.250,2
03:07:20.03500,1924.000,3
03:07:20.10900,1924.000,3
03:07:20.38200,1924.000,1
03:07:20.72200,1924.000,4
03:07:22.33500,1923.750,31
03:07:22.39000,1923.750,7
03:07:22.49200,1923.750,4
03:07:23.87800,1924.000,1
03:07:24.11300,1924.000,17
03:07:24.58500,1924.000,6
03:07:26.20700,1924.000,5
03:07:26.56600,1923.750,1
03:07:27.09700,1924.000,1
03:07:27.72600,1924.000,12
03:07:28.89000,1924.000,3
03:07:29.05000,1923.750,8
03:07:30.55000,1923.750,1
03:07:30.73000,1923.750,1
03:07:33.88200,1923.750,2
03:07:34.18700,1923.750,8
03:07:35.02300,1924.000,13
03:07:35.32000,1923.750,2
03:07:35.59700,1923.750,5
03:07:35.82800,1923.750,42
03:07:37.26100,1923.500,5
03:07:37.63600,1923.500,13
03:07:37.86700,1923.500,2
03:07:38.83200,1923.750,3
03:07:39.25700,1923.500,2
03:07:39.61300,1923.500,1
03:07:39.96000,1923.750,5
03:07:41.09300,1923.750,1
03:07:41.48800,1923.750,14
03:07:41.66400,1923.500,4
03:07:42.17900,1923.750,8
03:07:42.59700,1923.750,6
03:07:44.38600,1923.750,3
03:07:44.68300,1923.750,19
03:07:44.82400,1923.750,1
03:07:45.32400,1923.750,1
03:07:45.48800,1923.750,4
03:07:45.76100,1923.500,40
03:07:48.05400,1923.750,1
03:07:48.18700,1923.750,1
03:07:48.55000,1923.750,1
03:07:48.67100,1923.750,1
03:07:49.42900,1923.750,1
03:07:50.32800,1923.750,22
03:07:50.34300,1923.750,2
03:07:50.78100,1923.750,2
03:07:51.85900,1923.500,24
03:07:52.31200,1923.750,1
03:07:52.49600,1923.750,1
03:07:53.40200,1923.500,9
03:07:54.88200,1923.500,36
03:07:55.40600,1923.500,12
03:07:57.34300,1923.500,126
03:07:57.41700,1923.500,1
03:07:57.67500,1923.500,6
03:07:58.20300,1923.500,2
03:07:59.03900,1923.750,40
03:07:59.73800,1923.750,1
03:08:00.37100,1924.250,13
03:08:01.46400,1924.000,58
03:08:01.85100,1924.000,15
03:08:02.08200,1924.000,12
03:08:02.10900,1924.000,5
03:08:02.23800,1924.000,7
03:08:02.65600,1924.250,28
03:08:02.81600,1924.250,11
03:08:04.38600,1924.250,17
03:08:06.80000,1924.250,6
03:08:07.65200,1924.000,47
03:08:07.65600,1924.000,14
03:08:08.14000,1923.750,22
03:08:08.24600,1923.750,1
03:08:08.61700,1923.750,40
03:08:09.11700,1923.750,1
03:08:09.69500,1923.750,9
03:08:09.73400,1923.750,1
03:08:10.22600,1923.750,2
03:08:10.88600,1923.750,7
03:08:13.73400,1923.250,63
03:08:14.31200,1923.500,1
03:08:14.48800,1923.500,1
03:08:15.89000,1923.500,18
03:08:16.01900,1923.250,1
03:08:16.14000,1923.500,6
03:08:16.38200,1923.250,120
03:08:16.47600,1923.500,2
03:08:16.56600,1923.250,3
03:08:17.16400,1923.500,25
03:08:17.29200,1923.500,2
03:08:18.41400,1923.750,1
03:08:20.80800,1923.750,24
03:08:21.26100,1924.000,5
03:08:21.73800,1923.750,31
03:08:22.89000,1923.750,9
03:08:24.08900,1923.750,2
03:08:24.23000,1923.500,40
03:08:24.32000,1923.250,77
03:08:24.69100,1923.500,1
03:08:26.78500,1923.250,2
03:08:27.94500,1923.500,1
03:08:28.63600,1923.250,1
03:08:29.07000,1923.500,53
03:08:29.21800,1923.500,1
03:08:29.59300,1923.250,1
03:08:30.05400,1923.250,1
03:08:31.62500,1923.500,8
03:08:32.95700,1923.750,2
03:08:33.43300,1923.500,101
03:08:33.49200,1923.250,1
03:08:33.71800,1923.500,32
03:08:33.79200,1923.500,16
03:08:34.39400,1923.500,8
03:08:34.52300,1923.500,1
03:08:35.10900,1923.500,14
03:08:37.13200,1923.500,3
03:08:37.55000,1923.250,3
03:08:37.94100,1923.500,1
03:08:38.61300,1923.250,1
03:08:38.71400,1923.250,1
03:08:39.91000,1923.250,1
03:08:40.37100,1923.250,1
03:08:40.86700,1923.250,23
03:08:40.86700,1923.250,30
03:08:41.08900,1923.500,74
03:08:41.94900,1923.250,47
03:08:42.20700,1923.250,21
03:08:43.17500,1923.000,34
03:08:43.17500,1923.000,8
03:08:43.33200,1923.000,5
03:08:43.53100,1923.000,1
03:08:44.58500,1923.250,4
03:08:44.69900,1923.000,2
03:08:44.82000,1923.000,1
03:08:45.21800,1923.000,1
03:08:45.93700,1923.000,1
03:08:46.53500,1923.000,9
03:08:46.93700,1923.000,2
03:08:47.26100,1923.000,1
03:08:48.32000,1923.000,2
03:08:48.91700,1923.250,43
03:08:49.94500,1923.250,7
03:08:50.08500,1923.250,28
03:08:50.43300,1923.250,1
03:08:50.53900,1923.000,1
03:08:51.25300,1923.250,22
03:08:53.32800,1923.250,2
03:08:53.69500,1923.250,3
03:08:53.92900,1923.250,36
03:08:53.96400,1923.250,6
03:08:54.11300,1923.250,6
03:08:54.57000,1923.500,50
03:08:56.80400,1923.500,13
03:08:57.10100,1923.500,5
03:08:57.46000,1923.500,3
03:08:57.61700,1923.500,5
03:08:58.21000,1923.500,14
03:09:00.07800,1923.500,17
03:09:00.23800,1923.500,1
03:09:00.79200,1923.500,5
03:09:01.03500,1923.500,11
03:09:02.02700,1923.750,24
03:09:02.66700,1923.750,18
03:09:02.83900,1923.500,158
03:09:03.49600,1923.500,5
03:09:05.07800,1923.250,2
03:09:05.39400,1923.500,7
03:09:07.54200,1923.500,52
03:09:08.51900,1923.500,2
03:09:08.69500,1923.500,12
03:09:10.55800,1923.500,11
03:09:11.74600,1923.500,9
03:09:11.79600,1923.750,1
03:09:12.58900,1923.500,1
03:09:13.38200,1923.250,26
03:09:14.50000,1923.250,115
03:09:14.69100,1923.250,5
03:09:14.92500,1923.250,1
03:09:15.05000,1923.250,1
03:09:15.52700,1923.250,25
03:09:16.80000,1923.250,14
03:09:17.60100,1923.000,9
03:09:17.94500,1923.000,144
03:09:18.26500,1923.000,25
03:09:18.41000,1923.000,1
03:09:18.81200,1923.000,3
03:09:18.90600,1923.000,8
03:09:19.62100,1923.250,1
03:09:20.00300,1923.000,31
03:09:20.73800,1923.000,3
03:09:21.67900,1922.750,50
03:09:21.81600,1922.750,889
03:09:22.11600,1922.750,33
03:09:22.53500,1922.750,19
03:09:22.77700,1922.750,8
03:09:22.90200,1922.750,6
03:09:23.08900,1922.750,2
03:09:23.78100,1922.750,1
03:09:24.35100,1922.500,3
03:09:25.10900,1922.750,20
03:09:25.43300,1922.500,1
03:09:26.29600,1922.500,2
03:09:26.63200,1922.500,65
03:09:26.79200,1922.500,8
03:09:27.89400,1922.500,30
03:09:28.16000,1922.500,1
03:09:28.40200,1922.500,13
03:09:28.48000,1922.500,3
03:09:29.35900,1922.500,1
03:09:29.50000,1922.500,17
03:09:30.46800,1922.500,3
03:09:30.67100,1922.500,2
03:09:31.46000,1922.500,16
03:09:31.53900,1922.500,16
03:09:31.60500,1922.500,1
03:09:33.44100,1922.500,2
03:09:33.95700,1922.750,7
03:09:35.75700,1922.500,15
03:09:36.55400,1922.250,25
03:09:36.75300,1922.500,10
03:09:36.84300,1922.500,4
03:09:37.08900,1922.500,4
03:09:37.72200,1922.250,12
03:09:38.67500,1922.250,3
03:09:39.07400,1922.500,1
03:09:39.10100,1922.500,31
03:09:39.48800,1922.500,29
03:09:40.69100,1922.500,15
03:09:42.21000,1922.500,11
03:09:43.08500,1922.500,3
03:09:43.27300,1922.500,3
03:09:44.01100,1922.250,15
03:09:45.13200,1922.250,25
03:09:45.50300,1922.250,2
03:09:46.42900,1922.500,12
03:09:46.79200,1922.500,11
03:09:48.04600,1922.500,5
03:09:48.52700,1922.500,1
03:09:49.06600,1922.500,1
03:09:50.83200,1922.250,9
03:09:51.85500,1922.500,2
03:09:52.01900,1922.500,28
03:09:52.03900,1922.500,4
03:09:53.30800,1922.250,50
03:09:53.37800,1922.500,1
03:09:55.02700,1922.500,4
03:09:55.60100,1922.500,1
03:09:56.05000,1922.250,2
03:09:56.55000,1922.500,1
03:09:57.54600,1922.500,5
03:09:57.76500,1922.500,1
03:09:58.69900,1922.250,3
03:09:59.23800,1922.500,1
03:10:00.36700,1922.250,49
03:10:00.68700,1922.500,3
03:10:01.05800,1922.250,11
03:10:01.92900,1922.250,1
03:10:02.39000,1922.500,81
03:10:02.49600,1922.500,1
03:10:04.35100,1922.500,5
03:10:05.53500,1922.500,1
03:10:05.80000,1922.250,5
03:10:05.91700,1922.250,1
03:10:06.80000,1922.250,59
03:10:07.13200,1922.000,27
03:10:07.23400,1922.250,2
03:10:07.83200,1922.250,6
03:10:08.43300,1922.000,9
03:10:08.95700,1922.250,7
03:10:09.20700,1922.000,1
03:10:09.40600,1922.250,2
03:10:10.17500,1922.250,141
03:10:10.73400,1922.000,4
03:10:11.08500,1922.250,1
03:10:12.22200,1922.000,2
03:10:12.75000,1922.250,1
03:10:12.90200,1922.250,1
03:10:14.33500,1922.000,4
03:10:14.50000,1922.000,5
03:10:15.27700,1922.000,5
03:10:15.41000,1922.000,93
03:10:15.53500,1921.750,6
03:10:15.57400,1922.000,2
03:10:15.68300,1922.000,10
03:10:15.80400,1922.000,1
03:10:15.96000,1921.750,5
03:10:16.10900,1921.750,7
03:10:16.30400,1921.750,2
03:10:16.59300,1921.750,2
03:10:17.07800,1921.750,5
03:10:18.15600,1922.000,1
03:10:18.53500,1922.000,1
03:10:19.09700,1922.000,1
03:10:19.45300,1922.000,76
03:10:19.66700,1921.750,11
03:10:19.95700,1921.750,3
03:10:20.79200,1922.000,82
03:10:21.00300,1921.750,35
03:10:21.13200,1922.000,1
03:10:21.34300,1922.000,1
03:10:22.25700,1922.000,6
03:10:22.69900,1922.000,1
03:10:22.97200,1922.000,5
03:10:23.54600,1922.000,1
03:10:24.46800,1922.250,3
03:10:24.81600,1922.250,20
03:10:25.07800,1922.250,3
03:10:25.37100,1922.500,2
03:10:26.05800,1922.250,4
03:10:26.55000,1922.500,21
03:10:27.30000,1922.500,20
03:10:27.61700,1922.750,1
03:10:28.37100,1922.500,66
03:10:28.37500,1922.500,6
03:10:28.42100,1922.500,1
03:10:28.86300,1922.500,24
03:10:29.04200,1922.500,3
03:10:29.15200,1922.500,2
03:10:30.31200,1922.500,22
03:10:31.12800,1922.500,10
03:10:31.75000,1922.750,1
03:10:32.91000,1922.500,124
03:10:33.01100,1922.500,4
03:10:34.16400,1922.750,69
03:10:34.23800,1922.750,209
03:10:34.61300,1922.750,5
03:10:36.00700,1922.750,29
03:10:36.27700,1922.750,16
03:10:36.40200,1923.000,1
03:10:37.10900,1922.750,18
03:10:37.55400,1922.500,9
03:10:38.64800,1922.750,11
03:10:40.26900,1923.000,5
03:10:40.30400,1923.000,23
03:10:41.10500,1922.750,1
03:10:42.08200,1922.750,9
03:10:44.67900,1923.000,5
03:10:45.10500,1923.000,20
03:10:45.43700,1923.000,7
03:10:45.43700,1923.000,7
03:10:46.69500,1923.000,14
03:10:47.17100,1923.000,4
03:10:47.68300,1923.000,1
03:10:47.84700,1923.000,5
03:10:48.74200,1923.000,6
03:10:49.13200,1923.000,2
03:10:49.35900,1923.000,1
03:10:49.51500,1923.000,18
03:10:50.37100,1923.000,22
03:10:51.29600,1923.000,1
03:10:57.87100,1922.500,52
03:10:59.80000,1922.750,5
03:11:01.82800,1922.750,2
03:11:02.77300,1922.750,10
03:11:03.24600,1922.750,10
03:11:05.54600,1922.500,50
03:11:06.11700,1922.500,1
03:11:06.51500,1922.500,5
03:11:07.05400,1922.500,86
03:11:07.25700,1922.500,18
03:11:09.71400,1922.500,1
03:11:10.26100,1922.500,1
03:11:10.77300,1922.500,1
03:11:11.79200,1922.250,25
03:11:13.06600,1922.000,2
03:11:13.19900,1922.000,1
03:11:14.10100,1922.250,41
03:11:14.78100,1922.250,2
03:11:16.11300,1922.500,105
03:11:16.85500,1922.500,47
03:11:16.92100,1922.500,4
03:11:17.42500,1922.500,4
03:11:18.53900,1922.500,4
03:11:19.69500,1922.500,22
03:11:20.44900,1922.500,28
03:11:20.61300,1922.500,3
03:11:21.27700,1922.250,1
03:11:21.71400,1922.500,1
03:11:22.02700,1922.500,2
03:11:23.06600,1922.500,1
03:11:24.45700,1922.250,32
03:11:25.35100,1922.250,1
03:11:26.23400,1922.250,1
03:11:26.91000,1922.250,3
03:11:30.81600,1922.250,3
03:11:31.94900,1922.250,1
03:11:32.55400,1922.000,23
03:11:32.91400,1922.000,1
03:11:34.10100,1922.000,1
03:11:34.77300,1922.250,62
03:11:35.26500,1922.250,5
03:11:37.05000,1922.500,4
03:11:37.33500,1922.250,1
03:11:38.01900,1922.250,92
03:11:38.20700,1922.250,15
03:11:38.48000,1922.250,5
03:11:38.71800,1922.250,1
03:11:39.36300,1922.250,11
03:11:40.49600,1922.250,3
03:11:41.59700,1922.250,18
03:11:42.55000,1922.000,3
03:11:42.57800,1922.250,13
03:11:42.89000,1922.000,4
03:11:43.14400,1922.250,1
03:11:44.10500,1922.250,34
03:11:44.19500,1922.250,2
03:11:44.34700,1922.250,23
03:11:44.38200,1922.250,31
03:11:44.83500,1922.500,3
03:11:45.15600,1922.500,106
03:11:45.34300,1922.500,1
03:11:45.37800,1922.750,6
03:11:47.29600,1922.750,27
03:11:49.05400,1923.000,63
03:11:49.24200,1923.000,1
03:11:50.16400,1923.000,1
03:11:50.60500,1923.250,1
03:11:50.78100,1923.000,2
03:11:51.78100,1923.000,37
03:11:51.85100,1923.000,3
03:11:52.84300,1922.750,4
03:11:52.91700,1923.000,1
03:11:53.58200,1923.000,10
03:11:54.60500,1923.000,20
03:11:54.69900,1923.000,11
03:11:54.89000,1923.000,6
03:11:56.18700,1923.000,15
03:11:57.23400,1923.250,5
03:11:57.62100,1923.250,1
03:11:58.10100,1923.250,21
03:11:58.34300,1923.250,2
03:11:58.81200,1923.250,2
03:12:00.32000,1923.000,34
03:12:00.92500,1923.000,1
03:12:02.37800,1923.000,1
03:12:02.64800,1922.750,3
03:12:02.78100,1923.000,1
03:12:05.00000,1923.000,10
03:12:05.21800,1923.250,30
03:12:05.90600,1923.000,17
03:12:06.55400,1923.000,26
03:12:07.26100,1923.000,19
03:12:08.39400,1923.000,5
03:12:08.92100,1923.000,1
03:12:09.42100,1923.250,2
03:12:11.11300,1923.250,6
03:12:12.30400,1923.250,1
03:12:12.50000,1923.000,32
03:12:13.28100,1923.000,39
03:12:13.92500,1922.750,34
03:12:15.03100,1922.750,20
03:12:15.67100,1922.750,7
03:12:15.83500,1922.750,2
03:12:18.09300,1922.750,6
03:12:19.55800,1922.750,33
03:12:20.23800,1922.500,7
03:12:20.36700,1922.500,6
03:12:20.49600,1922.500,6
03:12:20.59700,1922.500,11
03:12:20.94900,1922.750,64
03:12:23.06200,1922.500,4
03:12:24.79200,1922.500,7
03:12:25.51900,1922.500,1
03:12:26.75300,1922.500,18
03:12:28.10500,1922.500,5
03:12:28.17100,1922.500,2
03:12:29.20700,1922.500,17
03:12:30.13600,1922.500,1
03:12:31.07400,1922.500,13
03:12:32.92100,1922.500,1
03:12:33.22200,1922.250,20
03:12:34.07400,1922.500,29
03:12:36.15600,1922.250,4
03:12:39.33200,1922.250,53
03:12:39.85900,1922.000,10
03:12:41.06600,1922.000,2
03:12:41.64000,1922.250,38
03:12:42.67100,1922.250,20
03:12:42.94100,1922.250,25
03:12:43.55000,1922.250,14
03:12:43.72600,1922.250,5
03:12:44.01100,1922.250,15
03:12:44.70300,1922.250,6
03:12:45.16700,1922.250,4
03:12:46.13200,1922.250,1
03:12:46.86300,1922.250,1
03:12:49.46800,1922.250,1
03:12:51.76500,1922.500,25
03:12:55.82000,1922.500,12
03:13:06.80800,1922.250,24
03:13:08.56200,1922.250,17
03:13:09.37800,1922.500,2
03:13:09.47200,1922.500,1
03:13:10.69500,1922.500,28
03:13:11.27700,1922.750,34
03:13:11.51100,1922.750,10
03:13:12.29600,1922.750,17
03:13:15.54200,1922.500,1
03:13:15.74200,1922.500,23
03:13:17.85500,1922.500,3
03:13:18.34300,1922.500,35
03:13:19.09300,1922.500,10
03:13:19.32400,1922.500,1
03:13:20.84700,1922.500,3
03:13:21.68300,1922.500,4
03:13:21.95300,1922.250,10
03:13:22.12100,1922.250,2
03:13:22.33900,1922.500,1
03:13:22.89000,1922.500,67
03:13:23.00700,1922.500,2
03:13:24.20300,1922.500,5
03:13:25.77700,1922.500,18
03:13:26.04600,1922.500,2
03:13:28.12800,1922.250,5
03:13:28.42900,1922.250,5
03:13:31.15600,1922.500,1
03:13:31.58200,1922.250,48
03:13:31.65200,1922.250,15
03:13:32.16700,1922.250,9
03:13:32.45300,1922.250,2
03:13:33.34300,1922.250,2
03:13:33.91700,1922.000,6
03:13:34.64000,1922.250,11
03:13:34.93700,1922.250,24
03:13:35.28100,1922.250,5
03:13:35.97200,1922.500,1
03:13:36.79200,1922.250,12
03:13:37.21400,1922.250,4
03:13:37.89800,1922.250,7
03:13:39.73400,1922.250,7
03:13:40.45300,1922.250,2
03:13:41.23800,1922.250,1
03:13:41.67100,1922.250,1
03:13:42.19500,1922.000,2
03:13:43.10900,1922.000,66
03:13:43.14800,1922.000,18
03:13:43.18300,1922.000,3
03:13:44.30400,1922.000,3
03:13:47.38600,1922.000,10
03:13:48.60900,1922.000,49
03:13:50.37100,1921.500,76
03:13:50.72600,1921.750,1
03:13:51.32000,1921.500,2
03:13:51.47200,1921.750,1
03:13:52.76100,1921.750,1
03:13:54.00700,1921.750,3
03:13:54.51100,1921.500,6
03:13:55.64400,1921.750,2
03:13:56.64800,1921.500,1
03:13:57.29600,1921.750,3
03:13:58.32000,1921.750,56
03:13:59.58200,1921.750,11
03:13:59.83900,1921.750,1
03:14:00.49200,1921.750,4
03:14:00.80000,1921.750,3
03:14:01.82800,1921.750,40
03:14:02.14000,1921.750,17
03:14:02.86700,1921.500,2
03:14:04.60100,1921.750,3
03:14:05.05000,1921.750,11
03:14:05.95700,1921.750,11
03:14:06.94500,1921.750,1
03:14:07.73800,1921.750,4
03:14:08.04600,1922.000,1
03:14:08.36700,1922.000,29
03:14:08.74200,1922.000,11
03:14:09.01900,1921.750,2
03:14:09.60900,1922.000,1
03:14:10.03500,1921.750,215
03:14:10.44900,1921.750,7
03:14:14.25700,1921.750,1
03:14:14.50000,1921.500,2
03:14:14.73400,1921.750,6
03:14:14.91000,1921.500,1
03:14:15.35500,1921.750,11
03:14:15.56200,1921.750,6
03:14:16.57800,1921.500,10
03:14:20.47600,1921.750,6
03:14:21.16700,1921.750,2
03:14:23.75700,1921.500,1
03:14:23.89800,1921.750,4
03:14:27.88600,1921.500,2
03:14:28.38600,1921.500,1
03:14:28.64800,1921.750,1
03:14:30.48000,1921.500,9
03:14:31.09700,1921.500,585
03:14:32.67900,1921.500,55
03:14:33.90600,1921.500,1
03:14:34.46800,1921.750,19
03:14:34.69900,1921.750,2
03:14:37.40600,1921.500,20
03:14:38.09700,1921.750,1
03:14:38.44500,1921.500,1
03:14:38.64400,1921.500,40
03:14:38.71400,1921.500,10
03:14:38.90200,1921.500,5
03:14:40.30400,1921.500,4
03:14:41.09700,1921.500,2
03:14:41.81200,1921.500,3
03:14:42.64000,1921.500,7
03:14:44.82800,1921.500,2
03:14:45.81200,1921.750,38
03:14:46.92100,1921.750,31
03:14:48.08200,1921.750,4
03:14:49.53100,1921.750,25
03:14:49.73400,1921.750,3
03:14:49.76100,1921.750,9
03:14:49.95700,1921.750,2
03:14:50.05400,1921.750,1
03:14:52.49600,1922.000,1
03:14:52.79600,1922.000,4
03:14:55.10500,1922.000,3
03:15:00.78500,1921.750,56
03:15:01.10500,1922.000,1
03:15:01.30000,1921.750,9
03:15:02.83500,1922.000,1
03:15:03.16000,1921.750,1
03:15:06.13600,1921.750,2
03:15:06.49600,1921.750,6
03:15:07.57800,1921.750,2
03:15:10.06600,1922.000,10
03:15:11.75300,1922.000,15
03:15:12.85100,1922.000,1
03:15:12.96800,1922.000,1
03:15:13.51500,1921.750,61
03:15:13.83500,1921.500,11
03:15:14.69900,1921.750,1
03:15:15.57800,1921.750,16
03:15:17.94500,1921.500,5
03:15:18.35900,1921.500,5
03:15:19.51100,1921.500,20
03:15:20.21000,1921.500,17
03:15:20.35900,1921.500,5
03:15:26.80000,1921.250,4
03:15:27.61700,1921.250,1
03:15:29.50300,1921.250,11
03:15:30.41000,1921.500,37
03:15:30.57800,1921.500,2
03:15:30.64400,1921.500,3
03:15:30.76500,1921.500,9
03:15:31.32800,1921.500,14
03:15:31.51500,1921.500,4
03:15:31.76100,1921.250,2
03:15:32.00700,1921.250,2
03:15:33.48800,1921.250,2
03:15:33.55000,1921.250,8
03:15:33.78900,1921.250,1
03:15:33.88600,1921.250,145
03:15:34.22600,1921.500,1
03:15:34.35500,1921.500,1
03:15:34.52300,1921.500,46
03:15:34.58200,1921.500,6
03:15:35.20700,1921.500,5
03:15:35.50700,1921.500,5
03:15:36.14400,1921.750,3
03:15:38.19100,1921.500,2
03:15:40.69500,1921.750,1
03:15:44.47600,1921.750,1
03:15:44.78500,1921.500,2
03:15:45.15600,1921.750,5
03:15:45.44900,1921.750,1
03:15:46.57400,1921.750,1
03:15:46.74200,1921.500,6
03:15:47.02700,1921.500,16
03:15:47.15200,1921.500,6
03:15:49.06200,1921.750,1
03:15:51.75700,1922.000,24
03:15:52.18300,1922.000,20
03:15:53.04600,1922.000,1
03:15:54.79200,1922.000,26
03:15:55.91700,1922.000,9
03:15:56.00700,1922.000,10
03:15:58.38200,1921.750,4
03:15:58.45700,1922.000,1
03:15:59.54200,1921.750,3
03:15:59.75700,1922.000,2
03:15:59.88600,1922.000,1
03:15:59.96800,1922.000,12
03:16:01.36700,1921.750,30
03:16:01.82000,1922.000,1
03:16:03.81600,1922.000,39
03:16:05.01100,1922.000,12
03:16:05.96800,1922.000,25
03:16:06.16000,1922.000,4
03:16:06.37100,1922.000,1
03:16:07.64800,1922.000,1
03:16:07.96800,1922.000,22
03:16:08.12500,1922.000,1
03:16:08.33200,1922.000,22
03:16:09.13200,1922.000,4
03:16:09.38600,1922.000,1
03:16:09.64000,1922.000,3
03:16:10.91000,1922.000,1
03:16:15.18300,1922.000,32
03:16:16.68300,1921.750,70
03:16:18.08200,1921.500,1
03:16:18.31600,1921.500,1
03:16:19.79200,1921.500,22
03:16:19.96400,1921.500,6
03:16:20.05400,1921.500,15
03:16:20.26900,1921.500,51
03:16:20.50700,1921.500,3
03:16:22.79600,1921.500,1
03:16:23.58500,1921.500,9
03:16:24.80800,1921.500,33
03:16:25.90600,1921.500,2
03:16:26.05400,1921.500,5
03:16:26.65600,1921.500,1
03:16:29.79200,1921.250,1
03:16:30.64400,1921.500,3
03:16:31.58900,1921.500,28
03:16:31.75300,1921.500,4
03:16:32.42100,1921.500,1
03:16:32.90200,1921.500,1
03:16:33.34700,1921.500,2
03:16:33.81600,1921.500,6
03:16:34.64800,1921.250,25
03:16:34.88200,1921.500,13
03:16:35.36700,1921.500,1
03:16:35.61300,1921.500,1
03:16:36.05800,1921.500,2
03:16:36.29200,1921.500,6
03:16:38.12500,1921.500,7
03:16:38.78900,1921.500,1
03:16:40.49600,1921.500,14
03:16:41.02300,1921.500,5
03:16:41.18700,1921.750,6
03:16:41.27300,1921.500,2
03:16:42.46400,1921.750,1
03:16:42.94100,1921.750,1
03:16:43.24600,1921.750,1
03:16:44.11700,1921.500,32
03:16:46.78500,1921.000,271
03:16:46.81600,1921.000,14
03:16:46.92900,1921.250,2
03:16:47.26500,1921.250,4
03:16:47.37100,1921.250,2
03:16:47.78900,1921.500,88
03:16:47.91000,1921.500,27
03:16:49.30000,1921.500,1
03:16:50.25000,1921.750,5
03:16:51.20300,1921.500,22
03:16:51.61700,1921.500,11
03:16:52.25000,1921.750,1
03:16:53.21400,1921.500,19
03:16:56.33900,1921.750,13
03:16:56.41000,1921.750,5
03:16:57.50000,1921.750,5
03:17:00.35500,1922.000,24
03:17:00.51500,1922.250,10
03:17:00.64000,1922.000,2
03:17:02.00000,1922.250,9
03:17:02.35100,1922.250,1
03:17:03.03900,1922.250,129
03:17:03.56600,1922.000,21
03:17:04.10100,1922.000,7
03:17:04.20300,1922.000,1
03:17:05.06600,1922.000,2
03:17:05.36700,1921.750,26
03:17:07.25000,1921.750,2
03:17:07.55400,1922.500,480
03:17:07.95300,1922.500,4
03:17:08.15600,1922.500,14
03:17:08.18700,1922.500,5
03:17:08.55400,1922.250,2
03:17:08.89000,1922.250,1
03:17:10.00000,1922.250,1
03:17:10.33900,1922.500,10
03:17:10.53100,1922.500,4
03:17:11.50000,1922.250,56
03:17:12.20300,1922.000,1
03:17:12.39800,1922.250,1
03:17:14.29200,1922.250,3
03:17:14.51900,1922.000,5
03:17:14.91400,1922.000,28
03:17:15.23800,1921.750,1
03:17:15.45700,1921.750,5
03:17:15.58500,1922.000,1
03:17:15.80400,1922.000,1
03:17:16.10900,1922.000,5
03:17:17.48800,1922.250,1
03:17:19.39000,1922.250,9
03:17:19.58500,1922.250,3
03:17:20.00000,1922.250,8
03:17:20.08500,1922.250,1
03:17:20.42500,1922.250,3
03:17:21.42900,1922.250,20
03:17:22.21400,1922.250,26
03:17:22.62500,1922.250,10
03:17:23.69500,1922.250,9
03:17:25.20700,1922.250,12
03:17:26.94500,1922.250,15
03:17:27.12500,1922.250,14
03:17:27.42100,1922.250,15
03:17:27.96800,1922.500,25
03:17:28.06200,1922.250,2
03:17:31.16000,1922.250,23
03:17:32.75300,1922.250,24
03:17:34.57400,1922.500,114
03:17:34.64400,1922.500,17
03:17:36.32800,1922.500,2
03:17:38.56200,1922.500,21
03:17:38.90600,1922.500,1
03:17:39.36300,1922.500,2
03:17:40.34700,1922.500,1
03:17:41.53500,1922.500,1
03:17:44.75300,1922.250,38
03:17:45.23800,1922.000,50
03:17:48.95700,1922.250,1
03:17:50.36700,1922.000,11
03:17:51.41700,1922.000,1
03:17:52.08900,1921.750,10
03:17:53.04600,1922.000,14
03:17:59.12500,1922.250,3
03:17:59.94900,1922.250,36
03:18:01.00700,1922.250,2
03:18:03.73800,1922.500,5
03:18:04.69900,1922.500,14
03:18:05.83500,1922.750,2
03:18:06.24200,1922.750,1
03:18:06.81600,1922.500,3
03:18:07.92900,1922.750,58
03:18:08.15200,1922.750,35
03:18:08.29600,1922.750,5
03:18:08.95300,1922.750,1
03:18:09.24600,1922.500,8
03:18:09.94100,1922.750,2
03:18:11.15200,1922.750,17
03:18:11.58500,1922.750,1
03:18:12.30000,1922.750,1
03:18:12.30000,1922.750,12
03:18:13.66400,1922.750,18
03:18:16.18300,1923.000,10
03:18:18.28900,1923.000,1
03:18:18.61700,1923.000,1
03:18:19.05800,1923.000,2
03:18:19.46800,1922.750,26
03:18:20.87500,1922.750,1
03:18:23.11300,1922.750,1
03:18:25.91000,1922.750,21
03:18:26.25300,1922.750,13
03:18:27.12100,1922.750,2
03:18:28.06200,1922.750,4
03:18:28.37800,1922.750,11
03:18:33.62100,1922.750,12
03:18:36.39800,1922.500,13
03:18:36.56600,1922.500,6
03:18:36.88200,1922.500,6
03:18:38.73800,1922.500,16
03:18:39.67500,1922.500,1
03:18:42.85900,1922.500,5
03:18:43.10100,1922.250,1
03:18:45.06200,1922.500,5
03:18:45.85100,1922.500,1
03:18:47.64000,1922.750,2
03:18:53.23000,1922.500,3
03:18:53.66000,1922.750,10
03:18:54.29600,1922.500,7
03:18:54.38600,1922.750,15
03:18:56.83200,1922.750,51
03:18:57.33500,1922.750,2
03:18:58.06200,1923.000,12
03:18:58.07000,1923.000,24
03:19:00.87500,1922.750,62
03:19:01.08900,1922.750,1
03:19:02.50000,1922.500,18
03:19:03.06600,1922.250,19
03:19:03.26100,1922.250,6
03:19:03.60900,1922.500,1
03:19:03.77300,1922.250,1
03:19:04.51500,1922.250,9
03:19:05.34700,1922.250,3
03:19:05.41000,1922.250,5
03:19:07.24200,1922.250,11
03:19:08.10100,1922.000,9
03:19:08.67100,1922.000,1
03:19:09.26100,1922.000,27
03:19:09.46400,1922.250,1
03:19:11.71800,1922.250,20
03:19:14.82800,1922.000,2
03:19:15.09300,1922.000,26
03:19:15.64000,1921.750,12
03:19:16.65600,1921.750,9
03:19:16.85100,1921.750,30
03:19:18.35900,1921.750,1
03:19:20.17900,1921.750,1
03:19:20.76100,1922.000,56
03:19:21.23000,1921.750,22
03:19:21.76500,1921.750,1
03:19:22.05800,1921.750,7
03:19:25.37800,1921.750,4
03:19:26.57000,1921.500,61
03:19:28.18300,1921.500,1
03:19:28.78100,1921.750,87
03:19:32.79200,1922.250,25
03:19:33.60900,1922.000,18
03:19:35.47600,1922.000,7
03:19:37.39800,1921.750,46
03:19:41.11300,1922.000,1
03:19:42.68300,1922.000,30
03:19:45.43700,1922.250,14
03:19:47.21400,1922.000,1
03:19:48.94900,1922.250,15
03:19:51.69100,1922.500,20
03:19:51.95300,1922.750,3
03:19:52.75700,1922.500,6
03:19:53.38200,1922.500,13
03:19:53.81600,1922.500,4
03:19:54.05800,1922.500,1
03:19:54.44500,1922.500,20
03:19:56.77700,1922.500,11
03:19:59.07400,1922.500,2
03:19:59.40600,1922.250,3
03:20:05.76500,1922.250,12
03:20:06.11300,1922.250,52
03:20:07.78100,1922.000,19
03:20:08.83900,1922.000,2
03:20:09.51900,1922.250,2
03:20:10.61300,1922.250,1
03:20:11.00000,1922.250,13
03:20:11.21800,1922.500,16
03:20:14.81200,1922.250,2
03:20:15.66700,1922.500,10
03:20:16.62100,1922.500,18
03:20:18.31600,1922.500,7
03:20:21.93300,1922.750,13
03:20:22.85100,1922.750,10
03:20:23.75000,1923.000,1
03:20:24.58500,1923.000,5
03:20:24.66000,1923.000,10
03:20:25.37100,1923.000,18
03:20:26.26100,1923.000,2
03:20:26.66700,1923.000,1
03:20:27.50000,1923.000,1
03:20:28.13600,1923.000,3
03:20:31.56200,1923.000,3
03:20:34.18700,1923.000,3
03:20:34.46800,1923.250,4
03:20:36.67500,1922.750,26
03:20:37.14400,1922.750,13
03:20:37.53900,1923.000,1
03:20:39.96800,1922.750,1
03:20:43.43700,1922.750,4
03:20:43.80400,1922.750,18
03:20:43.80400,1922.750,136
03:20:48.67100,1923.000,1
03:20:49.97200,1922.750,24
03:20:50.49200,1922.500,24
03:20:51.09300,1922.500,19
03:20:51.41000,1922.500,11
03:20:53.35100,1922.500,5
03:20:55.58200,1922.250,1
03:20:57.00000,1922.250,3
03:20:57.20300,1922.250,1
03:20:59.20700,1922.500,12
03:21:02.25000,1922.250,1
03:21:03.52700,1922.250,4
03:21:03.67900,1922.250,1
03:21:05.22600,1922.250,5
03:21:07.13600,1922.000,26
03:21:07.35900,1921.750,29
03:21:08.18700,1921.750,109
03:21:08.76500,1921.500,1
03:21:09.10900,1921.750,1
03:21:09.18300,1921.750,1
03:21:09.41400,1921.750,6
03:21:10.18700,1921.750,7
03:21:12.21400,1921.750,1
03:21:12.41700,1921.500,3
03:21:14.83500,1921.500,14
03:21:18.00300,1921.500,25
03:21:18.91000,1921.500,2
03:21:19.40200,1921.250,25
03:21:19.71800,1921.500,8
03:21:19.73400,1921.250,1
03:21:20.30800,1921.250,1
03:21:20.42900,1921.250,3
03:21:22.05400,1921.250,1
03:21:22.46800,1921.250,30
03:21:22.92500,1921.250,5
03:21:23.39000,1921.250,14
03:21:24.72600,1921.500,7
03:21:25.69100,1921.500,6
03:21:26.51900,1921.500,1
03:21:27.19500,1921.500,3
03:21:27.70300,1921.500,2
03:21:29.42100,1921.500,4
03:21:29.73000,1921.750,4
03:21:29.95300,1921.750,1
03:21:31.01100,1922.000,1
03:21:31.16000,1921.750,3
03:21:32.35900,1921.750,20
03:21:33.25700,1921.750,2
03:21:33.41400,1921.750,3
03:21:33.54600,1921.750,1
03:21:33.74200,1921.750,1
03:21:34.82400,1921.500,4
03:21:36.13600,1921.500,35
03:21:37.27300,1921.500,1
03:21:39.27700,1921.000,28
03:21:41.12500,1921.000,1
03:21:41.54600,1921.250,34
03:21:42.68300,1921.250,8
03:21:43.32400,1921.000,3
03:21:44.60900,1921.000,25
03:21:46.76500,1921.000,15
03:21:47.50700,1920.750,27
03:21:48.01100,1921.000,2
03:21:48.75000,1921.000,4
03:21:49.54600,1920.750,3
03:21:51.00000,1921.000,13
03:21:51.28500,1921.000,2
03:21:52.69100,1921.000,56
03:21:53.14800,1921.000,2
03:21:53.22200,1921.000,13
03:21:53.84300,1921.000,1
03:21:56.47200,1921.250,18
03:21:56.82400,1921.250,1
03:21:57.76900,1921.250,1
03:21:58.01900,1921.250,11
03:22:00.25000,1921.500,51
03:22:00.52300,1921.500,12
03:22:00.96800,1921.500,6
03:22:01.88200,1921.750,6
03:22:02.45300,1921.500,9
03:22:02.74600,1921.500,1
03:22:03.78100,1921.500,9
03:22:04.32000,1921.500,5
03:22:04.75000,1921.500,2
03:22:05.96800,1921.250,28
03:22:06.37800,1921.250,13
03:22:06.73800,1921.250,8
03:22:07.25700,1921.250,9
03:22:10.07800,1921.250,1
03:22:10.64800,1921.250,1
03:22:11.50300,1921.250,3
03:22:11.76500,1921.000,20
03:22:12.36300,1921.250,1
03:22:14.19900,1921.250,13
03:22:15.87500,1921.000,140
03:22:17.79600,1921.000,13
03:22:20.23400,1921.000,11
03:22:20.44500,1921.000,5
03:22:21.07800,1921.000,2
03:22:21.44900,1921.000,1
03:22:22.22200,1921.000,1
03:22:23.70700,1921.000,1
03:22:23.94900,1921.000,2
03:22:25.42900,1920.750,127
03:22:25.71000,1920.750,1
03:22:26.08500,1920.750,1
03:22:26.65200,1920.250,279
03:22:26.84700,1920.500,19
03:22:27.03900,1920.750,7
03:22:27.33500,1920.500,2
03:22:27.91000,1920.750,1
03:22:29.90600,1920.500,1
03:22:30.80400,1920.750,20
03:22:31.91700,1920.250,80
03:22:32.12500,1920.500,105
03:22:32.12500,1920.500,10
03:22:32.21000,1920.500,17
03:22:32.44100,1920.500,4
03:22:33.08900,1920.500,1
03:22:33.29200,1920.500,22
03:22:33.53900,1920.250,1
03:22:33.64800,1920.500,11
03:22:33.77300,1920.500,3
03:22:34.31200,1920.500,12
03:22:34.89400,1920.500,51
03:22:35.19900,1920.500,1
03:22:35.32800,1920.500,1
03:22:36.01500,1920.500,13
03:22:36.34700,1920.500,5
03:22:36.54600,1920.500,1
03:22:37.20300,1920.500,6
03:22:37.61700,1920.750,2
03:22:37.95700,1920.500,49
03:22:37.95700,1920.500,2
03:22:38.28100,1920.500,1
03:22:39.94100,1920.500,1
03:22:41.26100,1920.500,28
03:22:41.35100,1920.500,14
03:22:42.20700,1920.250,83
03:22:42.23400,1920.250,24
03:22:42.41000,1920.500,5
03:22:42.59700,1920.250,1
03:22:42.78100,1920.250,1
03:22:44.07000,1920.250,1
03:22:45.41000,1920.250,3
03:22:45.51900,1920.500,2
03:22:45.88200,1920.250,66
03:22:46.32000,1920.250,23
03:22:46.36300,1920.500,1
03:22:46.57000,1920.250,1
03:22:47.89000,1920.500,1
03:22:48.16400,1920.250,1
03:22:48.33900,1920.250,1
03:22:49.51900,1920.500,19
03:22:50.14400,1920.500,1
03:22:50.67500,1920.500,4
03:22:50.92100,1920.500,11
03:22:51.27300,1920.500,1
03:22:51.40200,1920.500,2
03:22:52.72200,1920.500,8
03:22:53.33500,1920.250,4
03:22:53.78900,1920.500,4
03:22:55.64800,1920.500,2
03:22:55.89000,1920.750,34
03:22:55.96000,1920.750,6
03:22:56.41000,1920.500,1
03:22:57.11700,1920.750,1
03:22:57.20700,1920.750,6
03:22:57.41700,1920.500,5
03:22:57.94900,1920.750,3
03:22:58.57800,1920.750,1
03:23:00.42100,1921.000,2
03:23:00.55000,1920.750,8
03:23:00.90200,1920.750,1
03:23:03.15200,1920.750,1
03:23:03.65200,1920.750,1
03:23:04.28500,1920.750,35
03:23:05.87100,1920.750,11
03:23:06.38600,1920.750,3
03:23:06.96000,1920.750,1
03:23:07.95700,1920.500,1
03:23:09.48800,1920.750,1
03:23:11.77300,1921.000,1
03:23:12.44100,1920.750,12
03:23:13.35900,1920.750,1
03:23:14.26900,1920.500,3
03:23:18.19100,1920.750,22
03:23:19.17100,1921.000,7
03:23:19.24600,1920.750,15
03:23:20.44100,1921.000,2
03:23:21.89800,1921.000,1
03:23:22.70700,1921.000,19
03:23:23.16400,1921.000,3
03:23:23.87100,1921.250,2
03:23:24.25700,1921.000,1
03:23:25.64800,1921.000,3
03:23:26.62100,1921.000,3
03:23:27.62100,1921.000,1
03:23:28.86300,1920.750,44
03:23:31.12100,1920.750,13
03:23:32.66400,1920.750,2
03:23:33.20700,1920.750,9
03:23:33.97200,1920.750,10
03:23:39.55000,1920.750,19
03:23:41.73400,1920.750,16
03:23:44.68300,1920.750,1
03:23:46.13600,1921.000,39
03:23:47.26500,1920.750,212
03:23:47.79200,1920.750,1
03:23:49.23400,1920.750,6
03:23:50.05400,1920.750,1
03:23:51.35500,1920.750,4
03:23:52.65600,1920.750,7
03:23:52.84300,1920.750,4
03:23:53.14000,1920.750,5
03:23:55.78500,1921.000,2
03:23:56.07000,1921.000,40
03:23:57.20700,1921.000,67
03:23:57.67100,1921.000,1
03:23:58.41700,1921.000,6
03:24:01.59300,1921.250,81
03:24:01.87100,1921.000,2
03:24:04.94500,1921.250,100
03:24:05.12800,1921.250,1
03:24:05.94500,1921.250,1
03:24:06.32000,1921.250,2
03:24:07.59700,1921.250,1
03:24:07.79200,1921.250,1
03:24:07.90600,1921.250,4
03:24:08.16000,1921.250,36
03:24:09.51500,1921.250,5
03:24:13.54600,1921.250,1
03:24:13.74600,1921.250,22
03:24:15.50300,1921.250,8
03:24:16.80400,1920.750,101
03:24:18.37800,1920.500,1
03:24:20.22200,1920.750,14
03:24:22.14000,1920.750,1
03:24:22.19500,1920.750,2
03:24:23.24200,1920.750,15
03:24:23.69900,1920.750,17
03:24:26.08200,1920.750,16
03:24:26.20300,1920.750,1
03:24:26.53900,1920.750,1
03:24:27.62800,1920.500,2
03:24:27.77700,1920.500,72
03:24:27.95300,1920.250,2
03:24:27.95300,1920.250,6
03:24:28.62500,1920.500,1
03:24:28.71000,1920.500,15
03:24:29.29600,1920.500,1
03:24:29.86700,1920.500,1
03:24:30.33500,1920.500,3
03:24:30.58500,1920.500,1
03:24:32.09300,1920.250,1
03:24:32.43700,1920.500,1
03:24:32.80000,1920.250,1
03:24:34.02300,1920.250,1
03:24:36.71400,1920.500,3
03:24:37.48400,1920.250,2
03:24:38.08900,1920.250,67
03:24:40.96000,1920.250,2
03:24:42.54200,1920.250,28
03:24:43.38600,1920.000,32
03:24:43.64000,1920.250,3
03:24:44.42100,1920.250,2
03:24:46.16000,1920.250,12
03:24:47.07000,1920.250,7
03:24:49.40200,1920.000,7
03:24:51.82000,1920.250,33
03:24:52.42500,1920.250,1
03:24:52.53500,1920.250,11
03:24:53.78500,1920.250,1
03:24:54.03100,1920.000,4
03:24:54.59700,1920.250,178
03:24:54.78500,1920.000,21
03:24:54.86700,1920.000,35
03:24:55.06600,1920.000,1
03:24:55.56600,1920.000,1
03:24:56.20300,1919.750,30
03:24:56.74600,1920.000,2
03:24:56.82400,1920.000,1
03:24:57.32800,1919.750,1
03:24:57.46800,1920.000,1
03:24:57.75300,1920.000,41
03:24:58.40200,1920.000,1
03:25:00.23000,1920.000,13
03:25:00.59700,1920.250,77
03:25:00.72200,1920.000,4
03:25:00.88200,1920.000,2
03:25:01.67500,1920.000,1
03:25:02.73400,1920.250,1
03:25:03.52700,1920.000,51
03:25:04.69900,1920.000,25
03:25:06.44100,1920.250,5
03:25:07.33500,1920.000,2
03:25:07.70300,1920.000,10
03:25:08.23800,1920.250,1
03:25:10.18300,1920.250,18
03:25:11.95300,1920.500,1
03:25:13.84300,1920.500,1
03:25:14.21400,1920.500,51
03:25:14.92900,1920.500,35
03:25:15.14400,1920.250,2
03:25:15.31600,1920.500,1
03:25:15.31600,1920.500,1
03:25:16.35900,1920.750,41
03:25:16.46400,1920.750,24
03:25:16.48000,1920.750,3
03:25:18.51500,1921.000,59
03:25:19.68300,1921.000,1
03:25:20.06200,1921.000,4
03:25:20.20300,1921.000,2
03:25:20.61300,1921.000,14
03:25:20.71800,1921.000,30
03:25:20.87500,1921.000,1
03:25:20.91400,1921.000,2
03:25:21.17500,1921.000,2
03:25:21.32400,1920.750,1
03:25:21.45700,1920.750,14
03:25:22.45700,1921.000,3
03:25:22.70700,1920.750,2
03:25:22.86700,1920.750,3
03:25:23.67900,1921.000,119
03:25:23.73400,1921.000,1
03:25:23.85900,1921.250,2
03:25:24.90600,1921.250,2
03:25:25.48400,1921.250,53
03:25:26.03900,1920.750,37
03:25:28.33200,1921.000,32
03:25:28.59700,1921.000,1
03:25:33.76100,1920.750,90
03:25:36.30800,1920.750,41
03:25:41.62500,1920.750,2
03:25:41.82400,1920.750,1
03:25:42.39000,1920.750,1
03:25:42.82800,1920.500,4
03:25:46.57400,1920.750,13
03:25:46.64000,1920.750,5
03:25:47.78500,1920.750,1
03:25:49.32400,1920.750,1
03:25:50.06200,1920.750,23
03:25:52.23400,1920.750,1
03:25:52.94900,1920.750,10
03:25:53.74200,1920.750,11
03:25:54.39400,1921.000,1
03:25:58.43700,1920.750,14
03:25:59.21400,1920.500,1
03:26:02.47200,1920.750,17
03:26:06.49600,1921.000,34
03:26:06.57400,1921.000,92
03:26:06.70700,1920.750,5
03:26:07.57400,1921.000,2
03:26:08.48000,1921.000,16
03:26:09.75000,1921.000,10
03:26:10.34300,1920.750,28
03:26:11.44100,1920.500,132
03:26:12.08900,1920.750,135
03:26:12.57400,1921.000,26
03:26:16.60100,1921.000,17
03:26:17.70700,1921.000,1
03:26:18.39000,1921.000,146
03:26:21.15600,1921.000,37
03:26:21.69100,1921.000,1
03:26:22.07400,1921.000,1
03:26:23.75700,1920.750,61
03:26:23.92900,1920.750,26
03:26:25.87500,1921.000,1
03:26:26.13600,1921.000,45
03:26:26.16700,1921.000,9
03:26:27.30400,1921.000,1
03:26:29.68700,1920.750,46
03:26:30.07000,1920.750,1
03:26:32.62500,1920.750,2
03:26:35.57000,1920.500,13
03:26:35.80400,1920.500,5
03:26:36.19900,1920.750,1
03:26:38.08900,1920.750,19
03:26:38.69100,1920.750,1
03:26:39.66400,1920.750,15
03:26:40.97200,1920.500,33
03:26:42.16700,1920.750,27
03:26:48.05000,1920.500,92
03:26:49.10900,1920.500,12
03:26:49.69100,1920.750,25
03:26:50.19500,1920.750,16
03:26:52.52700,1921.000,1
03:26:56.61700,1921.000,8
03:26:56.68700,1920.750,6
03:26:56.81200,1920.750,2
03:26:57.21800,1920.750,28
03:26:58.24600,1920.750,3
03:26:58.74600,1921.000,7
03:26:59.63600,1920.750,11
03:27:04.95300,1920.750,2
03:27:12.82400,1920.750,1
03:27:13.63200,1921.000,25
03:27:15.30000,1921.000,2
03:27:16.29600,1921.000,40
03:27:18.46400,1921.000,119
03:27:21.70700,1921.000,5
03:27:22.22200,1921.000,3
03:27:22.41400,1921.000,1
03:27:22.88600,1920.750,4
03:27:23.16700,1920.750,9
03:27:25.42100,1921.000,8
03:27:27.16000,1921.250,6
03:27:27.39800,1921.000,1
03:27:30.59300,1921.000,5
03:27:30.90200,1921.250,1
03:27:31.73400,1920.750,34
03:27:32.81600,1920.750,12
03:27:33.53900,1920.750,10
03:27:34.29600,1920.750,16
03:27:34.85500,1920.500,5
03:27:40.07000,1920.750,51
03:27:41.15600,1920.500,6
03:27:46.39800,1920.750,8
03:27:46.73800,1920.500,1
03:27:49.86700,1920.500,28
03:27:50.05800,1920.250,4
03:27:51.44100,1920.250,1
03:27:52.11700,1920.250,2
03:27:55.81200,1920.500,21
03:27:56.44500,1920.250,6
03:27:57.66700,1920.500,6
03:27:58.43700,1920.500,1
03:28:04.66000,1920.500,40
03:28:06.51500,1920.750,3
03:28:06.76500,1920.500,12
03:28:06.93700,1920.750,1
03:28:07.50000,1920.750,3
03:28:08.00700,1920.750,4
03:28:08.52700,1920.750,1
03:28:09.83200,1920.500,2
03:28:10.83500,1920.750,9
03:28:12.51500,1920.500,8
03:28:12.60100,1920.750,1
03:28:15.81200,1920.500,1
03:28:21.44500,1920.500,55
03:28:23.44500,1920.250,3
03:28:29.62800,1920.250,68
03:28:29.74600,1920.250,1
03:28:30.25300,1920.250,1
03:28:30.74600,1920.000,14
03:28:31.06200,1920.000,2
03:28:32.18700,1920.250,1
03:28:37.00300,1920.250,1
03:28:39.81200,1920.000,2
03:28:42.28100,1920.000,2
03:28:43.25000,1920.250,20
03:28:43.90600,1920.250,16
03:28:46.67500,1920.250,18
03:28:54.40600,1920.000,56
03:28:54.49200,1920.000,7
03:28:57.23000,1920.000,1
03:28:57.64400,1919.750,8
03:28:59.65200,1920.000,19
03:28:59.97200,1920.000,1
03:29:00.67500,1920.000,3
03:29:01.92500,1920.000,1
03:29:03.61700,1920.250,7
03:29:04.74600,1920.000,2
03:29:06.02700,1920.000,6
03:29:08.62100,1920.250,11
03:29:08.77700,1920.250,17
03:29:08.94100,1920.250,23
03:29:09.48800,1920.000,13
03:29:10.66000,1920.000,5
03:29:11.40600,1920.000,1
03:29:13.72600,1920.000,1
03:29:13.91000,1920.000,1
03:29:14.51900,1919.750,2
03:29:16.00300,1920.000,1
03:29:17.11300,1920.000,25
03:29:19.68300,1920.000,10
03:29:22.45700,1920.250,57
03:29:23.91400,1920.250,1
03:29:24.23800,1920.250,7
03:29:25.71000,1920.250,1
03:29:26.12800,1920.250,4
03:29:30.81600,1920.000,53
03:29:33.48800,1920.250,20
03:29:34.08500,1920.000,1
03:29:34.93300,1920.000,95
03:29:35.04200,1920.000,18
03:29:35.53900,1920.000,12
03:29:36.77700,1920.000,1
03:29:38.10100,1920.000,4
03:29:38.37500,1919.750,1
03:29:38.81200,1919.750,189
03:29:39.17500,1919.750,1
03:29:39.35100,1919.500,2
03:29:39.45300,1919.750,3
03:29:39.82800,1919.750,30
03:29:39.89800,1919.750,6
03:29:40.15600,1920.000,9
03:29:42.76500,1920.000,32
03:29:42.90200,1919.750,1
03:29:46.33200,1919.750,25
03:29:47.01900,1919.750,43
03:29:47.09300,1919.750,2
03:29:47.92500,1919.750,10
03:29:49.63200,1919.750,3
03:29:49.94900,1919.750,2
03:29:50.66700,1919.750,8
03:29:51.65200,1919.750,1
03:29:52.86700,1920.000,8
03:29:54.65200,1920.250,1
03:29:57.63200,1920.250,2
03:29:57.90200,1920.000,33
03:29:58.03900,1920.000,6
03:29:58.16400,1920.000,22
03:30:00.51900,1920.000,94
03:30:00.54600,1920.000,7
03:30:03.08900,1920.250,2
03:30:03.77700,1920.000,50
03:30:04.83500,1920.250,48
03:30:07.42500,1920.500,2
03:30:09.30400,1920.250,55
03:30:13.15600,1920.000,13
03:30:13.66700,1920.000,36
03:30:14.42100,1920.250,50
03:30:15.67900,1920.250,12
03:30:16.38200,1920.000,1
03:30:20.12100,1920.000,1
03:30:23.20700,1920.000,52
03:30:23.96000,1919.750,2
03:30:25.03900,1919.750,1
03:30:26.21000,1919.750,55
03:30:26.38600,1919.750,10
03:30:26.67100,1919.750,1
03:30:27.01100,1919.750,1
03:30:27.75000,1919.750,3
03:30:30.12100,1919.750,2
03:30:30.69100,1919.500,1
03:30:31.01900,1919.750,2
03:30:33.41000,1919.500,3
03:30:33.46800,1919.500,284
03:30:33.71000,1919.500,3
03:30:34.09300,1919.500,1
03:30:34.49600,1919.500,34
03:30:34.65200,1919.500,1
03:30:35.65600,1919.500,42
03:30:36.51100,1919.750,6
03:30:36.78500,1919.750,2
03:30:37.40600,1919.500,1
03:30:38.04200,1919.750,48
03:30:38.05000,1919.750,7
03:30:40.57400,1919.750,17
03:30:41.57800,1919.750,7
03:30:43.03500,1919.750,2
03:30:44.51900,1920.000,25
03:30:46.05000,1920.000,1
03:30:46.47200,1920.000,4
03:30:46.87500,1919.750,1
03:30:47.04200,1919.750,49
03:30:47.04200,1919.750,1
03:30:47.86700,1919.750,12
03:30:48.08200,1919.750,25
03:30:48.69100,1919.750,15
03:30:52.05000,1920.000,39
03:30:53.96000,1920.000,7
03:30:54.14800,1920.250,1
03:30:55.64000,1920.000,19
03:30:55.85500,1920.000,28
03:30:55.97200,1920.000,1
03:30:56.73000,1919.750,17
03:30:57.48400,1919.750,1
03:30:59.08200,1920.000,1
03:30:59.17900,1920.000,2
03:31:00.95700,1919.750,3
03:31:01.60900,1919.750,13
03:31:01.76500,1919.750,2
03:31:02.32000,1919.750,10
03:31:03.62500,1919.750,1
03:31:04.30000,1920.000,1
03:31:05.84300,1919.750,4
03:31:06.44500,1919.500,8
03:31:07.46000,1919.500,3
03:31:07.69900,1919.750,1
03:31:08.25300,1919.750,1
03:31:09.60500,1919.500,1
03:31:12.52700,1919.250,237
03:31:12.72200,1919.500,1
03:31:13.01500,1919.500,2
03:31:13.36300,1919.500,5
03:31:14.03500,1919.250,3
03:31:14.20300,1919.250,1
03:31:15.45700,1919.500,3
03:31:16.57400,1919.500,4
03:31:17.67100,1919.250,50
03:31:18.12100,1919.250,1
03:31:19.05800,1919.250,1
03:31:20.18300,1919.250,68
03:31:20.74200,1919.250,2
03:31:21.07800,1919.250,2
03:31:21.74200,1919.250,27
03:31:21.94500,1919.500,1
03:31:23.06200,1919.250,1
03:31:24.33900,1919.500,50
03:31:24.49600,1919.500,15
03:31:26.30400,1919.500,1
03:31:26.38200,1919.750,2
03:31:28.10900,1919.750,2
03:31:28.43700,1919.750,30
03:31:29.07400,1919.750,14
03:31:29.75300,1919.750,1
03:31:34.08200,1919.750,11
03:31:34.49200,1919.500,5
03:31:35.09300,1919.500,48
03:31:36.60500,1919.500,16
03:31:37.82000,1919.500,10
03:31:40.05400,1919.500,10
03:31:40.22600,1919.500,20
03:31:40.57000,1919.500,2
03:31:41.51500,1919.500,1
03:31:42.04200,1919.500,3
03:31:43.79600,1919.500,1
03:31:44.38600,1919.500,8
03:31:45.05000,1919.250,4
03:31:46.07400,1919.250,1
03:31:46.43300,1919.250,1
03:31:48.02700,1919.250,1
03:31:50.02700,1919.500,1
03:31:51.94500,1919.250,1
03:31:53.45300,1919.250,1
03:31:54.83900,1919.000,97
03:31:55.04200,1919.000,2
03:31:55.46800,1919.250,5
03:31:57.08500,1919.250,2
03:31:57.81600,1919.250,1
03:31:58.33200,1919.000,1
03:31:58.80400,1919.250,7
03:31:59.25000,1919.000,1
03:31:59.44900,1919.250,1
03:32:00.01900,1919.250,22
03:32:00.13600,1919.250,5
03:32:00.33200,1919.500,1
03:32:00.53900,1919.250,2
03:32:00.72200,1919.250,7
03:32:01.52300,1919.250,1
03:32:01.67900,1919.000,148
03:32:01.87500,1919.250,2
03:32:02.01500,1919.250,1
03:32:02.18300,1919.000,10
03:32:02.27300,1919.000,22
03:32:02.37500,1918.750,184
03:32:02.48800,1918.750,3
03:32:02.61700,1919.000,9
03:32:02.73400,1919.000,2
03:32:02.81200,1919.000,1
03:32:02.91000,1919.000,5
03:32:03.03100,1919.000,1
03:32:03.17900,1919.000,27
03:32:03.35100,1919.000,1
03:32:03.67500,1919.250,1
03:32:03.96000,1919.000,30
03:32:04.32800,1919.000,40
03:32:04.91000,1918.750,6
03:32:05.39000,1919.000,8
03:32:05.44100,1919.000,1
03:32:06.82800,1918.750,1
03:32:08.07000,1919.000,1
03:32:09.10900,1919.000,1
03:32:09.30800,1918.750,2
03:32:09.78900,1919.000,3
03:32:10.23400,1919.000,33
03:32:10.38200,1919.000,5
03:32:10.59700,1919.000,2
03:32:11.10100,1919.000,3
03:32:11.46800,1919.000,3
03:32:12.23000,1919.000,3
03:32:14.78100,1918.750,1
03:32:15.45300,1919.000,2
03:32:15.82400,1918.750,1
03:32:16.84300,1918.750,1
03:32:17.82400,1919.000,142
03:32:17.93300,1919.000,81
03:32:18.67100,1919.000,1
03:32:19.21800,1919.000,1
03:32:19.71800,1919.000,17
03:32:20.35500,1919.000,5
03:32:20.57000,1919.000,1
03:32:21.01100,1919.000,5
03:32:22.57800,1919.000,10
03:32:25.37100,1918.750,114
03:32:26.61300,1918.750,17
03:32:27.11300,1918.750,22
03:32:28.41400,1918.750,2
03:32:28.62500,1919.000,32
03:32:29.17900,1919.000,2
03:32:31.03900,1918.750,30
03:32:31.49600,1918.750,14
03:32:31.71800,1918.750,2
03:32:32.19900,1919.000,27
03:32:32.32800,1918.750,1
03:32:32.54200,1919.000,1
03:32:34.47200,1918.750,7
03:32:34.69100,1918.750,1
03:32:34.83200,1918.750,32
03:32:35.00300,1918.750,1
03:32:35.26900,1918.750,1
03:32:35.70700,1919.000,1
03:32:36.80400,1918.750,5
03:32:37.49600,1918.500,97
03:32:37.58900,1918.750,1
03:32:38.08200,1918.500,25
03:32:38.57000,1918.500,3
03:32:38.85100,1918.250,45
03:32:39.01900,1918.500,7
03:32:39.12100,1918.500,2
03:32:39.28100,1918.500,1
03:32:39.56200,1918.500,3
03:32:40.74200,1918.500,1
03:32:41.60500,1918.250,1
03:32:41.96000,1918.250,8
03:32:42.30800,1918.500,1
03:32:42.44900,1918.500,1
03:32:42.85900,1918.250,2
03:32:43.79600,1918.500,2
03:32:43.96400,1918.250,3
03:32:44.08500,1918.250,1
03:32:44.65600,1918.250,2
03:32:44.93300,1918.500,4
03:32:45.10100,1918.500,1
03:32:45.83500,1918.250,1
03:32:47.19900,1918.500,37
03:32:47.85100,1918.500,89
03:32:48.00300,1918.500,10
03:32:48.08900,1918.250,2
03:32:48.28500,1918.250,2
03:32:48.51100,1918.500,40
03:32:49.06200,1918.500,4
03:32:49.41700,1918.500,16
03:32:50.35500,1918.500,10
03:32:50.51100,1918.500,1
03:32:50.94500,1918.500,6
03:32:51.14000,1918.500,1
03:32:51.57800,1918.750,23
03:32:51.82400,1918.500,1
03:32:52.14800,1918.500,9
03:32:52.50700,1918.500,11
03:32:52.88600,1918.500,31
03:32:53.14400,1918.500,10
03:32:53.41700,1918.250,26
03:32:53.87500,1918.500,1
03:32:55.83200,1918.500,52
03:32:56.02300,1918.250,25
03:32:56.16000,1918.500,1
03:32:59.09700,1918.500,10
03:33:00.75300,1918.500,51
03:33:02.30400,1918.500,1
03:33:02.62800,1918.500,2
03:33:03.55400,1918.750,3
03:33:03.72600,1918.500,1
03:33:03.90600,1918.750,30
03:33:04.07000,1918.750,11
03:33:04.20300,1918.750,5
03:33:04.35500,1918.750,4
03:33:05.64800,1918.750,2
03:33:06.49600,1919.000,6
03:33:06.77700,1918.750,2
03:33:08.13200,1919.000,34
03:33:08.64400,1919.000,8
03:33:09.00300,1918.750,2
03:33:09.36700,1919.000,1
03:33:09.92100,1919.000,1
03:33:10.43700,1918.750,2
03:33:12.33500,1918.750,99
03:33:14.72200,1919.000,3
03:33:14.86700,1919.000,40
03:33:15.54600,1919.250,2
03:33:15.83900,1919.000,1
03:33:16.49600,1919.000,4
03:33:16.80800,1919.000,5
03:33:19.54200,1919.000,25
03:33:19.70300,1919.000,2
03:33:20.01100,1919.000,1
03:33:21.49600,1919.000,23
03:33:21.75700,1919.000,10
03:33:22.00300,1919.000,5
03:33:23.00300,1919.000,5
03:33:24.00300,1919.000,5
03:33:24.49600,1919.000,1
03:33:27.84700,1919.000,1
03:33:29.80800,1919.000,1
03:33:31.84700,1919.000,47
03:33:32.16700,1919.000,1
03:33:33.57400,1918.750,2
03:33:34.35900,1919.000,1
03:33:35.32000,1918.500,45
03:33:38.71000,1918.500,20
03:33:39.14000,1918.500,15
03:33:39.63200,1918.500,21
03:33:40.51500,1918.750,35
03:33:42.54200,1918.750,81
03:33:43.68300,1918.750,7
03:33:45.61700,1918.750,13
03:33:46.26500,1918.750,1
03:33:46.33200,1918.500,44
03:33:47.41700,1918.500,14
03:33:47.84300,1918.750,1
03:33:50.28900,1918.750,38
03:33:52.47200,1918.750,93
03:33:53.26900,1918.500,21
03:33:53.85900,1918.500,3
03:33:54.63200,1918.500,1
03:33:55.76500,1918.250,13
03:33:56.39800,1918.500,8
03:33:56.77300,1918.500,2
03:33:57.48400,1918.500,7
03:33:58.09300,1918.500,4
03:33:58.40600,1918.500,1
03:33:58.78100,1918.500,13
03:33:58.94500,1918.500,1
03:33:59.26500,1918.500,27
03:33:59.47600,1918.500,33
03:34:00.25000,1918.500,13
03:34:02.13200,1918.500,1
03:34:02.53900,1918.250,6
03:34:04.04200,1918.500,10
03:34:05.35500,1918.750,2
03:34:08.81600,1918.500,1
03:34:09.07400,1918.750,6
03:34:10.14800,1918.500,19
03:34:10.42500,1918.750,1
03:34:11.48400,1918.500,5
03:34:12.76500,1918.750,1
03:34:13.80400,1918.500,1
03:34:14.32400,1918.750,1
03:34:14.55400,1918.750,1
03:34:15.91700,1918.500,2
03:34:16.00000,1918.500,38
03:34:16.35100,1918.250,1
03:34:17.11300,1918.500,11
03:34:18.54600,1918.500,2
03:34:20.38200,1918.750,5
03:34:21.20300,1918.500,10
03:34:22.12100,1918.500,4
03:34:23.40200,1918.250,11
03:34:24.71400,1918.500,8
03:34:26.16000,1918.250,1
03:34:27.66000,1918.500,2
03:34:29.68300,1918.250,10
03:34:30.64400,1918.250,2
03:34:30.94900,1918.250,1
03:34:32.28900,1918.250,1
03:34:33.00300,1918.250,24
03:34:35.40600,1918.250,27
03:34:35.51500,1918.250,16
03:34:35.64400,1918.500,2
03:34:35.71400,1918.500,1
03:34:36.13600,1918.500,5
03:34:36.28100,1918.250,1
03:34:37.74200,1918.500,1
03:34:38.63600,1918.500,4
03:34:39.07000,1918.500,2
03:34:39.09300,1918.250,1
03:34:39.14000,1918.500,66
03:34:41.77700,1918.750,1
03:34:42.92100,1918.500,1
03:34:44.12500,1918.500,2
03:34:44.85500,1918.500,1
03:34:47.45700,1918.500,10
03:34:47.55800,1918.500,2
03:34:48.49200,1918.500,20
03:34:49.49200,1918.500,1
03:34:50.51500,1918.500,10
03:34:51.29200,1918.750,3
03:34:52.46800,1918.500,2
03:34:54.02300,1918.750,3
03:34:57.63200,1918.750,1
03:34:58.07400,1918.750,5
03:34:59.06200,1919.000,200
03:34:59.36300,1918.750,2
03:34:59.73800,1918.750,96
03:35:02.68300,1918.500,8
03:35:03.92900,1918.500,24
03:35:05.37800,1918.500,5
03:35:06.28900,1918.500,6
03:35:06.96800,1918.500,14
03:35:07.43300,1918.500,3
03:35:07.92100,1918.500,3
03:35:08.72200,1918.500,7
03:35:10.35500,1918.500,26
03:35:13.00300,1918.500,10
03:35:17.94100,1918.250,3
03:35:18.92500,1918.250,1
03:35:20.96400,1918.500,28
03:35:21.14800,1918.750,1
03:35:21.42500,1918.250,80
03:35:24.04600,1918.500,2
03:35:24.51100,1918.250,75
03:35:24.77300,1918.250,2
03:35:24.96800,1918.250,3
03:35:25.13600,1918.250,1
03:35:25.88600,1918.250,1
03:35:27.53100,1918.250,10
03:35:28.23800,1918.250,22
03:35:28.62500,1918.250,9
03:35:29.90200,1918.250,12
03:35:31.33900,1918.500,16
03:35:31.46800,1918.500,1
03:35:32.56200,1918.250,5
03:35:33.30000,1918.500,21
03:35:34.04200,1918.500,9
03:35:36.97200,1918.250,20
03:35:39.16000,1918.250,2
03:35:41.46800,1918.500,33
03:35:42.21000,1918.750,40
03:35:43.01100,1918.750,12
03:35:43.08500,1918.500,1
03:35:43.44100,1918.500,59
03:35:44.04200,1918.500,4
03:35:46.01900,1918.750,3
03:35:47.09300,1918.750,22
03:35:48.08200,1918.750,1
03:35:51.39800,1918.500,2
03:35:55.92100,1918.750,33
03:35:57.03500,1918.750,3
03:35:57.68300,1919.000,2
03:36:00.92900,1919.000,47
03:36:01.37100,1919.000,8
03:36:01.78900,1919.000,3
03:36:03.39800,1919.000,2
03:36:06.20700,1919.000,1
03:36:06.62800,1918.750,57
03:36:07.96400,1918.500,101
03:36:17.64800,1918.500,17
03:36:17.82400,1918.500,1
03:36:24.66700,1918.750,14
03:36:25.32400,1918.750,9
03:36:31.10100,1919.000,1
03:36:31.96800,1919.000,36
03:36:33.92500,1919.000,1
03:36:35.01100,1919.000,17
03:36:35.75000,1919.000,12
03:36:37.54200,1918.750,131
03:36:39.90600,1919.000,7
03:36:41.11300,1919.000,2
03:36:43.30400,1919.000,5
03:36:43.48800,1919.000,2
03:36:44.39800,1918.750,4
03:36:48.53500,1919.000,18
03:36:49.59300,1919.000,1
03:36:50.06200,1919.000,1
03:36:51.50700,1919.000,28
03:36:51.59300,1919.250,2
03:36:51.85100,1919.250,2
03:36:52.15200,1919.000,24
03:36:53.67900,1919.000,16
03:36:55.09300,1919.000,2
03:36:58.11700,1919.250,1
03:36:58.38200,1919.000,64
03:36:59.35100,1919.250,11
03:37:01.03900,1919.250,5
03:37:01.58500,1919.000,2
03:37:04.58900,1919.250,11
03:37:06.52700,1919.250,1
03:37:07.81600,1919.000,1
03:37:09.60500,1919.250,1
03:37:11.52300,1919.250,2
03:37:16.07400,1919.000,22
03:37:16.18300,1919.000,2
03:37:17.31600,1919.000,5
03:37:19.01500,1919.000,1
03:37:23.19100,1919.000,15
03:37:23.86300,1919.000,4
03:37:24.14400,1919.250,2
03:37:24.35900,1919.000,2
03:37:25.38200,1919.000,8
03:37:28.09300,1919.000,15
03:37:29.72200,1919.000,3
03:37:30.03100,1919.000,14
03:37:32.51500,1919.000,4
03:37:34.89000,1919.000,5
03:37:35.09700,1918.750,2
03:37:36.52300,1919.000,1
03:37:37.67500,1919.000,2
03:37:41.11300,1919.000,1
03:37:43.78900,1919.250,78
03:37:46.71400,1919.000,4
03:37:48.34300,1919.250,10
03:37:48.53100,1919.250,101
03:37:51.15600,1919.000,59
03:37:51.75700,1919.000,1
03:37:52.26500,1918.750,24
03:37:53.49600,1918.750,1
03:37:54.29200,1918.500,2
03:37:58.16000,1918.750,17
03:37:58.36300,1918.750,3
03:37:59.55000,1918.750,3
03:38:02.25700,1918.750,2
03:38:02.58900,1919.000,25
03:38:05.17100,1918.750,1
03:38:05.79200,1918.750,2
03:38:06.91700,1918.750,40
03:38:11.10900,1918.750,8
03:38:12.10500,1918.500,1
03:38:13.25300,1918.750,1
03:38:15.14000,1918.500,48
03:38:16.00000,1918.500,5
03:38:17.87500,1918.500,13
03:38:18.04600,1918.500,4
03:38:21.28100,1918.500,5
03:38:21.42900,1918.250,1
03:38:24.01900,1918.500,31
03:38:24.41400,1918.500,1
03:38:24.97200,1918.500,7
03:38:25.69500,1918.500,9
03:38:26.41400,1918.500,2
03:38:28.78500,1918.500,1
03:38:34.05400,1918.500,1
03:38:36.00300,1918.500,1
03:38:37.06200,1918.500,28
03:38:40.22600,1918.750,14
03:38:45.91400,1919.000,12
03:38:51.05000,1919.000,22
03:38:51.14000,1919.000,9
03:38:54.83900,1919.000,13
03:39:00.39400,1919.000,10
03:39:01.03500,1919.000,2
03:39:03.72600,1918.750,30
03:39:04.05000,1918.750,4
03:39:05.06200,1918.750,3
03:39:12.81600,1919.000,16
03:39:13.08900,1919.000,3
03:39:15.10500,1919.000,8
03:39:16.23000,1919.000,5
03:39:19.08900,1919.000,1
03:39:20.89800,1918.750,17
03:39:25.00700,1919.000,2
03:39:29.46000,1919.000,5
03:39:30.14800,1919.000,16
03:39:30.47600,1919.000,1
03:39:32.21400,1919.000,11
03:39:33.89800,1919.000,1
03:39:34.73800,1919.000,10
03:39:36.38600,1918.750,21
03:39:39.92500,1918.750,1
03:39:40.34300,1918.750,5
03:39:41.86700,1918.750,11
03:39:42.25300,1918.500,3
03:39:42.79600,1918.750,5
03:39:46.80800,1918.750,15
03:39:47.30400,1918.750,1
03:39:49.86700,1918.750,1
03:39:52.26500,1918.500,1
03:39:53.04200,1918.500,1
03:39:57.59700,1918.750,4
03:39:57.94100,1918.500,2
03:39:59.47200,1918.500,11
03:40:00.17900,1918.750,12
03:40:00.24600,1918.500,6
03:40:00.63200,1918.500,12
03:40:01.50700,1918.750,35
03:40:02.52700,1918.750,2
03:40:05.58500,1919.000,14
03:40:14.25700,1919.000,11
03:40:15.15600,1919.250,169
03:40:16.84700,1919.000,16
03:40:18.39000,1919.000,10
03:40:19.00700,1919.000,3
03:40:20.79600,1918.750,5
03:40:23.65600,1919.000,4
03:40:24.79200,1919.000,9
03:40:30.19100,1918.750,34
03:40:31.36300,1918.500,26
03:40:33.20300,1918.500,2
03:40:33.42500,1918.500,12
03:40:33.97200,1918.500,1
03:40:36.28900,1918.250,100
03:40:37.02700,1918.250,276
03:40:37.53500,1918.250,8
03:40:37.86300,1918.000,2
03:40:39.06600,1918.000,1
03:40:40.49200,1918.250,16
03:40:41.80400,1918.250,1
03:40:44.16700,1918.250,1
03:40:44.48800,1918.500,17
03:40:45.56600,1918.250,17
03:40:46.61700,1918.250,10
03:40:49.52700,1918.250,1
03:40:50.40200,1918.250,6
03:40:50.48000,1918.250,1
03:40:50.66400,1918.000,2
03:40:52.02300,1918.000,1
03:40:52.29200,1918.000,8
03:40:52.87800,1918.000,18
03:40:53.35500,1918.000,2
03:40:53.47200,1918.250,1
03:40:54.80000,1918.000,1
03:40:55.27300,1917.750,6
03:40:55.91000,1918.000,2
03:40:56.12800,1917.750,2
03:40:56.86700,1917.750,1
03:40:57.85100,1918.000,21
03:40:58.11700,1918.000,1
03:40:58.36700,1918.000,17
03:40:58.73400,1917.750,4
03:40:58.85500,1917.750,1
03:40:59.52300,1918.000,1
03:40:59.88200,1917.750,1
03:41:02.16000,1918.000,66
03:41:04.20700,1918.250,3
03:41:04.94900,1918.000,7
03:41:08.60500,1918.000,5
03:41:10.62800,1918.000,8
03:41:11.34300,1918.000,1
03:41:14.10500,1918.000,15
03:41:14.35100,1918.000,1
03:41:14.82000,1918.000,8
03:41:18.17500,1918.250,1
03:41:19.42900,1918.000,1
03:41:19.78500,1918.250,13
03:41:20.47200,1918.500,2
03:41:26.66700,1918.250,2
03:41:29.18700,1918.500,1
03:41:29.52300,1918.500,33
03:41:31.13600,1918.750,1
03:41:33.17500,1918.500,25
03:41:35.91400,1918.500,3
03:41:36.34700,1918.750,20
03:41:37.47600,1918.750,1
03:41:38.06200,1918.500,21
03:41:39.71400,1918.500,8
03:41:39.82000,1918.500,5
03:41:42.71800,1918.250,10
03:41:44.91700,1918.250,3
03:41:45.41400,1918.250,1
03:41:48.28500,1918.250,6
03:41:48.41400,1918.250,6
03:41:48.80400,1918.500,15
03:41:51.18300,1918.250,4
03:41:53.38600,1918.250,1
03:41:54.27300,1918.500,1
03:41:56.28900,1918.500,4
03:41:57.84700,1918.250,58
03:42:09.48800,1918.000,2
03:42:09.80000,1918.000,7
03:42:13.79600,1918.250,19
03:42:14.78100,1918.250,4
03:42:15.52700,1918.250,11
03:42:17.61300,1918.500,20
03:42:17.62500,1918.750,1
03:42:23.25000,1918.500,2
03:42:25.57800,1918.750,50
03:42:27.94500,1918.500,4
03:42:28.92500,1918.500,14
03:42:33.23000,1918.500,13
03:42:33.54600,1918.500,5
03:42:34.24200,1918.750,86
03:42:35.10900,1918.750,1
03:42:37.56200,1919.250,42
03:42:38.42900,1919.000,24
03:42:39.62100,1919.000,5
03:42:41.45300,1919.000,5
03:42:43.51900,1919.000,5
03:42:44.96000,1919.000,11
03:42:45.92900,1919.000,2
03:42:47.71000,1919.000,1
03:42:49.64000,1918.750,14
03:42:50.28500,1918.750,5
03:42:51.37100,1918.750,1
03:42:52.74600,1918.750,9
03:42:52.97200,1918.750,2
03:42:56.08200,1918.750,1
03:42:56.55800,1918.750,1
03:42:59.91400,1918.750,40
03:43:03.59300,1918.750,3
03:43:05.94100,1918.750,1
03:43:07.02700,1919.000,1
03:43:09.80000,1919.000,69
03:43:09.80400,1919.000,43
03:43:13.19100,1919.000,5
03:43:13.30800,1919.000,10
03:43:13.88200,1919.000,4
03:43:15.07000,1919.000,4
03:43:15.26900,1919.000,1
03:43:15.91400,1919.000,1
03:43:16.46400,1919.000,4
03:43:19.19900,1919.000,10
03:43:19.78500,1919.000,4
03:43:21.80400,1918.750,1
03:43:24.22600,1919.000,17
03:43:25.89000,1919.000,1
03:43:31.61300,1919.000,1
03:43:33.59300,1918.750,73
03:43:33.72600,1918.500,1
03:43:34.19100,1918.750,4
03:43:36.84300,1918.750,1
03:43:39.34700,1918.500,2
03:43:41.14800,1918.500,34
03:43:41.39000,1918.500,2
03:43:42.27300,1918.500,6
03:43:44.94900,1918.750,8
03:43:45.94100,1918.500,3
03:43:46.53500,1918.500,4
03:43:46.67100,1918.500,1
03:43:52.15600,1918.500,1
03:43:52.55800,1918.500,1
03:43:55.16700,1919.000,28
03:43:59.10900,1918.750,6
03:44:01.47600,1918.750,22
03:44:05.86700,1918.750,1
03:44:06.77700,1918.750,4
03:44:08.33500,1919.000,27
03:44:14.54200,1918.750,1
03:44:15.28500,1918.750,9
03:44:17.04200,1918.750,12
03:44:18.21800,1918.750,3
03:44:21.36300,1919.000,1
03:44:22.80000,1919.000,1
03:44:28.32400,1919.000,23
03:44:30.79200,1919.000,2
03:44:34.11700,1919.000,2
03:44:35.79200,1919.000,6
03:44:38.08500,1918.750,50
03:44:38.67900,1919.000,5
03:44:39.03500,1919.000,4
03:44:44.37500,1918.750,1
03:44:48.80400,1918.750,22
03:44:50.22200,1918.250,27
03:44:51.01500,1918.500,11
03:44:51.80000,1918.750,1
03:44:52.66400,1918.750,9
03:44:53.81200,1918.750,1
03:44:53.93700,1918.750,10
03:45:01.09300,1918.750,4
03:45:02.72600,1918.750,3
03:45:07.06200,1918.750,4
03:45:07.66700,1918.750,3
03:45:08.07000,1918.750,2
03:45:08.37100,1918.750,1
03:45:13.36700,1918.750,1
03:45:14.27300,1918.750,1
03:45:14.51500,1918.750,20
03:45:16.12100,1918.750,10
03:45:16.94100,1918.500,1
03:45:19.02300,1918.750,1
03:45:19.91000,1918.500,74
03:45:29.39400,1918.750,2
03:45:33.85900,1918.500,3
03:45:35.19100,1918.500,4
03:45:36.62100,1918.500,5
03:45:37.46800,1918.500,1
03:45:37.75700,1918.500,10
03:45:42.36700,1918.750,3
03:45:43.58500,1918.500,7
03:45:43.66000,1918.500,2
03:45:48.68700,1918.250,1
03:45:50.51900,1918.250,1
03:45:51.03100,1918.250,1
03:45:51.14400,1918.500,1
03:45:51.78500,1918.250,1
03:45:54.39800,1918.500,3
03:46:05.02700,1918.250,60
03:46:05.12500,1918.250,10
03:46:05.45700,1918.250,6
03:46:07.36300,1918.500,1
03:46:09.18300,1918.500,4
03:46:10.12100,1918.250,7
03:46:10.27700,1918.250,4
03:46:12.10100,1918.500,1
03:46:13.15600,1918.500,13
03:46:19.70700,1918.750,41
03:46:20.20700,1918.500,1
03:46:20.55400,1918.500,1
03:46:20.69100,1918.750,1
03:46:23.74200,1918.500,104
03:46:23.74200,1918.500,6
03:46:23.94500,1918.750,1
03:46:26.28100,1918.500,8
03:46:27.91400,1918.500,4
03:46:29.00300,1918.500,2
03:46:30.94100,1918.500,8
03:46:32.38200,1918.500,2
03:46:34.22600,1918.500,1
03:46:35.42100,1918.500,1
03:46:37.84700,1918.500,4
03:46:43.68300,1918.750,7
03:46:49.61700,1918.750,6
03:46:50.05800,1918.500,7
03:46:50.75300,1918.500,1
03:46:50.89400,1918.500,1
03:46:54.28900,1918.500,12
03:46:55.14000,1918.500,39
03:46:58.81600,1918.500,1
03:47:02.33200,1918.250,24
03:47:04.62800,1918.250,29
03:47:05.02700,1918.250,1
03:47:05.15600,1918.250,8
03:47:05.36700,1918.250,12
03:47:06.17900,1918.250,2
03:47:06.64800,1918.250,15
03:47:09.55400,1918.250,1
03:47:12.33900,1918.500,9
03:47:13.64800,1918.250,100
03:47:14.95300,1918.000,32
03:47:15.06200,1918.250,3
03:47:15.08900,1918.000,1
03:47:15.42100,1918.250,3
03:47:16.22200,1918.250,1
03:47:16.42500,1918.250,1
03:47:19.68700,1918.250,37
03:47:31.07400,1918.250,12
03:47:37.42500,1918.250,1
03:47:41.72200,1918.250,20
03:47:45.01500,1918.250,5
03:48:02.15600,1918.250,37
03:48:05.55400,1918.000,42
03:48:06.31200,1918.250,104
03:48:07.91400,1918.250,2
03:48:08.58900,1918.000,6
03:48:08.87800,1918.250,42
03:48:12.93700,1918.250,1
03:48:13.64400,1918.500,22
03:48:15.42900,1918.250,1
03:48:15.78900,1918.250,1
03:48:17.25000,1918.500,15
03:48:19.68700,1918.500,5
03:48:20.58200,1918.500,1
03:48:21.07000,1918.500,1
03:48:23.03900,1918.500,7
03:48:26.39000,1918.500,1
03:48:26.87500,1918.750,1
03:48:27.92900,1918.500,4
03:48:31.33500,1918.500,1
03:48:31.53500,1918.500,1
03:48:31.83500,1918.750,1
03:48:35.19100,1918.500,2
03:48:36.05000,1918.500,10
03:48:37.73400,1918.250,1
03:48:39.30000,1918.250,1
03:48:39.84700,1918.250,3
03:48:41.03900,1918.250,258
03:48:45.04600,1918.000,46
03:48:45.21400,1918.000,18
03:48:45.28100,1918.000,3
03:48:45.61700,1918.250,1
03:48:50.48000,1918.250,2
03:48:52.48000,1918.000,34
03:48:55.64000,1917.750,1
03:48:56.09700,1918.000,6
03:48:56.38600,1917.750,1
03:48:57.00000,1917.750,1
03:48:58.44500,1917.750,1
03:48:59.71000,1917.750,1
03:49:00.32000,1917.750,61
03:49:00.85500,1917.750,3
03:49:01.10100,1917.500,2
03:49:03.58900,1917.750,19
03:49:03.80000,1917.750,21
03:49:06.17100,1917.750,1
03:49:08.65600,1917.750,1
03:49:09.11300,1917.750,3
03:49:11.10500,1918.000,5
03:49:14.42100,1917.750,1
03:49:16.24600,1917.750,2
03:49:16.58900,1917.750,10
03:49:17.00300,1917.750,4
03:49:20.22600,1917.750,5
03:49:20.77300,1917.750,4
03:49:22.12100,1917.750,1
03:49:23.87500,1917.750,5
03:49:25.90200,1917.750,10
03:49:26.09700,1917.750,2
03:49:26.42900,1917.500,1
03:49:27.82400,1917.750,21
03:49:30.64800,1917.500,5
03:49:32.82800,1917.500,1
03:49:34.31200,1917.750,2
03:49:35.95700,1917.750,3
03:49:36.38200,1917.500,151
03:49:36.47600,1917.750,273
03:49:39.61700,1917.500,2
03:49:39.87500,1917.500,1
03:49:40.79600,1917.750,48
03:49:41.10500,1917.750,1
03:49:41.25700,1917.750,1
03:49:41.39000,1917.750,1
03:49:42.38200,1917.750,1
03:49:42.77300,1917.750,1
03:49:43.71000,1917.750,5
03:49:45.46400,1917.750,1
03:49:45.76500,1917.500,5
03:49:46.19900,1917.750,4
03:49:46.57800,1917.750,6
03:49:46.96400,1917.500,1
03:49:47.86700,1917.750,4
03:49:49.25700,1917.500,5
03:49:52.40600,1917.500,5
03:49:55.40600,1917.500,146
03:49:58.05800,1917.750,3
03:49:59.61700,1917.500,4
03:50:00.07800,1917.750,26
03:50:00.58200,1917.750,7
03:50:01.82800,1917.750,1
03:50:02.23800,1917.750,30
03:50:05.33200,1918.000,32
03:50:06.42100,1917.750,12
03:50:06.73400,1918.000,3
03:50:11.25300,1918.250,7
03:50:11.62800,1918.000,37
03:50:12.53500,1918.000,1
03:50:16.58200,1918.000,5
03:50:18.03500,1918.000,11
03:50:18.17100,1918.250,70
03:50:18.50000,1918.250,7
03:50:20.42500,1918.250,28
03:50:25.06200,1918.500,5
03:50:26.25300,1918.250,2
03:50:26.75000,1918.500,12
03:50:28.13200,1918.250,3
03:50:28.28500,1918.250,2
03:50:32.11700,1918.250,1
03:50:37.79200,1918.250,1
03:50:38.79200,1918.250,1
03:50:38.92900,1918.500,29
03:50:39.79200,1918.250,1
03:50:40.07400,1918.250,1
03:50:40.39000,1918.250,1
03:50:40.46400,1918.250,32
03:50:40.79200,1918.000,7
03:50:41.00000,1918.250,2
03:50:41.79200,1918.000,1
03:50:42.69900,1918.250,2
03:50:42.79200,1918.000,1
03:50:43.25000,1918.000,5
03:50:43.39400,1918.000,25
03:50:43.79200,1918.000,1
03:50:44.58500,1918.000,3
03:50:44.79200,1917.750,3
03:50:45.79200,1917.750,1
03:50:46.79200,1917.750,1
03:50:47.79200,1917.750,1
03:50:48.86700,1917.750,9
03:50:49.01900,1917.750,5
03:50:49.71800,1917.750,5
03:50:49.79200,1917.500,2
03:50:50.79200,1917.500,1
03:50:51.17900,1917.750,14
03:50:51.79200,1917.750,1
03:50:51.97200,1917.750,6
03:50:52.23400,1917.750,1
03:50:52.79200,1917.750,1
03:50:53.07000,1917.750,1
03:50:53.86300,1917.500,7
03:50:54.01100,1917.500,6
03:50:54.80800,1917.500,56
03:50:55.18300,1917.500,26
03:50:55.79200,1917.500,1
03:50:56.34300,1917.500,16
03:50:56.42100,1917.500,6
03:50:56.73400,1917.500,3
03:50:56.79200,1917.500,1
03:50:57.19100,1917.500,1
03:50:57.79200,1917.500,1
03:50:58.79200,1917.500,1
03:50:59.07800,1917.500,2
03:50:59.79200,1917.500,1
03:51:01.48000,1917.750,4
03:51:01.79200,1917.500,1
03:51:02.08200,1917.500,6
03:51:02.21400,1917.500,3
03:51:02.79200,1917.500,1
03:51:03.79200,1917.500,1
03:51:04.79200,1917.500,1
03:51:05.37100,1917.750,17
03:51:05.79200,1917.500,1
03:51:06.79200,1917.500,1
03:51:07.79200,1917.500,1
03:51:08.79200,1917.500,1
03:51:09.29200,1917.750,1
03:51:09.79200,1917.500,1
03:51:10.79200,1917.500,1
03:51:11.16700,1917.750,6
03:51:11.55400,1917.750,3
03:51:11.79200,1917.500,1
03:51:12.79200,1917.500,1
03:51:13.56200,1917.750,2
03:51:13.79200,1917.500,1
03:51:14.79200,1917.500,1
03:51:15.79200,1917.500,1
03:51:16.36700,1917.750,40
03:51:16.79200,1917.500,1
03:51:17.30400,1917.750,9
03:51:17.47200,1918.000,2
03:51:17.79200,1917.750,7
03:51:17.97200,1917.750,16
03:51:18.28100,1917.750,4
03:51:18.79200,1917.500,1
03:51:19.79200,1917.500,1
03:51:20.79200,1917.750,3
03:51:21.79200,1917.500,1
03:51:22.79200,1917.500,1
03:51:23.64400,1917.750,121
03:51:23.79600,1917.750,2
03:51:24.79200,1917.500,1
03:51:25.79200,1917.500,1
03:51:26.12500,1917.750,22
03:51:26.43700,1917.750,4
03:51:26.79200,1917.750,1
03:51:27.79200,1917.750,1
03:51:28.79200,1917.750,1
03:51:29.10500,1917.750,2
03:51:29.96400,1918.000,3
03:51:30.79200,1917.750,3
03:51:31.79200,1917.750,1
03:51:32.79200,1917.750,1
03:51:33.79200,1917.750,1
03:51:34.33900,1917.750,1
03:51:34.79200,1917.750,1
03:51:35.79200,1917.750,1
03:51:36.79200,1917.750,1
03:51:37.79200,1917.750,1
03:51:38.38200,1918.000,29
03:51:38.79200,1918.000,8
03:51:39.79200,1917.750,1
03:51:40.64400,1918.250,39
03:51:40.79200,1918.250,1
03:51:41.34700,1918.250,6
03:51:41.79200,1918.250,1
03:51:42.79200,1918.250,1
03:51:43.48000,1918.250,1
03:51:43.79200,1918.250,2
03:51:43.83200,1918.250,2
03:51:43.96000,1918.250,2
03:51:44.79200,1918.250,1
03:51:45.79200,1918.250,1
03:51:46.25300,1918.250,5
03:51:46.79200,1918.000,1
03:51:47.79200,1918.000,1
03:51:48.79200,1918.000,1
03:51:49.79200,1918.000,1
03:51:50.79200,1918.000,1
03:51:51.79200,1918.000,1
03:51:52.49600,1918.000,14
03:51:52.79200,1917.750,2
03:51:53.79200,1917.750,1
03:51:54.79200,1917.750,1
03:51:55.10100,1917.750,14
03:51:55.79200,1917.500,3
03:51:56.79200,1917.500,1
03:51:57.79200,1917.500,1
03:51:58.80800,1917.500,3
03:51:59.79200,1917.500,1
03:52:01.17100,1917.750,2
03:52:01.94100,1917.750,16
03:52:02.79200,1917.750,1
03:52:03.56600,1917.750,4
03:52:03.79200,1917.750,1
03:52:04.00000,1917.750,7
03:52:04.79200,1917.750,1
03:52:05.79200,1917.750,1
03:52:06.79200,1917.750,1
03:52:07.02700,1917.750,5
03:52:07.46000,1918.000,5
03:52:07.79200,1917.750,1
03:52:08.79200,1917.750,1
03:52:09.23800,1918.000,20
03:52:09.38200,1918.000,5
03:52:09.90200,1918.000,3
03:52:10.79200,1918.000,1
03:52:11.79200,1918.000,1
03:52:12.78900,1918.000,1
03:52:13.60100,1918.000,2
03:52:13.79200,1917.750,1
03:52:14.25000,1918.000,6
03:52:14.79200,1917.750,1
03:52:15.79200,1918.000,21
03:52:16.79200,1917.750,1
03:52:17.79200,1917.750,1
03:52:18.79200,1917.750,7
03:52:19.79200,1917.750,1
03:52:20.79200,1917.750,1
03:52:21.79200,1917.750,1
03:52:22.09700,1917.750,3
03:52:22.79200,1917.750,1
03:52:22.89800,1917.750,10
03:52:23.79200,1917.500,2
03:52:24.22600,1917.750,3
03:52:24.79200,1917.500,1
03:52:24.94100,1917.750,29
03:52:25.79200,1917.750,1
03:52:26.46400,1917.750,9
03:52:26.78900,1917.750,6
03:52:27.79200,1917.750,1
03:52:28.79200,1917.500,1
03:52:29.79200,1917.500,1
03:52:30.22600,1917.750,3
03:52:30.79200,1917.500,1
03:52:31.16400,1917.750,1
03:52:31.79200,1917.500,1
03:52:32.79200,1917.500,1
03:52:33.69100,1917.750,9
03:52:33.82000,1917.750,5
03:52:34.62800,1917.750,1
03:52:34.79200,1917.500,1
03:52:35.79200,1917.500,1
03:52:35.96800,1917.750,47
03:52:36.79200,1917.750,1
03:52:37.79200,1917.750,1
03:52:38.79200,1917.500,52
03:52:39.78900,1917.500,1
03:52:40.79200,1917.500,1
03:52:41.79200,1917.500,1
03:52:42.79200,1917.500,1
03:52:43.79200,1917.500,1
03:52:44.44100,1917.750,7
03:52:44.79200,1917.750,1
03:52:45.79200,1917.500,1
03:52:46.79200,1917.500,1
03:52:47.58500,1917.750,5
03:52:47.79200,1917.750,1
03:52:48.79200,1917.750,1
03:52:49.79200,1917.750,1
03:52:50.79200,1917.750,3
03:52:51.79200,1917.750,1
03:52:52.79200,1917.500,1
03:52:53.39000,1917.750,3
03:52:53.78900,1917.750,3
03:52:54.79200,1917.500,1
03:52:55.79200,1917.500,1
03:52:56.79200,1917.500,1
03:52:57.87100,1917.500,3
03:52:58.79200,1917.500,1
03:52:59.79200,1917.500,1
03:53:01.03100,1917.500,45
03:53:01.18300,1917.750,3
03:53:01.53100,1917.500,1
03:53:01.79200,1917.500,1
03:53:02.55400,1917.750,2
03:53:02.79200,1917.500,1
03:53:03.48800,1917.750,14
03:53:03.79200,1917.750,1
03:53:03.94900,1918.000,1
03:53:04.15600,1917.750,1
03:53:04.50300,1917.750,3
03:53:04.79200,1917.750,1
03:53:05.79200,1917.750,1
03:53:06.83500,1918.000,2
03:53:06.92100,1918.000,1
03:53:07.85900,1917.750,2
03:53:08.78900,1917.500,1
03:53:08.91700,1917.750,1
03:53:09.04200,1918.000,4
03:53:09.18300,1918.000,3
03:53:09.79200,1917.750,4
03:53:10.46800,1917.750,1
03:53:10.78900,1917.500,1
03:53:11.79200,1917.500,1
03:53:12.79200,1917.500,1
03:53:13.79200,1917.500,1
03:53:14.79200,1917.500,1
03:53:15.79200,1917.500,1
03:53:16.20300,1917.500,10
03:53:16.52700,1917.500,3
03:53:16.88600,1917.500,12
03:53:17.14000,1917.500,54
03:53:17.44900,1917.500,3
03:53:17.79200,1917.500,1
03:53:18.71400,1917.500,2
03:53:19.79200,1917.500,12
03:53:20.07800,1917.500,2
03:53:20.27300,1917.500,2
03:53:20.78900,1917.250,3
03:53:21.64400,1917.250,2
03:53:21.79200,1917.250,1
03:53:22.78900,1917.250,1
03:53:23.79200,1917.250,1
03:53:24.29600,1917.250,2
03:53:24.79200,1917.250,1
03:53:25.79200,1917.250,1
03:53:26.61300,1917.250,1
03:53:26.79200,1917.250,1
03:53:27.67900,1917.250,2
03:53:27.79200,1917.250,1
03:53:28.07000,1917.250,1
03:53:28.68300,1917.250,2
03:53:28.79200,1917.250,1
03:53:29.21800,1917.250,18
03:53:29.78900,1917.250,1
03:53:30.47600,1917.250,16
03:53:30.67500,1917.250,2
03:53:30.86700,1917.250,37
03:53:31.29200,1917.250,2
03:53:31.90200,1917.000,47
03:53:32.05000,1917.250,4
03:53:32.33200,1917.000,2
03:53:32.69100,1917.000,5
03:53:32.79200,1917.000,1
03:53:33.30400,1917.000,1
03:53:33.79200,1917.000,1
03:53:34.79200,1917.250,1
03:53:35.55000,1917.250,11
03:53:35.79200,1917.000,1
03:53:36.78900,1917.000,1
03:53:37.41400,1917.250,3
03:53:37.79200,1917.000,1
03:53:38.79200,1917.000,1
03:53:39.27700,1917.250,7
03:53:39.38200,1917.250,1
03:53:39.79200,1917.250,9
03:53:40.83500,1917.500,2
03:53:41.28900,1917.500,16
03:53:41.31200,1917.500,10
03:53:41.78900,1917.500,1
03:53:42.19500,1917.500,58
03:53:42.79200,1917.500,1
03:53:43.79200,1917.500,1
03:53:44.79200,1917.500,1
03:53:45.78900,1917.500,1
03:53:45.92500,1917.500,25
03:53:46.78900,1917.250,1
03:53:47.78900,1917.250,1
03:53:48.78900,1917.250,1
03:53:49.41000,1917.500,37
03:53:49.79200,1917.250,1
03:53:50.15600,1917.500,1
03:53:50.79200,1917.250,1
03:53:51.79200,1917.250,1
03:53:52.35900,1917.250,4
03:53:52.79200,1917.250,1
03:53:53.16400,1917.500,1
03:53:53.79200,1917.250,1
03:53:54.20700,1917.500,26
03:53:54.40600,1917.250,1
03:53:54.79200,1917.250,1
03:53:55.23000,1917.500,3
03:53:55.79200,1917.250,1
03:53:56.47600,1917.500,5
03:53:56.78900,1917.250,1
03:53:57.07400,1917.500,2
03:53:57.79200,1917.250,5
03:53:58.28100,1917.500,4
03:53:58.78900,1917.500,1
03:53:59.79200,1917.250,1
03:54:01.32800,1917.500,3
03:54:01.78900,1917.250,1
03:54:02.42500,1917.250,3
03:54:02.50700,1917.250,71
03:54:02.79200,1917.000,1
03:54:03.79200,1917.000,5
03:54:04.90200,1917.000,3
03:54:05.03500,1917.000,1
03:54:05.92500,1917.000,22
03:54:06.00300,1917.250,1
03:54:06.34300,1917.250,3
03:54:06.79200,1917.000,1
03:54:07.79200,1917.000,1
03:54:08.66700,1917.000,7
03:54:08.78900,1917.000,1
03:54:09.17500,1917.000,2
03:54:09.19100,1917.000,22
03:54:09.79200,1917.000,1
03:54:10.79200,1917.000,1
03:54:11.16000,1917.000,39
03:54:11.64000,1917.000,6
03:54:11.87800,1916.750,20
03:54:12.30400,1917.000,2
03:54:12.92500,1917.000,14
03:54:13.55400,1917.000,2
03:54:13.80400,1917.000,8
03:54:14.30400,1917.000,1
03:54:14.43300,1917.000,1
03:54:14.78900,1916.750,1
03:54:15.79200,1916.750,1
03:54:15.87800,1916.750,1
03:54:16.40200,1917.000,28
03:54:16.66000,1917.000,6
03:54:16.78900,1917.000,2
03:54:17.11300,1917.250,2
03:54:17.79200,1917.000,1
03:54:18.78900,1917.000,1
03:54:19.15200,1917.000,1
03:54:19.79200,1917.000,1
03:54:20.08500,1917.250,5
03:54:20.21800,1917.250,35
03:54:20.79200,1917.000,106
03:54:21.39000,1917.000,1
03:54:21.79200,1917.000,1
03:54:22.79200,1917.000,1
03:54:23.07000,1917.000,1
03:54:23.79200,1917.000,1
03:54:24.79200,1917.000,1
03:54:25.65600,1917.000,1
03:54:26.78900,1917.000,2
03:54:27.79200,1917.000,1
03:54:28.37800,1917.250,1
03:54:28.64800,1917.000,54
03:54:28.80000,1917.000,3
03:54:29.79200,1917.000,1
03:54:30.79200,1917.000,1
03:54:31.32400,1917.000,2
03:54:31.79200,1917.250,92
03:54:32.37100,1917.250,3
03:54:32.79200,1917.250,1
03:54:33.28900,1917.500,2
03:54:33.79200,1917.250,1
03:54:34.79200,1917.250,1
03:54:35.08200,1917.500,1
03:54:35.78900,1917.250,1
03:54:36.15200,1917.250,2
03:54:36.79200,1917.250,1
03:54:37.78900,1917.250,2
03:54:38.39000,1917.250,1
03:54:38.79200,1917.250,1
03:54:39.79200,1917.250,1
03:54:40.79200,1917.250,1
03:54:41.42900,1917.250,19
03:54:41.60900,1917.500,5
03:54:41.78900,1917.250,1
03:54:42.78900,1917.250,1
03:54:43.78900,1917.250,1
03:54:44.78900,1917.250,1
03:54:44.96800,1917.250,1
03:54:45.78900,1917.250,1
03:54:46.18300,1917.500,99
03:54:46.78900,1917.500,4
03:54:47.78900,1917.250,1
03:54:48.78900,1917.250,1
03:54:49.16700,1917.500,1
03:54:49.78900,1917.250,1
03:54:50.78900,1917.250,1
03:54:51.78900,1917.250,2
03:54:52.07000,1917.250,1
03:54:52.66000,1917.500,2
03:54:52.78900,1917.500,3
03:54:53.33500,1917.500,8
03:54:53.78900,1917.500,1
03:54:54.78900,1917.500,1
03:54:55.79200,1917.500,1
03:54:56.40200,1917.750,5
03:54:56.78900,1917.500,1
03:54:57.78900,1917.500,1
03:54:58.81200,1917.500,21
03:54:58.94900,1917.500,59
03:54:59.78900,1917.500,1
03:55:00.23400,1917.500,25
03:55:00.79200,1917.250,1
03:55:01.13200,1917.500,10
03:55:01.78900,1917.500,1
03:55:02.78900,1917.500,1
03:55:03.78900,1917.500,1
03:55:04.78900,1917.500,1
03:55:05.79200,1917.500,1
03:55:06.17500,1917.500,1
03:55:06.39400,1917.750,1
03:55:06.79200,1917.500,1
03:55:07.78900,1917.500,1
03:55:08.79200,1917.500,1
03:55:09.78900,1917.500,1
03:55:10.79200,1917.500,1
03:55:11.79200,1917.500,1
03:55:12.78900,1917.500,1
03:55:13.78900,1917.500,1
03:55:14.02300,1917.500,3
03:55:14.86700,1917.750,2
03:55:15.78900,1917.500,1
03:55:16.50000,1917.500,4
03:55:16.83900,1917.750,2
03:55:17.58200,1917.500,4
03:55:17.78900,1917.500,1
03:55:18.21000,1917.500,27
03:55:18.84300,1917.250,7
03:55:19.78900,1917.250,1
03:55:20.78900,1917.250,1
03:55:21.79200,1917.250,1
03:55:22.79200,1917.250,1
03:55:23.79200,1917.250,1
03:55:24.79200,1917.250,1
03:55:25.79200,1917.250,1
03:55:26.79200,1917.250,1
03:55:27.18300,1917.250,18
03:55:27.78900,1917.000,1
03:55:28.78900,1917.250,1
03:55:29.78900,1917.000,1
03:55:30.78900,1917.000,1
03:55:31.78900,1917.000,1
03:55:32.78900,1917.000,2
03:55:33.55400,1917.000,3
03:55:33.78900,1917.000,1
03:55:34.33900,1917.250,2
03:55:34.39000,1917.000,2
03:55:34.78900,1917.000,1
03:55:35.16700,1917.000,1
03:55:35.78900,1917.000,11
03:55:36.78900,1917.000,1
03:55:38.81600,1917.250,33
03:55:38.88200,1917.250,3
03:55:40.30000,1917.250,1
03:55:42.53900,1917.500,27
03:55:44.39800,1917.500,11
03:55:45.28500,1917.500,8
03:55:47.84300,1917.500,1
03:55:49.24600,1918.000,40
03:55:50.12500,1917.750,55
03:55:52.45700,1918.000,4
03:55:53.17500,1917.750,17
03:55:54.33900,1918.000,1
03:55:57.12500,1918.000,81
03:56:01.21800,1917.750,153
03:56:02.33200,1917.750,35
03:56:02.48000,1917.750,1
03:56:04.76100,1918.000,1
03:56:05.34700,1917.750,35
03:56:05.82000,1917.750,15
03:56:06.30000,1918.000,1
03:56:06.69900,1918.000,11
03:56:07.95700,1918.250,6
03:56:08.71000,1918.000,1
03:56:09.02700,1918.250,4
03:56:09.52300,1918.250,4
03:56:10.65600,1918.250,3
03:56:11.83500,1917.750,26
03:56:12.74200,1917.750,10
03:56:15.35100,1917.750,14
03:56:15.46000,1917.750,10
03:56:16.87100,1917.750,1
03:56:18.17100,1918.000,1
03:56:18.37500,1918.000,13
03:56:19.56600,1918.000,5
03:56:19.85100,1917.750,142
03:56:21.79200,1917.750,10
03:56:22.87100,1917.750,15
03:56:23.37500,1917.750,4
03:56:24.04600,1918.000,1
03:56:26.00300,1917.750,13
03:56:30.69900,1918.000,57
03:56:33.79200,1918.000,5
03:56:34.47200,1918.000,7
03:56:37.13600,1918.000,66
03:56:38.04200,1917.750,10
03:56:38.46000,1918.000,4
03:56:40.38200,1918.000,4
03:56:41.27300,1918.000,4
03:56:51.32400,1918.000,64
03:56:51.60500,1918.000,1
03:56:52.14000,1917.750,7
03:56:53.93300,1918.000,1
03:56:54.15600,1918.000,3
03:56:57.18300,1917.750,15
03:56:58.33500,1917.750,1
03:56:59.45300,1917.750,1
03:57:01.56600,1917.750,30
03:57:02.67100,1917.750,12
03:57:07.43700,1917.750,1
03:57:09.64800,1917.750,1
03:57:10.53100,1917.500,29
03:57:10.61300,1917.500,4
03:57:11.34300,1917.500,3
03:57:12.25700,1917.250,15
03:57:12.65600,1917.250,4
03:57:13.37500,1917.500,6
03:57:14.47600,1917.500,17
03:57:17.00300,1917.500,2
03:57:17.18700,1917.500,2
03:57:18.96000,1917.500,8
03:57:20.19500,1917.750,3
03:57:26.36700,1917.750,1
03:57:26.85900,1917.500,15
03:57:27.73800,1917.500,2
03:57:28.46800,1917.750,11
03:57:31.51500,1917.750,1
03:57:33.93700,1917.500,11
03:57:35.06200,1917.500,6
03:57:40.61700,1917.500,11
03:57:42.03500,1917.500,1
03:57:46.97200,1917.500,7
03:57:47.53500,1917.500,2
03:57:47.85900,1917.500,2
03:57:50.23000,1917.750,1
03:57:54.94500,1917.750,21
03:57:55.34300,1917.750,3
03:57:56.92500,1917.750,1
03:57:58.51100,1917.500,27
03:58:05.17900,1917.500,41
03:58:05.64000,1917.500,1
03:58:08.04200,1917.500,2
03:58:08.30800,1917.500,1
03:58:10.12500,1917.500,1
03:58:13.92500,1917.500,3
03:58:15.16400,1917.250,5
03:58:15.41700,1917.250,13
03:58:16.00300,1917.250,7
03:58:16.48400,1917.250,8
03:58:17.01500,1917.250,4
03:58:17.53900,1917.000,8
03:58:18.60100,1917.000,1
03:58:19.35500,1917.250,25
03:58:21.09700,1917.250,2
03:58:21.73800,1917.250,1
03:58:22.13200,1917.500,4
03:58:22.78100,1917.250,5
03:58:23.76100,1917.250,5
03:58:24.59300,1917.250,1
03:58:25.85100,1917.500,9
03:58:26.53500,1917.750,2
03:58:28.75300,1917.750,32
03:58:29.55400,1917.750,7
03:58:30.03100,1917.750,8
03:58:30.51900,1917.750,6
03:58:32.71400,1917.500,1
03:58:36.28900,1917.500,1
03:58:36.50000,1917.500,20
03:58:37.05000,1917.500,3
03:58:38.24200,1917.500,4
03:58:41.19500,1917.500,16
03:58:41.54200,1917.250,4
03:58:42.63200,1917.250,4
03:58:45.02700,1917.500,4
03:58:46.19100,1917.500,13
03:58:47.85900,1917.500,14
03:58:49.83200,1917.500,3
03:58:50.08900,1917.500,3
03:58:53.20300,1917.750,4
03:58:53.26900,1917.500,7
03:58:54.25700,1917.500,2
03:58:54.96800,1917.750,3
03:58:56.25300,1918.000,16
03:58:59.46000,1917.750,12
03:59:03.21800,1917.750,25
03:59:04.62800,1917.500,3
03:59:05.52300,1917.500,1
03:59:06.15200,1917.500,1
03:59:06.91000,1917.500,13
03:59:08.72200,1917.500,1
03:59:09.90200,1917.500,3
03:59:10.46800,1917.750,16
03:59:10.88200,1918.000,30
03:59:13.90200,1918.000,3
03:59:14.12100,1918.000,6
03:59:16.16000,1918.000,1
03:59:16.55800,1918.000,3
03:59:16.72200,1918.250,42
03:59:18.39400,1918.000,3
03:59:19.82800,1918.250,39
03:59:20.23400,1918.250,2
03:59:21.12100,1918.250,3
03:59:23.21400,1918.500,3
03:59:23.31600,1918.500,1
03:59:23.61700,1918.250,3
03:59:24.09300,1918.250,2
03:59:24.19500,1918.250,4
03:59:24.45300,1918.250,1
03:59:25.16400,1918.500,5
03:59:26.52300,1918.500,33
03:59:27.27700,1918.500,9
03:59:27.90600,1918.500,1
03:59:30.48800,1918.250,10
03:59:32.42500,1918.250,14
03:59:34.49600,1918.500,1
03:59:35.64800,1918.500,1
03:59:37.67100,1918.500,1
03:59:39.37500,1918.500,10
03:59:39.68300,1918.250,1
03:59:40.45700,1918.500,14
03:59:41.58900,1918.750,8
03:59:42.83500,1918.750,1
03:59:43.54200,1918.500,4
03:59:45.44500,1918.500,17
03:59:49.55000,1918.500,5
03:59:50.19100,1918.500,9
03:59:50.40600,1919.000,113
03:59:52.83500,1918.750,5
03:59:52.97200,1919.000,15
03:59:53.31600,1919.000,3
03:59:53.38600,1918.750,35
03:59:53.60900,1918.500,1
03:59:53.95300,1918.750,1
03:59:54.25700,1918.750,3
03:59:55.50000,1918.500,10
03:59:55.72600,1918.500,2
03:59:56.01500,1918.500,1
03:59:56.96400,1918.500,5
03:59:59.07400,1918.250,119
03:59:59.47200,1918.500,1
03:59:59.85500,1918.250,6
04:00:00.59700,1918.250,0
04:00:00.70700,1918.500,1
04:00:01.02300,1918.250,8
04:00:01.27300,1918.250,2
04:00:02.16000,1918.250,2
04:00:02.54600,1918.000,37
04:00:03.83200,1918.000,1
04:00:03.91000,1918.000,10
04:00:06.28500,1918.000,10
04:00:06.68300,1918.000,5
04:00:06.92900,1918.000,2
04:00:08.21800,1918.000,2
04:00:09.15600,1918.000,1
04:00:09.64000,1918.000,2
04:00:10.84300,1918.000,1
04:00:12.65600,1918.000,1
04:00:14.42100,1918.250,11
04:00:14.68300,1918.250,1
04:00:18.91700,1918.500,4
04:00:19.17100,1918.250,2
04:00:23.06600,1918.500,18
04:00:24.12100,1918.500,96
04:00:28.66400,1918.250,27
04:00:29.49200,1918.250,1
04:00:30.01500,1918.250,18
04:00:34.91000,1918.250,2
04:00:39.60100,1918.500,5
04:00:40.23000,1918.500,44
04:00:40.52300,1918.750,2
04:00:45.33900,1918.500,1
04:00:46.35100,1918.750,1
04:00:46.73000,1918.500,15
04:00:49.92900,1918.750,31
04:00:50.34300,1919.000,3
04:00:55.00000,1919.000,4
04:00:56.27700,1919.000,10
04:00:56.88600,1918.750,5
04:00:58.08500,1919.000,44
04:00:58.39400,1918.750,1
04:00:58.71000,1919.000,3
04:01:00.11300,1919.000,11
04:01:00.71800,1919.250,24
04:01:01.20300,1919.250,2
04:01:02.25000,1919.000,27
04:01:02.33900,1919.250,23
04:01:04.00700,1919.250,1
04:01:04.34300,1919.500,35
04:01:04.64000,1919.500,61
04:01:05.33200,1919.250,10
04:01:05.51500,1919.500,1
04:01:06.06600,1919.500,1
04:01:07.53500,1919.500,2
04:01:07.73400,1919.500,25
04:01:08.71800,1919.500,1
04:01:09.62500,1919.500,1
04:01:09.83500,1919.500,62
04:01:10.39400,1919.500,6
04:01:10.67500,1919.500,1
04:01:11.26100,1919.250,1
04:01:11.38600,1919.250,1
04:01:11.51500,1919.250,11
04:01:11.74200,1919.250,52
04:01:12.46800,1919.250,4
04:01:13.54200,1919.250,2
04:01:15.19100,1919.250,34
04:01:15.61300,1919.500,1
04:01:17.24200,1919.250,7
04:01:17.55000,1919.250,1
04:01:17.85900,1919.000,1
04:01:18.55800,1919.250,10
04:01:18.70700,1919.250,3
04:01:20.68700,1919.500,1
04:01:22.84700,1919.250,1
04:01:23.34300,1919.500,19
04:01:23.90600,1919.500,3
04:01:24.25700,1919.500,42
04:01:25.02300,1919.500,1
04:01:25.15600,1919.500,5
04:01:25.73400,1919.500,2
04:01:26.22600,1919.750,17
04:01:26.53900,1919.750,45
04:01:26.64400,1920.000,28
04:01:26.84700,1920.000,1
04:01:27.70700,1919.750,24
04:01:28.11300,1919.500,1
04:01:28.41000,1919.750,2
04:01:29.35500,1919.750,12
04:01:29.77700,1919.750,1
04:01:30.54200,1919.750,1
04:01:32.05800,1919.500,2
04:01:33.05000,1919.750,1
04:01:33.25000,1919.500,2
04:01:33.83500,1919.750,1
04:01:34.38200,1919.750,49
04:01:34.53100,1919.750,1
04:01:34.85500,1919.750,4
04:01:35.23800,1920.000,1
04:01:35.74600,1919.750,2
04:01:36.35900,1920.000,2
04:01:36.54600,1920.000,1
04:01:37.06600,1919.750,1
04:01:37.48000,1919.750,10
04:01:37.75300,1920.000,1
04:01:38.15600,1919.750,7
04:01:38.84300,1919.750,1
04:01:39.46800,1919.750,4
04:01:39.67500,1919.750,3
04:01:40.33500,1919.750,1
04:01:41.05800,1919.750,7
04:01:44.42500,1919.750,13
04:01:46.08200,1919.750,27
04:01:46.61700,1919.750,17
04:01:47.00300,1919.750,5
04:01:47.63200,1919.750,1
04:01:48.06200,1919.500,9
04:01:48.35500,1919.500,1
04:01:48.56600,1919.750,9
04:01:50.49600,1920.000,5
04:01:52.41000,1920.000,1
04:01:53.37500,1920.000,41
04:01:55.08500,1920.000,57
04:01:55.84300,1920.000,145
04:01:56.84300,1920.000,23
04:01:56.94500,1920.000,11
04:01:57.63200,1920.000,1
04:01:59.04200,1920.250,10
04:01:59.19100,1920.250,2
04:02:00.28900,1920.000,3
04:02:00.78100,1920.250,1
04:02:01.13200,1920.000,5
04:02:01.23400,1920.250,2
04:02:01.53100,1920.250,4
04:02:02.08200,1920.250,1
04:02:02.22600,1920.000,1
04:02:03.12500,1920.000,3
04:02:03.17900,1920.250,11
04:02:03.64400,1920.250,3
04:02:04.87800,1920.250,41
04:02:07.58900,1920.250,1
04:02:08.47200,1920.250,1
04:02:09.07800,1920.250,1
04:02:09.44100,1920.250,1
04:02:09.67100,1920.250,13
04:02:10.25700,1920.250,2
04:02:11.76900,1920.250,2
04:02:12.51900,1920.250,1
04:02:13.36700,1920.000,42
04:02:14.51900,1920.000,1
04:02:14.94900,1920.000,3
04:02:15.11700,1920.000,1
04:02:15.51100,1919.750,1
04:02:15.76500,1920.000,2
04:02:16.21400,1920.000,1
04:02:16.35500,1920.000,2
04:02:18.46000,1920.000,2
04:02:20.86700,1920.000,14
04:02:21.59300,1920.000,1
04:02:23.63200,1920.000,1
04:02:24.25700,1920.000,1
04:02:25.48000,1920.000,3
04:02:25.66400,1920.000,1
04:02:28.30800,1920.000,10
04:02:28.70700,1920.000,5
04:02:29.41000,1920.250,2
04:02:29.64800,1920.000,5
04:02:30.58500,1920.000,1
04:02:31.33200,1920.250,1
04:02:32.32800,1920.250,1
04:02:34.35900,1920.250,1
04:02:34.73800,1920.000,2
04:02:35.96000,1920.250,1
04:02:36.33500,1920.250,22
04:02:36.84300,1920.500,49
04:02:36.92500,1920.500,3
04:02:37.75700,1920.500,5
04:02:38.04600,1920.500,1
04:02:38.57400,1920.500,22
04:02:39.00300,1920.500,8
04:02:39.27300,1920.500,1
04:02:39.64000,1920.750,2
04:02:40.69500,1920.750,1
04:02:40.72200,1920.750,1
04:02:41.55000,1920.750,1
04:02:42.04200,1920.750,24
04:02:42.23000,1920.750,1
04:02:42.62500,1920.750,2
04:02:43.33900,1920.750,1
04:02:43.55400,1920.750,26
04:02:43.78900,1920.750,3
04:02:44.66000,1920.750,89
04:02:44.83500,1920.750,16
04:02:45.29200,1920.750,1
04:02:46.32400,1920.750,2
04:02:46.59300,1920.500,3
04:02:46.76100,1920.500,1
04:02:48.81600,1920.750,7
04:02:49.33900,1920.750,1
04:02:49.55400,1920.750,1
04:02:50.80400,1920.750,3
04:02:51.71000,1920.750,3
04:02:53.39400,1920.750,1
04:02:53.62500,1920.750,11
04:02:54.09700,1921.000,6
04:02:54.26900,1921.000,2
04:02:56.08900,1920.750,159
04:02:56.80000,1920.750,8
04:02:57.12100,1920.750,1
04:02:57.47600,1920.750,1
04:02:58.04200,1920.500,1
04:02:58.20700,1920.750,34
04:02:58.69500,1920.750,18
04:02:59.92900,1920.750,2
04:03:00.97200,1920.500,4
04:03:02.20700,1920.500,4
04:03:02.42900,1920.500,1
04:03:02.62800,1920.500,11
04:03:03.47200,1920.500,1
04:03:04.69100,1920.250,1
04:03:05.17500,1920.250,4
04:03:05.84300,1920.500,1
04:03:07.97200,1920.250,4
04:03:08.75000,1920.250,1
04:03:09.11300,1920.500,16
04:03:09.71800,1920.500,1
04:03:11.12800,1920.750,20
04:03:11.83500,1920.500,60
04:03:12.53500,1920.250,1
04:03:13.09700,1920.250,1
04:03:13.43700,1920.500,6
04:03:14.85100,1920.500,1
04:03:15.38200,1920.250,22
04:03:17.01100,1920.250,1
04:03:18.63600,1920.500,10
04:03:19.07800,1920.500,1
04:03:20.60900,1920.750,57
04:03:20.80000,1920.500,6
04:03:24.75300,1920.500,5
04:03:27.87100,1920.500,2
04:03:28.69900,1920.750,1
04:03:29.87800,1920.750,1
04:03:31.53500,1921.250,720
04:03:31.77700,1921.250,102
04:03:32.01900,1921.250,1
04:03:32.55800,1921.000,18
04:03:33.29200,1921.000,2
04:03:33.49600,1921.000,2
04:03:34.07000,1921.000,11
04:03:34.88600,1920.750,1
04:03:35.46400,1921.250,11
04:03:35.89000,1921.000,1
04:03:36.27300,1921.000,28
04:03:42.42900,1921.000,10
04:03:44.26500,1920.750,1
04:03:48.27700,1920.750,73
04:03:48.58900,1920.750,5
04:03:49.09300,1920.750,13
04:03:49.49600,1921.000,15
