13:00:00.37800,1904.250,0
13:00:00.51900,1904.250,10
13:00:00.94500,1904.250,71
13:00:01.05000,1904.500,2
13:00:01.50300,1904.250,1
13:00:02.93300,1904.500,283
13:00:03.03900,1904.500,1
13:00:03.20300,1904.500,39
13:00:04.21400,1904.500,16
13:00:04.28500,1904.500,4
13:00:04.38600,1904.500,1
13:00:04.55400,1904.500,10
13:00:05.00300,1904.500,16
13:00:05.45300,1904.500,34
13:00:05.52300,1904.500,1
13:00:05.72200,1904.500,6
13:00:05.94500,1904.500,5
13:00:06.01100,1904.500,2
13:00:06.49600,1904.500,3
13:00:07.73800,1904.750,3
13:00:08.46800,1904.500,29
13:00:08.82800,1904.500,18
13:00:09.46000,1904.500,10
13:00:10.39800,1904.500,51
13:00:11.48800,1904.500,1
13:00:11.66700,1904.750,1
13:00:12.12800,1904.500,1
13:00:12.66400,1904.500,1
13:00:12.89800,1904.750,1
13:00:13.39800,1904.750,45
13:00:13.59300,1904.750,1
13:00:15.24200,1905.000,188
13:00:15.36300,1905.000,46
13:00:15.81600,1905.000,7
13:00:16.56600,1905.000,1
13:00:17.33900,1905.000,67
13:00:17.42100,1905.000,5
13:00:17.70300,1905.250,2
13:00:18.18700,1905.000,78
13:00:19.90200,1905.000,1
13:00:20.32000,1905.000,1
13:00:20.53100,1904.750,29
13:00:21.03100,1904.750,36
13:00:21.94900,1904.750,71
13:00:23.58900,1904.750,2
13:00:23.90600,1905.000,1
13:00:24.30000,1904.750,1
13:00:24.66700,1905.000,1
13:00:25.60500,1904.750,1
13:00:25.81600,1904.750,1
13:00:26.18300,1905.000,1
13:00:26.76100,1904.750,1
13:00:26.93300,1905.000,2
13:00:27.37500,1904.750,1
13:00:27.79600,1904.750,1
13:00:28.58900,1905.000,30
13:00:28.67500,1905.000,6
13:00:29.96000,1905.250,35
13:00:31.17900,1905.250,2
13:00:34.65600,1905.250,144
13:00:35.00000,1905.250,17
13:00:35.33500,1905.250,10
13:00:35.76500,1905.000,2
13:00:35.93300,1905.250,4
13:00:38.74200,1905.000,2
13:00:39.43700,1905.250,8
13:00:41.44100,1905.000,1
13:00:43.26100,1905.000,20
13:00:43.64800,1905.250,1
13:00:44.51900,1905.000,1
13:00:44.76900,1905.250,2
13:00:47.85900,1905.000,185
13:00:47.85900,1905.000,16
13:00:48.50300,1904.750,21
13:00:49.67900,1904.750,1
13:00:49.80000,1905.000,24
13:00:50.13600,1905.000,48
13:00:50.78500,1905.000,4
13:00:51.01900,1905.000,1
13:00:52.14400,1905.000,1
13:00:53.28500,1905.250,1
13:00:53.87100,1905.250,1
13:00:54.37500,1905.250,1
13:00:55.71400,1905.250,4
13:00:57.84300,1905.000,6
13:00:57.96000,1905.250,60
13:00:58.78500,1905.250,1
13:00:59.16700,1905.250,2
13:00:59.41700,1905.250,28
13:00:59.91400,1905.250,5
13:01:00.06600,1905.250,199
13:01:00.23400,1905.250,3
13:01:00.88200,1905.250,22
13:01:01.08900,1905.250,8
13:01:01.16700,1905.250,2
13:01:01.33900,1905.250,7
13:01:02.80400,1905.250,10
13:01:03.03100,1905.250,66
13:01:03.20700,1905.000,3
13:01:05.37100,1905.000,1
13:01:07.34700,1905.250,40
13:01:07.51500,1905.250,14
13:01:07.84700,1905.500,13
13:01:08.06600,1905.250,6
13:01:08.52300,1905.500,1
13:01:09.12100,1905.250,1
13:01:10.67500,1905.250,42
13:01:10.83900,1905.250,31
13:01:11.56200,1905.250,30
13:01:12.08500,1905.250,6
13:01:13.55800,1905.250,2
13:01:14.03500,1905.250,39
13:01:14.57800,1905.500,60
13:01:14.71000,1905.250,1
13:01:15.62800,1905.250,1
13:01:16.89000,1905.250,106
13:01:17.49200,1905.000,98
13:01:19.30800,1904.750,1
13:01:19.80000,1905.000,40
13:01:20.62100,1904.750,2
13:01:22.16000,1904.750,181
13:01:22.22200,1904.750,29
13:01:23.16400,1904.750,30
13:01:23.22200,1904.750,5
13:01:23.60500,1905.000,10
13:01:24.64800,1905.000,30
13:01:24.75700,1905.000,51
13:01:25.58200,1904.750,1
13:01:26.75700,1904.750,40
13:01:27.42900,1904.750,21
13:01:27.42900,1904.750,2
13:01:27.89000,1904.500,2
13:01:28.23000,1904.500,6
13:01:28.47600,1904.750,1
13:01:29.08200,1904.500,1
13:01:33.07000,1904.750,1
13:01:34.42900,1904.750,32
13:01:34.50700,1904.750,9
13:01:34.94100,1904.500,11
13:01:35.93300,1904.750,38
13:01:36.92100,1904.750,20
13:01:38.11300,1905.000,1
13:01:39.48800,1905.000,1
13:01:39.68700,1904.750,99
13:01:39.77300,1904.750,47
13:01:39.81200,1904.750,1
13:01:40.06200,1904.750,1
13:01:40.75300,1904.750,1
13:01:40.88600,1904.750,1
13:01:41.12500,1904.750,1
13:01:41.30000,1904.500,91
13:01:41.37500,1904.500,40
13:01:41.42500,1904.500,11
13:01:41.64000,1904.500,11
13:01:42.25700,1904.500,1
13:01:42.62100,1904.500,1
13:01:43.24200,1904.500,1
13:01:45.02700,1904.750,2
13:01:47.85100,1904.500,5
13:01:48.30400,1904.500,1
13:01:48.44500,1904.500,5
13:01:50.38200,1904.750,4
13:01:50.76100,1904.500,2
13:01:52.28500,1904.500,1
13:01:53.12500,1904.500,48
13:01:53.44900,1904.500,10
13:01:53.53500,1904.500,28
13:01:53.74600,1904.500,114
13:01:53.82400,1904.500,5
13:01:55.00000,1904.500,1
13:01:55.24200,1904.500,1
13:01:57.92900,1904.250,2
13:01:58.85100,1904.250,113
13:01:59.12500,1904.250,14
13:01:59.23000,1904.250,12
13:01:59.30000,1904.250,1
13:01:59.64400,1904.250,2
13:01:59.73400,1904.250,12
13:01:59.78500,1904.250,9
13:02:01.54600,1904.000,6
13:02:01.86700,1904.000,2
13:02:02.70300,1904.000,1
13:02:03.09700,1904.000,2
13:02:03.33200,1904.000,20
13:02:03.51500,1904.000,3
13:02:04.28500,1904.000,1
13:02:04.48400,1904.000,1
13:02:05.15200,1904.250,6
13:02:05.91000,1904.000,106
13:02:06.01100,1903.750,579
13:02:06.21800,1903.750,2
13:02:06.24200,1903.750,3
13:02:06.38200,1904.000,158
13:02:06.64800,1904.000,3
13:02:07.06200,1904.250,1
13:02:07.36700,1904.250,5
13:02:07.50700,1904.000,1
13:02:07.96000,1904.000,4
13:02:08.09700,1904.250,97
13:02:08.16700,1904.250,17
13:02:08.55400,1904.250,4
13:02:09.38200,1904.500,4
13:02:09.50000,1904.500,96
13:02:10.36700,1904.500,56
13:02:10.94900,1904.750,1
13:02:11.17100,1904.750,1
13:02:11.59300,1904.500,4
13:02:12.10900,1904.500,1
13:02:12.23000,1904.500,1
13:02:12.33200,1904.500,1
13:02:13.21000,1904.500,3
13:02:13.87500,1904.750,6
13:02:14.49200,1904.750,73
13:02:14.75700,1904.750,2
13:02:15.23000,1904.750,4
13:02:15.69500,1904.750,2
13:02:16.43300,1904.750,2
13:02:17.15600,1904.750,17
13:02:18.12500,1904.750,61
13:02:18.50700,1904.750,17
13:02:19.19500,1904.750,22
13:02:19.58500,1904.750,11
13:02:20.35500,1904.500,1
13:02:21.16000,1904.500,1
13:02:21.56200,1904.500,6
13:02:23.50300,1904.500,1
13:02:24.48400,1904.750,45
13:02:25.38200,1904.750,1
13:02:25.66400,1904.750,1
13:02:28.00300,1904.750,1
13:02:28.45700,1905.000,201
13:02:28.94900,1905.250,3
13:02:29.17500,1905.250,9
13:02:29.83900,1905.000,82
13:02:29.90200,1904.750,1
13:02:34.17900,1905.000,131
13:02:34.67900,1905.000,26
13:02:34.81600,1905.000,5
13:02:35.00700,1905.000,10
13:02:36.16000,1905.000,2
13:02:37.38600,1905.000,1
13:02:38.20300,1905.000,51
13:02:39.39400,1905.250,68
13:02:39.56600,1905.250,4
13:02:39.66400,1905.250,1
13:02:39.77700,1905.250,10
13:02:40.16400,1905.250,2
13:02:40.79200,1905.250,14
13:02:41.42100,1905.250,7
13:02:41.64800,1905.500,16
13:02:42.46800,1905.500,51
13:02:43.18700,1905.250,71
13:02:43.33900,1905.250,3
13:02:43.42900,1905.500,1
13:02:43.81200,1905.250,5
13:02:44.44900,1905.250,1
13:02:44.91700,1905.250,16
13:02:45.21000,1905.250,1
13:02:45.96000,1905.500,5
13:02:47.28900,1905.500,5
13:02:47.59700,1905.500,1
13:02:48.04200,1905.500,2
13:02:48.40600,1905.250,6
13:02:48.48400,1905.250,5
13:02:48.85100,1905.500,1
13:02:50.76100,1905.250,89
13:02:50.96400,1905.500,1
13:02:51.12500,1905.250,16
13:02:51.49200,1905.250,5
13:02:51.72200,1905.250,9
13:02:52.12500,1905.250,8
13:02:52.56200,1905.500,60
13:02:53.39000,1905.250,1
13:02:53.47600,1905.250,1
13:02:53.71000,1905.250,1
13:02:55.26500,1905.250,53
13:02:55.32000,1905.000,1
13:02:55.46000,1905.000,1
13:02:56.23400,1905.000,2
13:02:56.63200,1905.000,1
13:02:58.04600,1905.000,1
13:02:58.95700,1905.250,77
13:02:59.13600,1905.250,5
13:02:59.68700,1905.250,1
13:03:01.58500,1905.250,43
13:03:01.73000,1905.250,93
13:03:02.10500,1905.000,36
13:03:02.44100,1905.250,4
13:03:03.58900,1905.250,10
13:03:03.71000,1905.250,16
13:03:04.62800,1905.250,3
13:03:04.92100,1905.500,2
13:03:05.57000,1905.250,1
13:03:07.57800,1905.500,2
13:03:09.51100,1905.500,4
13:03:10.42100,1905.250,2
13:03:10.69500,1905.500,2
13:03:12.32000,1905.250,11
13:03:12.68700,1905.500,1
13:03:13.31600,1905.250,1
13:03:17.35900,1905.250,1
13:03:19.85100,1905.750,269
13:03:20.05800,1905.750,2
13:03:20.37800,1905.500,1
13:03:20.80800,1905.750,1
13:03:21.74600,1905.750,4
13:03:21.89000,1905.750,1
13:03:22.21400,1905.500,20
13:03:22.50000,1905.750,3
13:03:22.79200,1905.750,1
13:03:22.94900,1905.750,6
13:03:23.35500,1905.750,168
13:03:23.35900,1905.750,2
13:03:23.64000,1905.750,1
13:03:23.88600,1905.750,20
13:03:25.70300,1905.750,4
13:03:25.94900,1905.750,10
13:03:26.54600,1905.750,2
13:03:26.76500,1905.750,1
13:03:26.79200,1905.750,5
13:03:27.40600,1905.500,2
13:03:27.53500,1905.500,1
13:03:27.96000,1905.750,3
13:03:28.19900,1905.750,3
13:03:28.68300,1905.500,1
13:03:28.89800,1905.750,2
13:03:29.96000,1905.750,1
13:03:30.60900,1905.750,1
13:03:31.26100,1905.750,3
13:03:31.31600,1905.750,1
13:03:32.11700,1905.750,1
13:03:32.25300,1905.750,1
13:03:32.40600,1905.750,1
13:03:33.26500,1905.750,1
13:03:33.66700,1905.750,51
13:03:33.86300,1905.500,1
13:03:33.96400,1905.750,1
13:03:35.02300,1905.500,259
13:03:35.06600,1905.500,1
13:03:36.20300,1905.500,1
13:03:36.78900,1905.500,37
13:03:37.46400,1905.500,23
13:03:37.70700,1905.500,1
13:03:39.01900,1905.750,2
13:03:39.75700,1905.750,5
13:03:40.91000,1905.750,147
13:03:41.24600,1905.750,1
13:03:42.30400,1905.500,1
13:03:43.11300,1905.750,2
13:03:45.88600,1905.750,1
13:03:46.44100,1905.750,4
13:03:46.96000,1905.500,31
13:03:47.08500,1905.500,1
13:03:47.22600,1905.250,2
13:03:47.40600,1905.500,20
13:03:47.44900,1905.250,1
13:03:48.10900,1905.000,388
13:03:48.11700,1905.000,204
13:03:48.17100,1905.000,103
13:03:48.23800,1904.750,100
13:03:48.27300,1904.750,11
13:03:48.27300,1904.750,29
13:03:48.45300,1905.000,2
13:03:48.94100,1904.750,48
13:03:49.12500,1904.750,1
13:03:49.21400,1904.500,4
13:03:49.58500,1904.500,1
13:03:50.39000,1904.750,1
13:03:50.81600,1904.500,5
13:03:51.30000,1904.500,1
13:03:51.91400,1904.500,3
13:03:52.91000,1904.750,177
13:03:53.02700,1904.750,7
13:03:53.33200,1905.000,71
13:03:53.35100,1905.000,5
13:03:53.40600,1905.000,17
13:03:53.89400,1904.750,40
13:03:56.56600,1905.000,24
13:03:59.42900,1905.250,53
13:03:59.44100,1905.500,4
13:03:59.83500,1905.500,1
13:04:01.80000,1905.500,3
13:04:05.11300,1905.250,2
13:04:05.49200,1905.250,119
13:04:06.16700,1905.250,2
13:04:06.30400,1905.250,1
13:04:06.48400,1905.250,85
13:04:06.48400,1905.250,28
13:04:06.64800,1905.250,7
13:04:08.23800,1905.250,1
13:04:08.55400,1905.500,1
13:04:10.11300,1905.250,2
13:04:11.03500,1905.250,1
13:04:11.29200,1905.250,2
13:04:11.78500,1905.250,3
13:04:12.49200,1905.500,1
13:04:12.92500,1905.250,1
13:04:13.40600,1905.250,2
13:04:13.66000,1905.250,1
13:04:13.84700,1905.250,82
13:04:13.96400,1905.250,19
13:04:14.18700,1905.250,1
13:04:14.33900,1905.250,1
13:04:16.86700,1905.500,40
13:04:17.00700,1905.500,2
13:04:17.45300,1905.750,1
13:04:17.60500,1905.500,1
13:04:18.27700,1905.500,55
13:04:20.50000,1905.500,2
13:04:20.78500,1905.750,137
13:04:20.80400,1905.500,1
13:04:21.65600,1905.750,1
13:04:22.06600,1905.750,47
13:04:22.19100,1905.750,11
13:04:22.23400,1905.750,32
13:04:22.31200,1905.750,38
13:04:23.55000,1905.750,1
13:04:25.38600,1905.750,52
13:04:25.53100,1905.750,3
13:04:25.65600,1905.750,16
13:04:26.21800,1905.750,3
13:04:26.85500,1905.750,2
13:04:27.32000,1905.750,1
13:04:27.46000,1905.750,4
13:04:29.12800,1905.750,3
13:04:29.68300,1905.500,1
13:04:30.54600,1905.500,1
13:04:32.08500,1905.750,6
13:04:32.49600,1905.500,1
13:04:33.89000,1905.750,2
13:04:38.73000,1905.750,25
13:04:40.32000,1905.750,1
13:04:41.33200,1905.750,57
13:04:41.50300,1905.750,7
13:04:42.44500,1905.750,74
13:04:42.64800,1905.750,5
13:04:43.76100,1905.500,1
13:04:44.08900,1905.750,1
13:04:44.36700,1905.750,2
13:04:46.01100,1905.500,99
13:04:46.86700,1905.500,3
13:04:48.03100,1905.750,12
13:04:50.67900,1905.750,1
13:04:51.73000,1905.750,81
13:04:52.01100,1905.750,1
13:04:53.06600,1905.750,2
13:04:54.26100,1905.750,1
13:04:54.39400,1905.500,8
13:04:54.50000,1905.500,12
13:04:55.94900,1905.500,2
13:04:56.26500,1905.750,2
13:04:57.71800,1905.750,1
13:04:58.06600,1905.750,2
13:04:58.23800,1905.500,1
13:04:59.08200,1905.750,6
13:04:59.50300,1905.750,51
13:05:01.42500,1905.500,10
13:05:03.03100,1905.750,27
13:05:04.27700,1906.500,872
13:05:04.31600,1906.250,7
13:05:04.42900,1906.500,26
13:05:04.58200,1906.500,7
13:05:04.82000,1906.500,7
13:05:05.12100,1906.500,15
13:05:05.35500,1906.500,6
13:05:05.40200,1906.250,1
13:05:05.54200,1906.250,1
13:05:05.62100,1906.500,6
13:05:06.10500,1906.250,1
13:05:06.27700,1906.500,1
13:05:06.56600,1906.750,138
13:05:06.61700,1906.750,1
13:05:06.73800,1906.750,6
13:05:06.91700,1906.750,6
13:05:07.14400,1906.750,169
13:05:07.28500,1907.000,425
13:05:07.32400,1907.000,1
13:05:07.51500,1907.000,132
13:05:07.63200,1907.250,164
13:05:07.69500,1907.250,4
13:05:07.84300,1907.250,12
13:05:08.03900,1907.000,30
13:05:08.23000,1907.000,90
13:05:08.28900,1907.000,5
13:05:08.35500,1907.000,1
13:05:08.44500,1906.750,3
13:05:08.59300,1906.750,14
13:05:08.86300,1906.750,1
13:05:09.03500,1907.000,2
13:05:09.10500,1907.000,11
13:05:09.38200,1907.000,254
13:05:09.44900,1907.000,8
13:05:09.48400,1907.250,4
13:05:09.70300,1907.000,1
13:05:10.01500,1907.250,3
13:05:10.15600,1907.250,1
13:05:10.27300,1907.250,30
13:05:10.41000,1907.250,2
13:05:10.94500,1907.250,9
13:05:11.03500,1907.000,5
13:05:11.11700,1907.250,1
13:05:11.23800,1907.000,1
13:05:11.30400,1907.250,1
13:05:11.59300,1907.250,2
13:05:12.07400,1907.250,2
13:05:12.28900,1907.250,85
13:05:12.42500,1907.250,72
13:05:12.56200,1907.000,1
13:05:13.07800,1907.500,596
13:05:13.16700,1907.500,119
13:05:13.28100,1907.500,119
13:05:13.43300,1907.500,1
13:05:13.79200,1907.750,60
13:05:13.88600,1907.500,5
13:05:14.03100,1907.500,6
13:05:14.19900,1907.500,91
13:05:14.37800,1907.500,10
13:05:14.42100,1907.500,10
13:05:14.50300,1907.250,3
13:05:14.66700,1907.500,2
13:05:14.82400,1907.250,1
13:05:15.07400,1907.500,1
13:05:15.31600,1907.250,1
13:05:15.53900,1907.500,5
13:05:15.54600,1907.500,1
13:05:15.66400,1907.500,2
13:05:15.81200,1907.500,1
13:05:15.87500,1907.500,7
13:05:16.02700,1907.500,2
13:05:16.15200,1907.500,1
13:05:16.44900,1907.250,6
13:05:16.78900,1907.500,1
13:05:17.02700,1907.500,1
13:05:17.23800,1907.500,93
13:05:17.42100,1907.500,1
13:05:17.76100,1907.500,36
13:05:17.77300,1907.500,21
13:05:17.94500,1907.500,1
13:05:18.91000,1907.500,10
13:05:19.25300,1907.250,1
13:05:19.45700,1907.500,1
13:05:19.62500,1907.250,1
13:05:19.74600,1907.250,1
13:05:20.14000,1907.250,288
13:05:20.40200,1907.000,109
13:05:20.67500,1907.000,21
13:05:21.02300,1907.000,1
13:05:21.10500,1907.000,1
13:05:21.29600,1907.000,16
13:05:21.59700,1906.750,8
13:05:21.84700,1907.000,3
13:05:22.01500,1907.000,1
13:05:22.21000,1907.000,1
13:05:22.39000,1907.000,1
13:05:22.55800,1907.000,1
13:05:22.71800,1906.750,1
13:05:22.92100,1906.750,1
13:05:23.71800,1907.000,1
13:05:23.83200,1906.750,1
13:05:24.07400,1906.750,7
13:05:24.47200,1907.000,2
13:05:24.68300,1907.000,1
13:05:24.82800,1906.750,98
13:05:25.01100,1906.750,1
13:05:25.21400,1906.750,5
13:05:25.46000,1906.750,1
13:05:25.64000,1906.750,1
13:05:25.92500,1906.750,21
13:05:26.51900,1906.750,155
13:05:26.58900,1906.750,35
13:05:26.74600,1906.750,5
13:05:27.04200,1906.750,6
13:05:27.20700,1906.500,41
13:05:27.34300,1906.500,57
13:05:27.85100,1906.500,2
13:05:28.02300,1906.500,40
13:05:28.24200,1906.500,11
13:05:28.34700,1906.500,69
13:05:28.34700,1906.500,10
13:05:28.63600,1906.500,6
13:05:29.28100,1906.750,43
13:05:29.51900,1906.750,3
13:05:29.73400,1906.750,4
13:05:29.77700,1906.750,47
13:05:30.12100,1906.750,9
13:05:30.26500,1906.750,25
13:05:31.22600,1906.750,23
13:05:31.35100,1906.750,8
13:05:31.60100,1907.000,20
13:05:32.03500,1906.750,20
13:05:32.23000,1906.750,15
13:05:32.42500,1907.000,1
13:05:32.66400,1907.000,5
13:05:33.05000,1906.750,1
13:05:33.67100,1907.000,1
13:05:34.23400,1907.000,262
13:05:34.23800,1907.000,21
13:05:34.43300,1907.000,36
13:05:34.87800,1907.000,12
13:05:35.12800,1907.000,1
13:05:35.48400,1907.000,1
13:05:35.66000,1907.000,2
13:05:35.77300,1907.000,56
13:05:36.08500,1907.000,41
13:05:36.27300,1907.000,2
13:05:36.89800,1907.000,1
13:05:38.03500,1907.000,2
13:05:38.88200,1907.000,2
13:05:39.29200,1907.000,5
13:05:39.82000,1907.000,12
13:05:39.97200,1907.000,1
13:05:40.08200,1906.750,192
13:05:40.28900,1907.000,1
13:05:40.61300,1907.000,39
13:05:40.73000,1907.000,12
13:05:40.81600,1907.000,6
13:05:41.05800,1907.000,2
13:05:41.35900,1907.000,2
13:05:41.82400,1907.000,73
13:05:41.91400,1907.000,19
13:05:41.91400,1907.000,8
13:05:42.14800,1907.000,56
13:05:42.34700,1907.750,784
13:05:42.66700,1907.750,1259
13:05:42.66700,1907.750,4
13:05:42.67100,1907.750,188
13:05:42.67100,1907.750,31
13:05:42.67100,1907.750,33
13:05:42.67100,1907.750,15
13:05:42.76500,1907.750,98
13:05:42.88600,1907.750,1
13:05:43.17500,1907.750,1
13:05:43.28900,1907.750,12
13:05:43.60100,1907.750,13
13:05:43.78500,1907.750,4
13:05:43.86700,1907.750,1
13:05:44.16700,1907.500,383
13:05:44.33500,1907.500,100
13:05:44.72200,1907.500,45
13:05:45.07400,1907.750,161
13:05:45.09300,1907.750,309
13:05:45.21800,1907.750,7
13:05:45.30000,1907.750,1
13:05:45.47200,1907.750,2
13:05:45.61700,1907.750,1
13:05:45.88200,1907.750,2
13:05:46.07000,1907.750,1
13:05:46.26900,1907.500,64
13:05:46.67100,1907.500,184
13:05:46.97200,1907.750,121
13:05:47.08500,1907.750,1
13:05:47.21800,1907.750,11
13:05:47.39400,1907.750,10
13:05:47.68300,1907.750,2
13:05:47.91700,1907.750,11
13:05:48.13600,1907.750,3
13:05:48.60900,1907.750,10
13:05:48.67100,1907.500,2
13:05:48.82400,1907.750,82
13:05:49.16400,1907.500,2
13:05:49.81200,1907.750,100
13:05:50.29200,1908.000,3
13:05:50.57400,1908.000,4
13:05:50.67100,1907.750,1
13:05:50.85500,1908.000,1
13:05:51.05800,1907.750,1
13:05:51.20700,1907.750,1
13:05:51.59300,1908.000,2
13:05:51.88200,1907.750,1
13:05:52.11300,1907.750,1
13:05:52.31200,1908.000,1
13:05:52.67100,1907.750,2
13:05:52.82400,1907.750,51
13:05:52.92100,1907.750,9
13:05:53.17900,1907.750,6
13:05:53.33500,1908.000,32
13:05:53.44100,1908.000,6
13:05:54.08500,1908.000,5
13:05:54.49600,1908.000,1
13:05:54.87500,1908.000,417
13:05:55.06200,1908.000,110
13:05:55.16700,1908.000,32
13:05:55.47600,1908.000,9
13:05:55.48800,1908.000,4
13:05:55.64400,1908.000,17
13:05:55.87800,1908.250,13
13:05:56.05400,1908.250,28
13:05:56.23400,1908.250,1
13:05:56.46000,1908.250,1
13:05:56.62800,1908.250,2
13:05:56.83200,1908.250,21
13:05:57.05800,1908.250,2
13:05:57.36700,1908.250,2
13:05:57.44500,1908.250,39
13:05:57.62800,1908.500,234
13:05:57.64400,1908.500,647
13:05:57.66000,1908.500,40
13:05:57.84700,1908.500,28
13:05:58.08200,1908.500,6
13:05:58.41000,1908.500,54
13:05:58.47600,1908.500,12
13:05:58.51900,1908.500,10
13:05:58.62800,1908.250,1
13:05:58.87500,1908.500,3
13:05:59.17100,1908.500,1
13:05:59.30400,1908.500,4
13:05:59.66400,1908.500,8
13:05:59.73400,1908.750,859
13:05:59.80400,1908.750,194
13:06:00.09300,1909.000,196
13:06:00.17500,1908.750,9
13:06:00.44500,1908.750,2
13:06:00.51500,1908.750,3
13:06:00.59700,1909.000,5
13:06:00.72600,1909.000,1
13:06:00.87100,1908.750,4
13:06:01.15200,1908.750,7
13:06:01.22600,1909.000,2
13:06:01.39000,1909.000,14
13:06:01.84700,1908.750,7
13:06:02.05400,1908.750,279
13:06:02.21400,1908.750,92
13:06:02.30400,1908.750,20
13:06:02.39800,1909.000,4
13:06:02.39800,1908.750,17
13:06:02.45300,1909.000,12
13:06:02.57000,1909.000,2
13:06:02.71000,1908.500,32
13:06:02.83500,1908.750,1
13:06:03.12800,1908.500,27
13:06:03.24200,1908.750,31
13:06:03.34300,1908.750,2
13:06:03.73400,1908.750,16
13:06:04.10900,1908.500,2
13:06:04.21400,1908.500,1
13:06:04.37800,1908.750,1
13:06:04.49200,1908.500,22
13:06:04.56600,1908.750,3
13:06:04.67100,1908.750,3
13:06:04.73400,1908.500,5
13:06:04.90600,1908.500,2
13:06:04.95700,1908.750,1
13:06:05.05400,1908.750,1
13:06:05.23800,1908.500,6
13:06:05.26500,1908.500,1
13:06:05.53500,1908.500,3
13:06:05.86300,1908.750,1
13:06:06.70300,1908.750,148
13:06:06.80000,1908.750,4
13:06:06.91400,1908.750,7
13:06:07.05400,1908.750,49
13:06:07.16700,1908.500,1
13:06:07.32000,1908.750,4
13:06:07.34300,1908.750,1
13:06:07.77700,1908.500,10
13:06:07.85900,1908.750,1
13:06:08.19900,1908.500,189
13:06:08.61700,1908.500,111
13:06:09.07400,1908.500,36
13:06:09.22200,1908.750,6
13:06:09.44500,1908.500,2
13:06:09.64400,1908.500,1
13:06:09.82000,1908.500,5
13:06:09.83200,1908.500,10
13:06:10.26500,1908.750,198
13:06:10.27300,1908.750,14
13:06:10.27300,1908.750,34
13:06:10.51100,1908.750,56
13:06:10.57800,1908.750,1
13:06:10.74200,1908.750,29
13:06:11.17900,1908.750,30
13:06:11.30000,1908.750,188
13:06:11.35500,1908.750,1
13:06:11.55000,1908.750,25
13:06:11.76100,1908.750,62
13:06:12.03500,1908.750,4
13:06:12.08900,1908.750,7
13:06:12.50700,1908.750,5
13:06:12.64400,1909.000,2
13:06:13.30800,1908.750,1
13:06:13.50000,1908.750,1
13:06:13.94900,1908.750,132
13:06:14.15200,1908.750,8
13:06:14.26100,1908.750,2
13:06:14.43700,1908.750,113
13:06:14.66000,1908.750,5
13:06:14.85100,1908.750,6
13:06:15.04200,1908.500,52
13:06:15.57400,1908.500,140
13:06:15.57800,1908.500,195
13:06:16.07000,1908.250,15
13:06:16.25300,1908.250,349
13:06:16.32400,1908.250,9
13:06:16.42500,1908.250,7
13:06:16.69500,1908.250,1
13:06:17.46000,1908.250,3
13:06:17.55000,1908.500,3
13:06:17.67500,1908.250,8
13:06:17.75700,1908.500,19
13:06:17.83200,1908.250,1
13:06:18.01100,1908.250,84
13:06:18.12800,1908.250,1
13:06:18.27300,1908.250,25
13:06:18.32800,1908.250,6
13:06:18.51500,1908.000,30
13:06:18.67900,1908.250,5
13:06:19.03500,1908.250,2
13:06:19.13200,1908.000,2
13:06:19.44900,1908.250,3
13:06:19.96000,1908.000,1
13:06:20.05000,1908.000,1
13:06:20.36300,1908.250,1
13:06:20.55000,1908.250,1
13:06:20.75300,1908.250,93
13:06:20.87800,1908.250,64
13:06:21.14800,1908.250,21
13:06:22.06200,1908.250,2
13:06:22.14000,1908.250,1
13:06:22.32000,1908.500,26
13:06:22.41000,1908.250,41
13:06:22.51900,1908.250,177
13:06:23.06200,1908.500,19
13:06:23.69100,1908.250,2
13:06:24.07000,1908.250,114
13:06:24.08500,1908.250,6
13:06:24.41400,1908.250,1
13:06:24.71400,1908.000,301
13:06:24.80400,1908.000,51
13:06:24.87800,1908.250,4
13:06:24.96400,1908.250,174
13:06:25.12500,1908.250,32
13:06:25.72600,1908.250,46
13:06:25.81600,1908.500,105
13:06:25.83900,1908.250,1
13:06:26.40600,1908.250,12
13:06:28.09300,1908.250,6
13:06:28.38200,1908.000,1
13:06:28.55800,1908.000,92
13:06:29.09300,1907.750,18
13:06:29.49600,1907.750,7
13:06:29.89800,1908.000,1
13:06:30.07400,1908.000,1
13:06:30.39400,1907.750,216
13:06:30.62500,1907.750,1
13:06:31.33900,1907.750,47
13:06:31.66000,1907.500,156
13:06:32.02700,1908.000,41
13:06:32.29200,1907.750,1
13:06:32.42100,1908.000,4
13:06:32.50000,1908.000,2
13:06:32.76500,1907.750,49
13:06:33.16700,1907.750,1
13:06:33.73800,1907.750,3
13:06:33.83500,1907.750,30
13:06:33.93700,1908.000,1
13:06:34.50300,1908.000,127
13:06:34.57000,1908.000,1
13:06:34.78500,1908.000,1
13:06:35.03100,1908.000,1
13:06:35.28900,1908.000,1
13:06:36.29200,1908.250,51
13:06:36.69100,1908.000,1
13:06:37.65200,1908.000,6
13:06:38.10500,1908.000,1
13:06:38.41000,1908.000,2
13:06:39.25700,1908.000,6
13:06:39.91700,1908.000,3
13:06:40.37800,1908.250,2
13:06:40.69500,1908.250,1
13:06:41.16000,1908.000,34
13:06:41.33500,1908.250,1
13:06:42.23800,1908.000,2
13:06:42.60100,1908.250,24
13:06:42.93300,1908.000,1
13:06:43.01900,1908.000,10
13:06:43.35900,1908.000,1
13:06:43.67500,1908.000,10
13:06:43.84300,1908.000,10
13:06:44.15600,1908.250,10
13:06:44.60100,1908.250,5
13:06:44.87500,1908.250,121
13:06:45.30400,1908.250,85
13:06:45.51100,1908.000,1
13:06:45.60500,1908.250,44
13:06:46.02300,1908.500,10
13:06:46.28500,1908.250,1
13:06:46.44500,1908.250,78
13:06:46.77700,1908.250,15
13:06:47.16000,1908.250,1
13:06:47.64400,1908.500,3
13:06:47.89800,1908.500,1
13:06:48.51500,1908.750,202
13:06:48.58200,1908.500,13
13:06:49.17500,1908.250,1
13:06:49.37500,1908.500,1
13:06:49.70300,1908.500,4
13:06:49.96800,1908.250,2
13:06:50.24600,1908.250,2
13:06:50.49600,1908.250,1
13:06:51.23000,1908.500,1
13:06:51.44500,1908.500,37
13:06:51.71400,1908.500,2
13:06:51.92100,1908.500,10
13:06:52.22600,1908.500,2
13:06:52.53100,1908.500,1
13:06:52.61300,1908.750,32
13:06:52.90600,1908.750,1
13:06:53.05400,1908.750,1
13:06:53.73400,1908.500,6
13:06:53.88600,1908.750,2
13:06:54.83900,1908.750,1
13:06:55.71400,1908.750,6
13:06:55.89800,1908.750,1
13:06:56.10900,1908.750,52
13:06:56.47200,1908.750,5
13:06:56.58900,1908.750,6
13:06:56.75700,1908.500,116
13:06:56.84700,1908.750,1
13:06:57.94900,1908.500,75
13:06:58.09300,1908.500,23
13:06:58.29200,1908.500,30
13:06:58.42100,1908.250,2
13:06:58.52700,1908.500,5
13:06:59.54200,1908.500,1
13:07:00.03900,1908.250,17
13:07:00.16400,1908.500,9
13:07:00.53100,1908.500,1
13:07:01.27300,1908.250,236
13:07:02.25700,1908.250,1
13:07:02.61300,1908.500,27
13:07:04.34700,1908.250,4
13:07:04.55000,1908.500,190
13:07:05.02300,1908.750,6
13:07:05.32000,1908.750,26
13:07:05.66400,1908.500,1
13:07:06.13200,1909.000,194
13:07:06.38600,1909.250,836
13:07:06.39800,1909.250,107
13:07:06.52300,1909.250,5
13:07:07.03500,1909.250,1
13:07:07.22200,1909.250,1
13:07:07.31600,1909.250,24
13:07:07.50700,1909.250,63
13:07:07.51500,1909.250,17
13:07:07.70700,1909.500,66
13:07:07.76100,1909.500,3
13:07:07.91700,1909.250,2
13:07:08.10500,1909.250,6
13:07:08.28100,1909.500,3
13:07:08.52700,1909.500,2
13:07:08.68300,1909.750,532
13:07:08.90200,1909.750,23
13:07:09.00300,1909.500,1
13:07:09.20700,1909.750,12
13:07:09.32800,1909.750,1
13:07:09.58200,1909.750,4
13:07:09.85500,1909.500,1
13:07:10.03900,1909.500,201
13:07:10.05800,1909.250,497
13:07:10.06200,1909.250,74
13:07:10.34700,1909.500,128
13:07:10.61300,1909.500,4
13:07:10.85900,1909.250,9
13:07:11.11300,1909.500,51
13:07:11.33900,1909.500,9
13:07:11.45700,1909.250,4
13:07:11.76100,1909.500,1
13:07:12.10500,1909.500,16
13:07:12.28900,1909.500,2
13:07:12.56200,1909.500,2
13:07:12.86300,1909.500,3
13:07:13.12100,1909.500,67
13:07:13.18300,1909.500,43
13:07:13.45300,1909.500,40
13:07:13.54200,1909.500,9
13:07:13.67900,1909.500,67
13:07:13.74600,1909.500,42
13:07:13.92100,1909.500,15
13:07:14.01900,1909.250,26
13:07:14.58500,1909.750,104
13:07:14.68300,1909.500,1
13:07:14.81200,1909.750,2
13:07:15.25700,1909.500,61
13:07:15.53900,1909.500,1
13:07:15.87500,1909.500,107
13:07:16.55000,1909.500,2
13:07:16.77700,1909.250,3
13:07:17.10900,1909.000,103
13:07:17.17500,1909.250,1
13:07:17.25000,1909.000,71
13:07:17.50000,1909.250,1
13:07:17.54200,1909.250,1
13:07:17.78100,1909.250,1
13:07:18.20700,1909.000,8
13:07:18.38600,1909.250,1
13:07:19.02300,1909.250,6
13:07:20.17500,1909.250,2
13:07:20.44900,1909.000,123
13:07:20.85100,1909.000,173
13:07:21.14800,1909.250,26
13:07:21.23000,1909.000,1
13:07:21.33500,1909.250,25
13:07:21.48400,1909.250,1
13:07:21.62800,1909.000,1
13:07:22.07800,1909.250,1
13:07:22.26100,1909.000,2
13:07:23.56600,1909.250,83
13:07:24.21000,1909.250,126
13:07:24.24600,1909.250,13
13:07:24.30000,1909.250,41
13:07:24.63600,1909.000,4
13:07:25.13200,1909.000,1
13:07:25.59700,1909.250,104
13:07:25.70700,1909.250,24
13:07:25.95300,1909.250,1
13:07:26.53100,1909.500,357
13:07:26.53100,1909.500,40
13:07:26.59300,1909.500,1
13:07:26.71400,1909.500,2
13:07:26.85100,1909.500,1
13:07:27.21400,1909.750,1
13:07:27.35500,1909.500,2
13:07:27.71000,1909.500,2
13:07:27.74200,1909.750,1
13:07:27.92900,1909.500,42
13:07:28.02700,1909.500,97
13:07:28.26100,1909.500,2
13:07:28.54600,1909.500,34
13:07:28.57000,1909.500,5
13:07:29.07800,1909.500,1
13:07:29.19900,1909.500,21
13:07:29.41000,1909.500,22
13:07:29.52700,1909.500,19
13:07:29.62500,1909.500,11
13:07:29.72200,1909.500,2
13:07:29.80400,1909.500,60
13:07:29.91000,1909.500,7
13:07:30.37500,1909.500,1
13:07:30.66000,1909.500,4
13:07:30.71000,1909.500,4
13:07:30.85500,1909.500,36
13:07:31.43300,1909.500,1
13:07:31.63200,1909.500,3
13:07:31.74600,1909.500,28
13:07:32.26100,1909.500,49
13:07:32.69500,1909.250,101
13:07:33.30400,1909.250,54
13:07:33.31600,1909.500,103
13:07:33.52300,1909.500,3
13:07:34.23800,1909.500,52
13:07:34.42500,1909.250,3
13:07:34.60900,1909.250,2
13:07:34.92500,1909.250,3
13:07:35.05000,1909.500,44
13:07:35.37500,1909.500,30
13:07:35.63200,1909.250,1
13:07:37.15200,1909.250,70
13:07:38.05800,1909.250,69
13:07:38.09700,1909.250,3
13:07:38.24600,1909.000,1
13:07:38.36700,1909.000,100
13:07:38.46000,1909.000,1
13:07:39.09300,1909.250,142
13:07:39.15600,1909.000,3
13:07:39.45700,1909.250,2
13:07:39.51900,1909.250,1
13:07:40.16700,1909.250,1
13:07:40.51900,1909.250,2
13:07:40.86300,1909.000,1
13:07:41.10500,1909.250,102
13:07:41.21000,1909.250,36
13:07:41.33900,1909.500,25
13:07:41.38600,1909.500,8
13:07:41.50300,1909.500,2
13:07:41.63600,1909.500,3
13:07:41.76100,1909.500,2
13:07:41.89800,1909.500,2
13:07:42.07000,1909.500,3
13:07:42.32400,1909.500,3
13:07:42.62500,1909.500,117
13:07:42.66700,1909.500,1
13:07:42.80800,1909.500,1
13:07:42.94900,1909.250,2
13:07:43.09300,1909.250,1
13:07:43.27700,1909.250,40
13:07:43.35900,1909.250,31
13:07:43.47200,1909.000,212
13:07:43.82800,1909.000,2
13:07:44.42900,1909.250,1
13:07:45.33200,1909.250,1
13:07:45.46800,1909.250,28
13:07:45.51500,1909.250,1
13:07:46.59300,1909.250,1
13:07:46.67900,1909.250,1
13:07:47.40600,1909.000,11
13:07:47.60500,1909.000,46
13:07:47.67500,1909.000,66
13:07:47.95700,1909.000,1
13:07:49.04200,1909.000,1
13:07:49.57800,1908.750,6
13:07:49.84300,1909.000,1
13:07:50.11300,1909.000,9
13:07:50.32400,1908.750,1
13:07:50.46000,1909.000,1
13:07:50.58200,1909.000,36
13:07:50.67100,1909.000,1
13:07:50.82000,1909.000,1
13:07:51.18700,1909.250,1
13:07:51.62800,1909.250,133
13:07:51.66400,1909.250,1
13:07:52.04600,1909.250,1
13:07:52.25300,1909.250,1
13:07:52.41400,1909.000,1
13:07:52.52700,1909.250,1
13:07:52.94500,1909.250,33
13:07:52.96800,1909.500,1
13:07:53.20300,1909.250,58
13:07:53.32000,1909.250,5
13:07:54.01900,1909.250,1
13:07:54.38600,1909.500,31
13:07:54.47600,1909.250,1
13:07:54.59300,1909.500,1
13:07:54.89000,1909.250,12
13:07:55.20700,1909.000,3
13:07:55.42900,1909.000,1
13:07:55.56600,1909.250,1
13:07:56.01100,1909.250,1
13:07:56.44900,1909.250,25
13:07:56.79200,1909.250,1
13:07:57.26500,1909.500,14
13:07:57.37100,1909.250,7
13:07:57.70300,1909.250,2
13:07:57.80800,1909.250,2
13:07:58.19500,1909.250,6
13:07:58.31200,1909.250,50
13:07:58.58500,1909.000,104
13:07:58.61700,1909.250,26
13:07:58.71800,1909.250,1
13:07:58.96000,1909.250,2
13:07:59.29600,1909.250,3
13:07:59.63200,1909.250,32
13:07:59.93300,1909.000,1
13:08:00.77300,1909.500,43
13:08:01.03100,1909.500,1
13:08:01.32000,1909.500,1
13:08:02.15600,1909.250,21
13:08:02.26100,1909.500,67
13:08:02.91400,1909.500,1
13:08:03.66400,1909.500,12
13:08:04.01100,1909.250,75
13:08:04.30000,1909.250,1
13:08:04.41700,1909.250,36
13:08:04.68700,1909.250,17
13:08:04.85100,1909.000,2
13:08:05.62800,1909.250,51
13:08:05.90200,1909.500,3
13:08:06.31200,1909.250,74
13:08:06.42500,1909.500,5
13:08:06.69500,1909.000,80
13:08:06.92500,1908.750,437
13:08:06.94500,1908.750,149
13:08:07.08500,1908.500,59
13:08:07.17500,1908.750,1
13:08:07.42500,1908.500,63
13:08:07.59700,1908.750,1
13:08:08.27700,1908.750,18
13:08:08.53900,1909.000,35
13:08:08.63200,1909.000,1
13:08:09.56200,1908.750,35
13:08:09.64800,1908.750,5
13:08:10.01900,1908.500,2
13:08:10.17500,1908.500,14
13:08:10.94500,1908.750,1
13:08:11.86700,1908.500,18
13:08:12.13200,1908.750,2
13:08:13.35900,1908.500,653
13:08:13.41700,1908.500,1
13:08:13.87800,1908.750,11
13:08:14.14400,1908.750,3
13:08:14.57000,1908.750,20
13:08:14.92500,1908.750,2
13:08:15.03100,1908.750,115
13:08:15.11300,1908.500,174
13:08:15.11700,1908.500,17
13:08:15.33500,1908.500,3
13:08:15.47200,1908.500,181
13:08:15.54200,1908.500,90
13:08:16.01100,1908.500,38
13:08:16.11700,1908.500,175
13:08:16.19500,1908.250,7
13:08:16.29600,1908.500,2
13:08:16.42100,1908.500,1
13:08:17.35500,1908.250,2
13:08:17.89000,1908.250,1
13:08:18.54200,1908.500,17
13:08:18.61300,1908.500,115
13:08:19.07800,1908.750,3
13:08:19.48800,1908.500,104
13:08:20.06600,1908.500,1
13:08:21.37500,1908.750,256
13:08:21.42500,1908.750,232
13:08:21.47200,1908.750,1
13:08:22.12500,1908.750,7
13:08:22.37800,1908.750,46
13:08:22.87800,1909.000,10
13:08:23.26900,1908.750,1
13:08:23.84300,1909.000,23
13:08:24.06200,1908.750,241
13:08:24.06200,1908.750,63
13:08:24.26900,1908.750,55
13:08:24.45700,1908.500,3
13:08:25.60100,1908.500,176
13:08:26.35100,1908.750,110
13:08:26.60100,1908.500,2
13:08:27.11300,1908.750,80
13:08:27.19900,1908.750,34
13:08:27.65200,1908.750,2
13:08:28.15200,1908.750,13
13:08:29.92900,1908.750,1
13:08:30.87800,1909.000,2
13:08:31.19900,1908.750,15
13:08:31.26500,1908.750,2
13:08:31.42100,1909.000,1
13:08:32.30800,1908.750,2
13:08:32.37100,1908.750,74
13:08:32.55800,1908.750,33
13:08:33.23800,1908.750,1
13:08:34.04200,1909.000,1
13:08:34.27300,1908.750,1
13:08:34.38200,1908.750,1
13:08:34.50700,1908.750,2
13:08:34.86300,1908.750,37
13:08:35.35100,1908.750,2
13:08:35.66400,1908.500,278
13:08:35.82000,1908.500,5
13:08:36.37100,1908.500,15
13:08:36.74600,1908.500,43
13:08:36.77300,1908.500,1
13:08:36.97200,1908.250,2
13:08:37.10900,1908.500,1
13:08:38.02300,1908.500,2
13:08:38.65200,1908.500,4
13:08:39.76500,1908.250,117
13:08:39.97200,1908.250,87
13:08:40.76500,1908.000,20
13:08:41.01900,1908.000,2
13:08:41.02700,1908.250,20
13:08:41.19100,1908.250,1
13:08:41.30400,1908.000,5
13:08:41.92100,1908.250,188
13:08:42.71000,1908.250,2
13:08:42.87800,1908.250,125
13:08:43.30400,1908.500,1
13:08:43.57000,1908.500,107
13:08:43.66700,1908.500,102
13:08:43.74600,1908.250,10
13:08:43.91700,1908.500,47
13:08:44.51100,1908.250,11
13:08:44.65600,1908.250,10
13:08:45.62500,1908.500,2
13:08:47.09700,1908.250,3
13:08:47.45300,1908.250,2
13:08:48.25300,1908.500,2
13:08:48.32400,1908.500,1
13:08:48.72200,1908.250,59
13:08:48.79600,1908.250,9
13:08:48.85100,1908.250,11
13:08:49.50700,1908.500,1
13:08:49.77700,1908.250,5
13:08:49.80400,1908.500,5
13:08:49.87100,1908.500,2
13:08:50.49200,1908.500,8
13:08:50.55800,1908.500,1
13:08:50.60900,1908.500,4
13:08:51.48800,1908.250,20
13:08:51.69100,1908.250,2
13:08:51.92500,1908.250,5
13:08:52.02300,1908.250,42
13:08:52.08200,1908.250,50
13:08:52.51100,1908.250,23
13:08:52.65600,1908.000,11
13:08:52.80000,1908.250,5
13:08:53.42500,1908.250,1
13:08:54.01100,1908.250,1
13:08:55.57000,1908.250,46
13:08:55.63600,1908.250,7
13:08:55.68700,1908.250,7
13:08:55.81200,1908.250,1
13:08:55.94500,1908.250,1
13:08:56.44500,1908.000,3
13:08:56.97200,1908.250,2
13:08:57.46000,1908.250,2
13:08:57.69100,1908.250,1
13:08:58.27700,1908.000,134
13:08:58.32400,1908.000,68
13:08:58.33900,1908.000,63
13:08:58.51100,1908.000,115
13:08:58.66000,1908.000,70
13:08:58.86300,1908.000,9
13:08:59.12800,1908.000,11
13:08:59.34700,1908.000,53
13:08:59.39000,1908.000,6
13:08:59.44500,1908.250,25
13:09:00.34700,1908.000,4
13:09:00.96000,1908.000,1
13:09:01.66700,1908.250,56
13:09:01.68300,1908.250,38
13:09:02.23000,1908.250,60
13:09:02.32000,1908.250,36
13:09:04.73800,1908.250,1
13:09:06.13200,1908.250,26
13:09:06.47200,1908.250,3
13:09:07.64000,1908.250,87
13:09:07.75300,1908.250,41
13:09:07.96400,1908.250,1
13:09:08.15600,1908.250,67
13:09:08.51900,1908.250,2
13:09:09.66700,1908.000,1
13:09:09.84300,1908.250,1
13:09:10.92500,1908.250,2
13:09:11.62800,1908.000,2
13:09:12.19100,1908.000,2
13:09:12.91400,1908.000,2
13:09:13.16700,1908.250,1
13:09:14.17900,1908.000,2
13:09:14.90200,1908.000,1
13:09:15.69500,1908.250,44
13:09:15.80400,1908.250,49
13:09:16.86700,1908.250,4
13:09:17.28100,1908.250,27
13:09:18.12800,1908.500,112
13:09:18.49200,1908.500,1
13:09:18.77300,1908.500,45
13:09:19.19500,1908.250,21
13:09:19.35500,1908.500,185
13:09:20.02700,1908.500,57
13:09:20.02700,1908.500,20
13:09:20.12500,1908.500,16
13:09:20.20700,1908.500,16
13:09:20.39800,1908.750,1
13:09:20.74200,1908.500,49
13:09:20.78900,1908.500,49
13:09:21.11700,1908.750,70
13:09:21.43300,1908.750,3
13:09:21.53900,1908.750,1
13:09:21.85100,1909.000,11
13:09:22.50700,1908.750,2
13:09:22.78100,1908.750,83
13:09:23.00300,1908.750,95
13:09:23.73400,1908.500,10
13:09:23.91000,1908.750,5
13:09:24.19500,1908.500,102
13:09:25.12500,1908.750,5
13:09:25.54600,1908.500,55
13:09:25.92900,1908.500,4
13:09:26.23800,1908.500,5
13:09:26.45300,1908.500,65
13:09:26.82000,1908.500,1
13:09:27.25700,1908.500,1
13:09:27.40200,1908.500,8
13:09:28.23000,1908.250,2
13:09:28.48800,1908.500,1
13:09:28.64000,1908.250,2
13:09:28.80800,1908.250,2
13:09:28.84700,1908.250,1
13:09:29.28100,1908.500,1
13:09:29.48000,1908.500,1
13:09:30.12800,1908.250,1
13:09:30.45700,1908.500,1
13:09:30.60900,1908.500,1
13:09:30.87500,1908.250,1
13:09:31.64000,1908.500,141
13:09:33.01500,1908.250,2
13:09:33.83200,1908.500,10
13:09:34.85500,1908.250,58
13:09:34.89800,1908.250,96
13:09:34.95300,1908.500,1
13:09:35.27700,1908.500,5
13:09:37.57400,1908.500,39
13:09:37.87100,1908.500,1
13:09:38.03100,1908.500,1
13:09:38.79600,1908.500,24
13:09:39.06600,1908.500,11
13:09:39.29200,1908.500,16
13:09:39.59700,1908.250,2
13:09:40.17100,1908.500,1
13:09:40.38600,1908.250,1
13:09:41.75000,1908.250,5
13:09:43.57800,1908.500,29
13:09:44.05800,1908.500,2
13:09:44.17500,1908.500,1
13:09:44.51500,1908.500,40
13:09:44.74600,1908.750,2
13:09:45.33200,1908.750,111
13:09:45.44500,1908.500,18
13:09:46.00000,1908.500,5
13:09:46.15600,1908.500,2
13:09:47.25300,1908.500,16
13:09:47.80400,1908.500,32
13:09:49.28500,1908.500,18
13:09:50.82800,1908.500,10
13:09:52.42900,1908.500,26
13:09:53.32000,1908.750,304
13:09:53.66400,1908.750,1
13:09:54.03500,1908.500,1
13:09:54.28900,1908.500,5
13:09:54.61300,1908.500,43
13:09:54.75700,1908.250,1
13:09:54.80400,1908.500,1
13:09:55.29600,1908.500,1
13:09:56.08900,1908.250,1
13:09:57.64400,1908.500,1
13:09:58.05400,1908.250,144
13:09:58.19900,1908.250,99
13:09:58.23800,1908.250,8
13:09:58.68300,1908.000,4
13:09:59.12500,1908.000,3
13:09:59.21400,1908.250,1
13:09:59.93700,1908.250,6
13:10:00.20300,1908.250,73
13:10:00.30800,1908.500,11
13:10:00.35500,1908.500,3
13:10:00.51100,1908.500,1
13:10:00.78900,1908.250,1
13:10:01.35900,1908.250,38
13:10:01.52300,1908.250,5
13:10:01.75300,1908.250,1
13:10:02.71800,1908.250,16
13:10:03.12500,1908.250,38
13:10:03.63600,1908.250,2
13:10:04.37500,1908.250,1
13:10:04.67500,1908.000,1
13:10:05.27300,1908.000,2
13:10:06.53500,1908.000,1
13:10:07.56200,1908.000,1
13:10:07.79600,1908.250,207
13:10:08.00700,1908.250,1
13:10:08.15200,1908.250,36
13:10:08.55800,1908.500,21
13:10:08.79600,1908.250,53
13:10:08.87100,1908.250,4
13:10:09.11700,1908.250,58
13:10:09.11700,1908.250,36
13:10:10.14800,1908.500,70
13:10:11.13200,1908.250,15
13:10:11.56600,1908.250,7
13:10:11.76500,1908.250,1
13:10:12.14800,1908.000,353
13:10:12.17900,1908.000,9
13:10:12.28500,1908.000,5
13:10:12.43300,1907.750,1
13:10:12.54600,1908.000,2
13:10:12.76100,1908.000,31
13:10:13.47600,1907.500,626
13:10:13.56200,1907.750,77
13:10:13.68300,1907.750,8
13:10:13.82800,1907.750,1
13:10:13.87100,1907.750,2
13:10:14.08500,1907.750,4
13:10:14.28500,1907.750,7
13:10:14.62500,1907.750,1
13:10:14.85500,1907.750,4
13:10:15.05400,1907.750,51
13:10:15.64400,1908.000,21
13:10:15.86300,1907.750,1
13:10:16.00300,1907.750,1
13:10:16.85100,1907.750,26
13:10:17.61700,1907.750,1
13:10:17.67100,1907.750,2
13:10:17.85900,1907.750,86
13:10:17.85900,1907.750,16
13:10:17.94900,1907.750,3
13:10:18.24200,1907.500,2
13:10:18.68700,1907.750,5
13:10:19.43700,1907.750,1
13:10:19.82400,1907.500,328
13:10:19.82800,1907.500,53
13:10:19.82800,1907.500,36
13:10:19.82800,1907.500,45
13:10:19.82800,1907.500,39
13:10:19.83500,1907.500,24
13:10:19.83900,1907.500,1
13:10:20.09700,1907.250,17
13:10:20.37800,1907.250,3
13:10:21.10900,1907.500,12
13:10:21.37500,1907.250,1
13:10:21.57000,1907.250,2
13:10:21.62800,1907.250,2
13:10:21.85500,1907.250,1
13:10:22.19100,1907.250,1
13:10:22.21400,1907.250,1
13:10:22.51100,1907.250,6
13:10:22.61700,1907.250,4
13:10:22.81600,1907.250,3
13:10:23.01100,1907.500,1
13:10:23.19100,1907.250,1
13:10:23.69100,1907.250,183
13:10:24.49600,1907.500,150
13:10:24.67500,1907.250,1
13:10:24.77700,1907.250,5
13:10:24.84700,1907.250,1
13:10:25.14400,1907.250,1
13:10:25.86300,1907.250,3
13:10:26.05000,1907.500,3
13:10:26.07000,1907.250,1
13:10:26.62500,1907.250,3
13:10:27.05000,1907.250,80
13:10:27.08900,1907.500,1
13:10:27.35100,1907.250,2
13:10:27.81200,1907.250,2
13:10:27.90200,1907.250,8
13:10:28.05800,1907.250,3
13:10:28.73000,1907.250,3
13:10:28.82800,1907.250,1
13:10:29.50000,1907.250,2
13:10:29.85100,1907.250,1
13:10:30.17100,1907.250,14
13:10:30.94100,1907.250,1
13:10:31.17900,1907.250,1
13:10:31.41400,1907.500,1
13:10:31.67900,1907.250,1
13:10:32.08900,1907.250,1
13:10:32.41700,1907.250,106
13:10:32.48400,1907.000,216
13:10:32.57400,1907.000,1
13:10:32.87800,1906.750,668
13:10:32.88600,1906.500,11
13:10:33.23000,1906.750,121
13:10:33.65200,1907.000,177
13:10:33.71800,1906.750,2
13:10:33.76100,1906.750,1
13:10:33.97200,1906.750,6
13:10:34.02700,1906.750,1
13:10:34.20700,1907.000,20
13:10:34.37100,1907.000,30
13:10:34.58200,1906.750,1
13:10:34.79600,1907.000,125
13:10:35.06200,1906.750,2
13:10:35.27300,1906.750,6
13:10:35.35900,1907.000,20
13:10:35.62500,1907.000,2
13:10:35.72200,1907.000,1
13:10:36.16000,1906.750,2
13:10:36.49600,1907.000,44
13:10:36.60900,1907.000,81
13:10:36.90200,1907.000,45
13:10:37.10900,1907.000,36
13:10:37.75300,1906.750,140
13:10:37.80800,1907.000,39
13:10:38.16400,1907.250,15
13:10:38.28500,1907.000,1
13:10:38.43300,1907.250,34
13:10:38.51500,1907.500,3
13:10:39.14400,1907.250,50
13:10:39.82000,1907.250,6
13:10:40.01900,1907.500,1
13:10:41.57400,1907.500,5
13:10:42.42100,1907.250,119
13:10:42.50000,1907.250,1
13:10:42.64400,1907.000,5
13:10:43.17900,1907.000,2
13:10:43.79200,1907.000,124
13:10:43.93300,1907.000,47
13:10:44.26900,1907.000,3
13:10:44.41000,1907.000,11
13:10:45.81600,1906.750,6
13:10:45.95300,1907.000,1
13:10:46.10900,1907.000,1
13:10:46.71400,1907.000,1
13:10:48.72600,1906.750,2
13:10:49.10500,1907.000,278
13:10:49.24200,1907.000,98
13:10:49.45300,1907.000,1
13:10:49.64400,1907.000,6
13:10:50.29600,1907.000,25
13:10:50.49600,1907.000,3
13:10:50.60100,1907.000,6
13:10:50.95300,1907.000,5
13:10:51.15200,1907.000,3
13:10:51.53500,1907.000,1
13:10:51.90600,1907.250,12
13:10:52.66400,1907.250,54
13:10:53.87100,1907.000,7
13:10:54.69500,1907.000,5
13:10:55.84300,1907.250,98
13:10:55.91400,1907.000,1
13:10:56.30400,1907.000,3
13:10:56.34700,1907.000,1
13:10:56.91700,1907.000,2
13:10:57.30800,1907.000,5
13:10:58.89400,1907.000,1
13:10:59.33500,1907.250,81
13:10:59.83900,1907.250,4
13:11:02.15200,1907.250,29
13:11:02.22600,1907.000,10
13:11:03.21800,1907.000,1
13:11:03.83900,1907.000,1
13:11:05.17500,1907.250,5
13:11:05.51100,1907.000,1
13:11:05.60100,1907.000,3
13:11:05.96400,1907.000,178
13:11:06.00300,1907.000,5
13:11:06.21400,1907.000,4
13:11:06.67500,1907.250,2
13:11:06.94500,1907.000,1
13:11:07.31600,1907.000,2
13:11:08.14000,1907.000,1
13:11:09.03900,1907.250,2
13:11:09.58200,1907.250,2
13:11:09.94500,1907.250,15
13:11:10.34300,1907.250,1
13:11:10.58900,1907.250,223
13:11:11.01900,1907.250,7
13:11:11.15200,1907.500,5
13:11:11.60500,1907.250,118
13:11:11.70700,1907.250,8
13:11:12.16000,1907.250,70
13:11:12.63600,1907.250,34
13:11:13.16400,1907.250,42
13:11:13.50700,1907.000,1
13:11:14.19500,1907.000,153
13:11:14.32800,1907.000,29
13:11:14.69100,1907.000,2
13:11:15.10100,1907.000,1
13:11:15.42500,1906.750,10
13:11:15.81600,1907.000,5
13:11:16.18300,1906.750,1
13:11:17.16000,1906.750,2
13:11:17.26500,1907.000,1
13:11:18.73800,1906.750,54
13:11:18.73800,1906.750,47
13:11:18.95700,1906.750,1
13:11:19.16700,1906.750,134
13:11:19.83200,1906.750,11
13:11:20.17500,1906.750,5
13:11:20.73400,1906.500,202
13:11:20.90600,1906.500,102
13:11:21.19100,1906.500,9
13:11:21.42500,1906.500,2
13:11:21.54200,1906.250,15
13:11:21.67500,1906.500,38
13:11:22.46000,1906.500,1
13:11:22.58200,1906.500,2
13:11:22.66000,1906.500,1
13:11:22.79200,1906.750,5
13:11:22.90200,1906.750,2
13:11:24.18300,1906.500,1
13:11:24.80400,1906.500,56
13:11:24.80400,1906.500,62
13:11:25.57400,1906.500,1
13:11:26.15200,1906.500,96
13:11:26.96800,1906.750,2
13:11:27.24200,1906.500,5
13:11:28.00300,1906.750,2
13:11:28.43300,1906.750,1
13:11:28.82400,1906.500,1
13:11:29.45700,1906.500,18
13:11:29.93300,1906.500,2
13:11:30.31200,1906.250,2
13:11:30.37100,1906.250,21
13:11:30.75000,1906.500,1
13:11:31.36700,1906.250,4
13:11:32.37100,1906.250,145
13:11:32.63200,1906.250,1
13:11:32.92900,1906.500,6
13:11:33.23000,1906.500,4
13:11:33.73800,1906.500,58
13:11:33.79600,1906.250,2
13:11:33.93300,1906.500,6
13:11:34.15200,1906.250,1
13:11:34.61700,1906.250,45
13:11:34.91700,1906.250,2
13:11:35.44100,1906.250,1
13:11:36.66700,1906.250,14
13:11:37.18300,1906.250,224
13:11:37.27700,1906.250,41
13:11:37.84300,1906.250,1
13:11:38.11700,1906.000,70
13:11:38.17500,1906.000,3
13:11:38.25700,1906.000,1
13:11:38.41000,1906.000,5
13:11:39.13600,1906.250,217
13:11:39.94900,1906.250,1
13:11:40.13600,1906.500,30
13:11:40.64000,1906.500,48
13:11:40.88600,1906.500,1
13:11:42.71400,1906.500,77
13:11:43.48000,1906.500,5
13:11:43.53500,1906.500,1
13:11:44.33900,1906.500,2
13:11:44.63600,1906.500,1
13:11:44.75300,1906.500,1
13:11:45.39000,1906.250,1
13:11:46.52700,1906.250,1
13:11:46.73800,1906.500,5
13:11:47.40200,1906.500,7
13:11:48.19500,1906.500,1
13:11:48.41000,1906.500,1
13:11:49.14800,1906.500,13
13:11:49.71400,1906.500,12
13:11:50.43700,1906.250,5
13:11:51.44900,1906.250,20
13:11:51.75000,1906.250,83
13:11:52.05000,1906.250,1
13:11:52.42500,1906.250,85
13:11:52.45300,1906.250,18
13:11:52.58200,1906.250,12
13:11:52.78900,1906.250,2
13:11:53.26900,1906.250,1
13:11:53.34700,1906.250,1
13:11:54.39400,1906.250,1
13:11:54.62500,1906.500,5
13:11:55.27300,1906.250,2
13:11:55.48400,1906.250,5
13:11:56.50300,1906.250,1
13:11:56.70300,1906.500,1
13:11:57.55000,1906.000,727
13:11:57.72600,1906.000,83
13:11:57.90600,1906.000,238
13:11:58.34300,1906.250,199
13:11:58.94900,1906.250,12
13:11:59.30800,1905.750,610
13:11:59.49600,1905.750,42
13:11:59.51100,1905.500,264
13:11:59.51100,1905.500,2
13:11:59.69100,1905.250,20
13:11:59.80000,1905.500,156
13:11:59.90600,1905.500,2
13:12:00.25000,1905.500,56
13:12:00.32800,1905.500,3
13:12:00.47600,1905.750,2
13:12:00.85900,1905.750,1
13:12:01.29600,1905.500,2
13:12:01.45300,1905.750,2
13:12:01.63600,1905.750,69
13:12:01.90200,1905.750,39
13:12:02.44900,1905.750,1
13:12:02.59300,1905.500,2
13:12:02.92900,1905.500,1
13:12:03.30400,1905.750,1
13:12:04.44900,1905.750,2
13:12:05.37100,1905.750,5
13:12:05.58500,1905.500,2
13:12:06.07000,1905.500,15
13:12:06.28900,1905.500,3
13:12:07.57800,1905.750,10
13:12:07.72600,1905.500,2
13:12:08.22200,1905.500,5
13:12:08.84300,1905.500,1
13:12:09.21400,1905.500,1
13:12:09.40200,1905.750,6
13:12:09.81200,1905.500,213
13:12:09.89000,1905.750,5
13:12:10.89400,1905.750,148
13:12:11.15600,1905.750,3
13:12:11.90600,1905.750,27
13:12:12.06200,1905.500,1
13:12:12.19500,1905.750,1
13:12:12.57400,1905.750,6
13:12:12.86300,1905.750,32
13:12:13.09700,1905.750,1
13:12:13.40600,1905.750,1
13:12:14.82800,1905.750,1
13:12:15.15600,1905.750,6
13:12:15.26500,1905.750,1
13:12:15.75000,1905.750,1
13:12:16.71000,1905.750,215
13:12:16.79200,1905.750,49
13:12:16.86300,1905.750,62
13:12:17.55800,1905.750,42
13:12:18.10500,1906.000,37
13:12:18.29200,1905.750,4
13:12:19.07000,1905.750,73
13:12:19.24600,1905.750,1
13:12:19.46000,1905.750,1
13:12:20.08500,1905.250,253
13:12:20.09700,1905.250,48
13:12:20.26100,1905.250,91
13:12:20.44900,1905.250,45
13:12:20.71400,1905.500,1
13:12:21.30400,1905.500,3
13:12:22.23800,1905.250,10
13:12:23.17900,1905.500,13
13:12:23.41000,1905.500,60
13:12:24.06600,1905.250,1
13:12:24.27700,1905.250,2
13:12:24.79200,1905.500,106
13:12:25.00000,1905.250,4
13:12:25.59700,1905.250,2
13:12:25.72200,1905.500,54
13:12:25.92500,1905.500,30
13:12:26.31600,1905.500,2
13:12:26.67100,1905.500,3
13:12:27.22200,1905.500,15
13:12:27.70700,1905.500,119
13:12:28.17100,1905.500,1
13:12:28.38600,1905.500,7
13:12:28.92100,1905.500,1
13:12:29.55400,1905.500,37
13:12:29.68300,1905.500,10
13:12:30.39800,1905.500,2
13:12:30.51100,1905.500,7
13:12:30.62800,1905.500,8
13:12:30.69100,1905.500,1
13:12:31.83500,1905.500,61
13:12:32.16400,1905.500,1
13:12:32.40600,1905.250,1
13:12:32.62800,1905.250,1
13:12:32.77300,1905.500,10
13:12:33.26500,1905.250,122
13:12:33.36700,1905.250,12
13:12:33.54200,1905.250,5
13:12:33.70700,1905.250,39
13:12:33.75700,1905.250,1
13:12:33.92100,1905.250,46
13:12:34.17500,1905.250,4
13:12:34.46000,1905.250,5
13:12:34.53900,1905.250,3
13:12:35.15200,1905.250,12
13:12:35.68700,1905.250,8
13:12:36.18700,1905.000,33
13:12:36.30400,1905.000,4
13:12:36.58200,1905.250,2
13:12:36.67500,1905.000,2
13:12:36.73800,1905.000,1
13:12:37.01500,1905.250,5
13:12:37.36300,1905.250,37
13:12:37.46800,1905.250,3
13:12:37.75300,1905.250,1
13:12:38.07800,1905.500,1
13:12:38.82800,1905.500,1
13:12:38.89800,1905.250,5
13:12:40.10100,1905.250,1
13:12:41.00700,1905.250,1
13:12:42.00300,1905.250,1
13:12:42.16000,1905.250,1
13:12:42.63200,1905.500,143
13:12:43.25000,1905.500,1
13:12:43.30000,1905.500,1
13:12:43.57800,1905.500,2
13:12:43.71800,1905.250,2
13:12:43.74600,1905.250,1
13:12:44.78500,1905.250,6
13:12:45.41400,1905.250,53
13:12:45.56200,1905.250,89
13:12:46.11700,1905.250,56
13:12:46.19500,1905.250,4
13:12:46.50300,1905.750,382
13:12:46.59300,1905.750,1
13:12:47.52700,1906.000,12
13:12:47.83200,1906.000,1
13:12:48.26900,1906.000,2
13:12:48.57000,1906.000,5
13:12:48.90600,1905.750,1
13:12:49.52300,1905.750,197
13:12:49.73000,1905.750,71
13:12:49.77300,1905.750,12
13:12:49.94900,1906.000,1
13:12:50.24600,1906.000,1
13:12:50.74200,1905.750,52
13:12:51.72200,1905.750,1
13:12:52.76900,1906.000,715
13:12:52.84300,1906.250,20
13:12:52.89000,1906.000,2
13:12:53.40600,1906.000,9
13:12:53.83200,1906.250,1
13:12:54.08500,1906.250,1
13:12:54.38600,1906.250,5
13:12:54.81200,1906.250,182
13:12:54.81200,1906.250,29
13:12:54.84700,1906.250,60
13:12:54.84700,1906.250,76
13:12:54.84700,1906.250,50
13:12:54.85100,1906.250,49
13:12:54.92100,1906.250,1
13:12:55.85100,1906.000,91
13:12:55.95300,1906.000,9
13:12:56.23400,1906.000,21
13:12:56.38200,1906.000,34
13:12:56.49600,1906.000,1
13:12:56.85100,1905.500,107
13:12:57.07400,1905.750,2
13:12:58.03500,1905.500,13
13:12:58.36300,1905.500,25
13:12:58.96800,1905.500,2
13:12:59.56200,1905.500,487
13:12:59.59300,1905.500,4
13:13:00.63200,1905.500,4
13:13:00.75000,1905.500,2
13:13:01.44100,1905.500,5
13:13:02.67500,1905.500,146
13:13:02.69100,1905.500,50
13:13:03.13200,1905.500,11
13:13:03.73400,1905.250,2
13:13:04.19100,1905.250,5
13:13:04.55000,1905.500,1
13:13:05.92100,1905.500,4
13:13:06.84700,1905.250,1
13:13:07.05000,1905.250,58
13:13:07.08200,1905.250,248
13:13:07.36300,1905.250,2
13:13:07.77700,1905.250,10
13:13:07.94100,1905.250,5
13:13:08.20700,1905.500,1
13:13:08.71400,1905.250,58
13:13:09.07000,1905.500,12
13:13:09.59300,1905.250,111
13:13:09.65600,1905.250,60
13:13:09.82000,1905.250,2
13:13:10.07000,1905.250,1
13:13:10.22600,1905.250,1
13:13:11.00700,1904.750,303
13:13:11.11700,1905.000,2
13:13:11.16000,1905.000,4
13:13:11.28100,1904.750,1
13:13:11.55400,1905.000,14
13:13:11.89400,1904.750,1
13:13:12.38200,1904.750,1
13:13:13.49200,1904.750,1
13:13:13.71400,1904.750,1
13:13:13.72600,1904.750,1
13:13:14.00700,1904.750,119
13:13:14.21800,1904.750,8
13:13:14.38600,1904.750,1
13:13:14.61700,1904.750,6
13:13:14.87500,1904.750,82
13:13:14.88600,1904.750,1
13:13:15.25700,1904.500,13
13:13:15.27700,1904.750,11
13:13:15.50700,1904.750,36
13:13:15.63200,1904.750,2
13:13:17.13600,1905.000,105
13:13:17.16000,1904.750,339
13:13:17.22200,1904.500,81
13:13:17.45700,1904.750,1
13:13:18.24600,1904.750,8
13:13:20.05800,1904.750,7
13:13:20.28500,1904.750,1
13:13:20.67500,1904.750,1
13:13:20.87500,1904.750,2
13:13:21.01100,1904.500,1
13:13:21.20300,1904.750,30
13:13:21.28500,1905.000,2
13:13:21.56200,1905.000,1
13:13:22.03500,1904.750,1
13:13:22.13200,1904.750,1
13:13:23.26900,1904.750,1
13:13:23.35500,1904.750,1
13:13:24.21800,1905.250,564
13:13:24.41700,1905.250,10
13:13:25.44500,1905.250,238
13:13:26.25000,1905.000,1
13:13:26.64400,1905.250,2
13:13:26.88600,1905.250,2
13:13:28.27300,1905.000,288
13:13:28.35500,1905.000,1
13:13:28.74200,1905.000,38
13:13:29.03900,1904.750,1
13:13:30.26900,1904.750,100
13:13:30.46400,1904.750,6
13:13:30.70300,1904.750,11
13:13:31.66000,1904.750,3
13:13:32.12100,1904.750,89
13:13:32.15200,1904.750,2
13:13:32.26500,1904.750,40
13:13:32.82800,1904.750,2
13:13:32.94500,1904.750,40
13:13:33.65600,1904.500,50
13:13:34.71000,1904.750,1
13:13:35.10100,1904.500,1
13:13:35.61700,1904.500,2
13:13:35.91700,1904.500,3
13:13:36.14000,1904.750,2
13:13:36.42900,1904.500,20
13:13:36.71400,1904.500,156
13:13:37.62100,1904.750,1
13:13:37.84300,1904.750,1
13:13:39.51900,1904.750,1
13:13:39.80400,1904.750,75
13:13:40.72200,1904.500,6
13:13:41.45300,1904.750,45
13:13:41.79200,1904.750,1
13:13:42.13200,1904.750,1
13:13:42.25300,1904.500,1
13:13:42.46800,1904.500,12
13:13:42.86700,1904.750,29
13:13:44.84300,1904.750,6
13:13:47.77700,1905.000,5
13:13:48.20700,1905.000,7
13:13:48.82000,1904.750,1
13:13:49.01500,1904.750,1
13:13:49.41000,1905.000,2
13:13:50.04200,1904.750,106
13:13:50.89400,1904.750,1
13:13:51.30000,1904.750,1
13:13:51.75000,1904.750,1
13:13:51.89400,1904.750,107
13:13:52.36300,1904.750,1
13:13:52.60900,1904.750,1
13:13:53.00700,1904.750,35
13:13:53.11700,1904.750,160
13:13:54.07000,1904.750,1
13:13:54.34700,1904.750,2
13:13:55.83200,1904.750,1
13:13:56.44900,1904.750,1
13:13:57.00700,1904.750,1
13:13:59.07800,1904.750,2
13:13:59.44100,1904.750,111
13:14:00.33500,1904.750,3
13:14:00.88600,1904.750,16
13:14:01.04600,1904.750,20
13:14:01.49600,1904.750,20
13:14:01.69900,1904.750,6
13:14:02.05800,1904.750,4
13:14:03.85500,1905.000,2
13:14:05.23400,1905.000,1
13:14:06.18700,1905.000,1
13:14:06.78100,1905.000,1
13:14:07.01100,1905.000,1
13:14:07.28900,1904.750,1
13:14:07.63200,1905.000,1
13:14:07.77700,1904.750,1
13:14:08.39000,1905.000,1
13:14:08.86300,1905.000,1
13:14:10.44500,1905.000,254
13:14:11.52700,1905.000,44
13:14:11.64000,1905.000,1
13:14:12.61300,1905.000,60
13:14:13.46000,1905.000,25
13:14:13.81200,1905.250,1
13:14:14.91700,1905.250,1
13:14:15.46800,1905.000,8
13:14:18.64400,1904.750,1
13:14:18.81600,1905.000,1
13:14:19.68300,1904.750,1
13:14:20.95300,1905.000,76
13:14:21.06200,1905.000,65
13:14:21.73800,1905.000,1
13:14:22.63600,1905.000,1
13:14:24.08200,1905.000,13
13:14:24.75000,1905.000,30
13:14:25.51900,1904.750,3
13:14:25.93700,1905.000,1
13:14:26.29600,1905.000,1
13:14:26.58900,1905.000,1
13:14:27.52700,1905.000,24
13:14:27.62100,1905.000,10
13:14:29.12100,1905.000,1
13:14:31.01900,1905.000,71
13:14:33.53500,1905.250,100
13:14:35.19500,1905.000,5
13:14:37.35500,1905.250,96
13:14:38.69500,1905.250,39
13:14:39.47200,1905.250,3
13:14:40.96800,1905.250,16
13:14:41.13600,1905.250,4
13:14:41.72600,1905.000,1
13:14:42.21400,1905.250,7
13:14:42.57400,1905.250,1
13:14:43.95700,1905.250,1
13:14:44.46000,1905.250,1
13:14:44.89400,1905.250,5
13:14:45.32400,1905.000,1
13:14:46.56600,1905.250,66
13:14:46.62100,1905.250,42
13:14:46.85100,1905.250,24
13:14:46.87100,1905.250,3
13:14:48.09300,1905.250,2
13:14:49.14400,1905.000,66
13:14:49.23400,1904.750,77
13:14:49.38200,1904.750,1
13:14:50.01500,1904.750,5
13:14:50.19500,1904.750,83
13:14:50.48400,1904.750,1
13:14:50.60500,1904.750,5
13:14:50.92500,1904.750,5
13:14:51.46800,1904.750,33
13:14:52.23800,1904.750,1
13:14:52.55400,1905.000,161
13:14:53.04200,1905.000,15
13:14:53.84300,1905.000,12
13:14:54.88200,1905.000,1
13:14:57.67100,1904.750,1
13:14:58.05000,1905.000,4
13:14:59.18300,1904.750,21
13:15:00.16700,1905.250,100
13:15:00.28500,1905.250,4
13:15:00.42500,1905.250,1
13:15:00.62100,1905.250,48
13:15:00.79600,1905.250,80
13:15:01.04600,1905.250,18
13:15:03.64000,1905.250,20
13:15:03.69500,1905.250,1
13:15:03.87800,1905.250,1
13:15:04.42100,1905.250,5
13:15:04.68300,1905.500,3
13:15:05.16700,1905.500,4
13:15:05.41000,1905.500,5
13:15:05.88200,1905.500,122
13:15:05.88600,1905.500,5
13:15:06.01100,1905.500,13
13:15:07.55400,1905.500,78
13:15:08.60900,1905.250,2
13:15:09.36300,1905.250,3
13:15:09.62500,1905.250,76
13:15:09.73800,1905.000,1
13:15:10.19100,1905.250,11
13:15:10.48000,1905.250,1
13:15:10.61700,1905.500,261
13:15:10.83500,1905.500,1
13:15:10.89800,1905.500,90
13:15:11.58900,1905.500,2
13:15:12.26900,1905.500,30
13:15:12.49600,1905.750,1
13:15:12.90200,1905.750,42
13:15:13.01500,1905.750,15
13:15:13.56200,1905.750,1
13:15:14.15200,1905.750,1
13:15:14.71800,1905.500,3
13:15:17.79200,1905.500,2
13:15:18.10500,1905.750,1
13:15:18.36700,1905.500,1
13:15:20.92500,1905.750,5
13:15:21.17900,1905.500,2
13:15:22.02700,1905.500,1
13:15:22.45700,1905.500,2
13:15:23.15600,1905.500,1
13:15:23.93300,1905.500,1
13:15:25.08500,1905.750,1
13:15:25.33500,1905.750,1
13:15:26.41700,1905.500,2
13:15:26.71000,1905.750,1
13:15:27.22600,1905.750,26
13:15:27.71800,1905.750,53
13:15:28.09300,1906.000,27
13:15:28.15200,1905.750,4
13:15:28.30400,1905.750,14
13:15:28.48400,1905.750,5
13:15:28.89000,1905.750,51
13:15:29.34700,1905.750,57
13:15:29.42500,1905.750,10
13:15:29.57400,1906.000,20
13:15:29.61300,1905.750,1
13:15:29.64400,1905.750,2
13:15:30.30800,1905.750,3
13:15:30.75700,1906.000,5
13:15:31.62100,1906.000,1
13:15:33.00300,1905.750,4
13:15:33.40200,1906.000,1
13:15:33.54200,1906.000,25
13:15:33.84700,1906.000,10
13:15:35.08500,1906.250,79
13:15:36.00000,1906.250,8
13:15:36.22600,1906.250,1
13:15:36.84300,1906.250,1
13:15:37.85100,1906.000,1
13:15:38.66000,1906.000,1
13:15:39.39800,1906.250,214
13:15:39.59700,1906.250,5
13:15:39.71400,1906.250,1
13:15:40.34700,1906.250,8
13:15:41.85900,1906.250,6
13:15:42.92900,1906.000,23
13:15:43.06600,1906.000,59
13:15:43.23400,1906.000,1
13:15:43.96800,1905.750,6
13:15:44.75700,1906.000,2
13:15:45.72200,1906.000,1
13:15:46.02700,1906.000,1
13:15:46.24600,1906.000,4
13:15:46.32000,1906.000,1
13:15:46.96000,1906.000,1
13:15:48.85500,1906.000,1
13:15:48.96000,1905.750,66
13:15:49.30800,1905.750,33
13:15:49.50700,1906.000,1
13:15:49.73800,1906.000,109
13:15:49.83900,1906.000,5
13:15:50.72200,1906.000,83
13:15:51.51500,1906.000,1
13:15:53.59700,1906.000,25
13:15:53.76500,1906.000,1
13:15:54.16000,1906.000,23
13:15:54.35100,1906.000,1
13:15:54.58900,1906.250,2
13:15:55.25300,1905.500,695
13:15:55.26900,1905.500,90
13:15:55.67500,1905.250,1
13:15:56.55800,1905.500,2
13:15:56.83500,1905.500,1
13:15:57.02700,1905.500,140
13:15:57.53100,1905.750,2
13:15:57.89400,1905.750,5
13:15:58.27300,1905.500,1
13:15:58.59300,1905.750,2
13:15:59.35100,1905.750,5
13:16:00.58500,1905.500,3
13:16:01.17100,1905.500,1
13:16:02.26900,1905.500,1
13:16:02.80800,1905.500,1
13:16:03.22600,1905.500,1
13:16:03.46000,1905.750,1
13:16:04.95300,1905.500,151
13:16:05.10100,1905.750,120
13:16:05.28500,1905.500,3
13:16:05.39000,1905.500,5
13:16:06.48800,1905.750,1
13:16:06.87800,1905.500,161
13:16:07.83200,1905.500,6
13:16:09.41700,1905.000,533
13:16:09.50300,1905.250,6
13:16:09.66000,1905.000,1
13:16:11.40600,1905.000,11
13:16:12.11700,1904.750,342
13:16:12.13600,1904.750,32
13:16:12.36700,1904.500,11
13:16:12.44500,1904.500,188
13:16:12.44500,1904.250,14
13:16:12.83500,1904.250,17
13:16:13.12500,1904.500,297
13:16:13.31200,1904.500,1
13:16:13.37800,1904.250,2
13:16:13.96000,1904.250,267
13:16:14.40200,1904.250,1
13:16:14.96800,1904.250,2
13:16:15.77700,1904.500,60
13:16:16.01900,1904.250,1
13:16:16.31200,1904.250,4
13:16:16.59700,1904.500,4
13:16:16.85500,1904.250,2
13:16:17.04600,1904.250,5
13:16:17.66000,1904.250,2
13:16:17.88600,1904.250,4
13:16:18.48400,1904.500,2
13:16:18.50300,1904.500,1
13:16:18.90600,1904.250,106
13:16:19.46400,1904.250,9
13:16:19.92900,1904.500,210
13:16:20.02700,1904.500,40
13:16:20.28900,1904.500,2
13:16:20.69900,1904.500,1
13:16:22.20300,1905.000,51
13:16:22.23400,1904.750,62
13:16:22.37100,1904.750,33
13:16:22.46800,1904.750,7
13:16:23.30800,1904.750,2
13:16:23.47200,1904.500,1
13:16:23.93300,1904.750,10
13:16:27.22600,1904.500,20
13:16:27.45700,1904.500,3
13:16:27.91700,1904.500,4
13:16:28.91700,1904.500,1
13:16:29.16000,1904.500,1
13:16:29.30800,1904.500,2
13:16:29.44500,1904.500,3
13:16:29.75700,1904.500,1
13:16:30.42100,1904.750,1
13:16:30.74600,1904.500,1
13:16:31.71000,1904.750,1
13:16:34.87800,1904.500,2
13:16:35.36700,1904.750,3
13:16:36.32000,1904.500,3
13:16:36.71000,1904.750,211
13:16:37.32800,1904.750,3
13:16:37.42500,1904.750,20
13:16:38.06200,1904.750,1
13:16:38.55400,1904.750,1
13:16:38.83900,1904.750,1
13:16:39.76900,1904.750,94
13:16:40.38600,1904.750,7
13:16:40.57400,1904.750,3
13:16:41.13200,1904.750,3
13:16:41.27300,1904.750,27
13:16:41.94500,1904.750,53
13:16:43.12100,1904.750,1
13:16:44.10900,1904.500,58
13:16:44.12500,1904.500,4
13:16:44.31600,1904.750,1
13:16:44.70700,1904.500,1
13:16:45.51900,1904.500,65
13:16:46.37800,1904.500,1
13:16:46.66000,1904.500,51
13:16:47.30000,1904.500,30
13:16:47.63200,1904.500,16
13:16:48.07000,1904.500,3
13:16:49.43700,1904.500,1
13:16:49.58900,1904.500,131
13:16:50.02300,1904.500,2
13:16:50.21000,1904.500,24
13:16:52.51100,1904.500,128
13:16:53.05000,1904.250,282
13:16:53.55400,1904.000,81
13:16:54.04600,1904.000,1
13:16:54.17100,1904.000,1
13:16:54.60500,1904.000,209
13:16:54.61300,1903.750,282
13:16:54.76500,1903.750,211
13:16:54.85900,1904.000,70
13:16:54.97200,1903.750,5
13:16:55.11300,1903.750,2
13:16:55.19900,1904.000,10
13:16:55.26100,1903.750,4
13:16:55.50300,1903.750,2
13:16:55.83200,1903.750,2
13:16:56.14000,1903.750,157
13:16:56.22600,1903.750,1
13:16:56.37800,1903.750,3
13:16:56.84700,1903.750,9
13:16:57.10900,1903.500,1
13:16:57.35100,1903.500,3
13:16:57.83900,1903.750,3
13:16:58.85900,1903.500,1
13:16:59.03500,1903.750,3
13:16:59.50300,1903.750,11
13:16:59.84300,1903.750,3
13:16:59.93700,1903.750,1
13:17:00.44100,1903.750,23
13:17:00.64000,1903.500,1
13:17:01.22600,1903.500,3
13:17:01.59300,1903.750,13
13:17:02.16700,1903.750,2
13:17:02.59700,1903.750,11
13:17:03.29200,1903.500,3
13:17:03.50300,1903.750,30
13:17:03.78100,1903.750,1
13:17:03.91000,1903.750,6
13:17:04.01100,1903.750,2
13:17:04.42500,1903.750,4
13:17:04.63200,1903.750,1
13:17:05.17900,1904.000,425
13:17:05.23800,1903.750,1
13:17:05.29600,1903.750,21
13:17:05.43700,1904.000,63
13:17:05.54600,1904.000,10
13:17:06.21800,1903.750,2
13:17:06.32000,1903.750,1
13:17:06.64400,1904.000,159
13:17:06.74200,1904.000,11
13:17:06.88200,1904.250,1
13:17:07.05800,1904.000,1
13:17:07.63600,1904.000,21
13:17:08.09700,1904.250,8
13:17:08.11300,1904.000,11
13:17:08.53900,1903.750,1
13:17:08.75000,1903.750,1
13:17:09.50300,1904.250,10
13:17:09.75300,1904.000,14
13:17:09.87800,1904.000,6
13:17:10.09700,1904.000,1
13:17:10.17900,1904.000,3
13:17:10.43700,1904.000,12
13:17:10.52300,1903.750,4
13:17:10.71000,1904.000,17
13:17:10.81600,1904.000,9
13:17:11.81200,1904.000,1
13:17:12.29600,1904.000,1
13:17:12.49200,1904.000,1
13:17:13.16000,1904.000,58
13:17:13.58200,1904.000,5
13:17:13.78500,1904.000,1
13:17:14.09300,1904.000,10
13:17:14.32000,1903.750,613
13:17:14.32800,1903.750,46
13:17:14.85900,1904.000,1
13:17:16.71400,1903.750,8
13:17:17.04200,1904.000,4
13:17:17.51900,1904.000,65
13:17:17.73400,1904.000,2
13:17:18.03900,1904.000,3
13:17:18.62800,1904.000,1
13:17:20.71000,1904.250,77
13:17:20.87100,1904.250,1
13:17:21.45700,1904.250,12
13:17:21.66000,1904.250,1
13:17:21.77300,1904.000,2
13:17:22.16400,1904.000,1
13:17:22.77700,1904.250,3
13:17:23.38200,1904.000,3
13:17:23.67100,1904.000,67
13:17:23.80800,1904.000,1
13:17:24.21800,1903.750,1
13:17:24.71000,1904.000,18
13:17:24.82800,1904.250,1
13:17:25.08900,1904.000,1
13:17:25.69500,1904.000,71
13:17:26.19900,1904.250,2
13:17:26.55800,1904.000,1
13:17:27.90600,1904.250,2
13:17:28.35500,1904.000,150
13:17:28.86700,1904.000,8
13:17:29.40200,1903.750,1
13:17:31.12500,1903.750,85
13:17:31.13600,1903.750,82
13:17:31.35100,1903.750,2
13:17:31.83200,1903.750,2
13:17:32.70700,1904.000,1
13:17:32.83500,1903.750,1
13:17:34.73800,1903.750,1
13:17:35.44100,1904.000,3
13:17:37.38200,1903.750,6
13:17:37.93700,1903.750,2
13:17:38.47200,1903.750,112
13:17:38.89000,1903.500,1
13:17:39.41400,1903.750,36
13:17:40.95300,1903.750,1
13:17:41.16700,1904.000,7
13:17:41.48000,1903.750,1
13:17:43.64400,1903.750,1
13:17:43.89400,1903.750,2
13:17:48.91000,1903.750,109
13:17:49.14400,1903.750,48
13:17:50.35100,1903.750,2
13:17:50.53100,1903.750,1
13:17:52.36700,1904.000,3
13:17:53.21800,1903.750,136
13:17:53.34300,1903.750,19
13:17:53.44100,1903.750,37
13:17:53.70700,1903.750,2
13:17:54.32400,1903.750,3
13:17:54.57400,1903.750,1
13:17:54.81200,1903.750,2
13:17:55.17500,1904.000,5
13:17:56.09700,1903.750,1
13:17:56.59300,1904.000,5
13:17:57.75000,1903.750,1
13:17:59.37800,1903.750,78
13:17:59.44900,1903.500,2
13:18:01.06600,1903.500,4
13:18:01.55400,1903.500,1
13:18:03.91000,1903.750,124
13:18:04.25700,1903.500,1
13:18:04.55800,1903.750,6
13:18:04.67500,1903.750,18
13:18:05.25300,1903.750,5
13:18:05.28900,1903.750,5
13:18:05.62500,1903.750,1
13:18:06.11300,1904.000,3
13:18:06.52700,1903.750,2
13:18:10.77700,1903.750,1
13:18:12.14000,1903.750,1
13:18:12.60900,1903.750,1
13:18:13.16400,1903.750,5
13:18:14.62800,1904.000,105
13:18:14.62800,1904.000,12
13:18:14.62800,1904.000,38
13:18:14.63200,1904.000,20
13:18:15.55400,1904.000,228
13:18:16.45300,1904.000,29
13:18:16.70300,1904.000,1
13:18:18.78500,1904.000,1
13:18:19.07400,1904.250,136
13:18:19.85500,1904.250,1
13:18:20.19500,1904.250,1
13:18:20.60100,1904.250,1
13:18:21.01900,1904.250,1
13:18:21.58500,1904.250,5
13:18:22.63600,1904.000,3
13:18:26.71000,1904.250,2
13:18:27.30000,1904.250,53
13:18:27.51500,1904.250,34
13:18:27.66400,1904.000,2
13:18:28.46000,1904.250,1
13:18:28.91400,1904.250,2
13:18:29.38200,1904.250,6
13:18:31.81200,1904.000,1
13:18:34.55800,1904.250,45
13:18:34.97200,1904.000,185
13:18:35.17900,1904.000,40
13:18:35.40600,1904.000,3
13:18:35.60900,1904.000,1
13:18:37.44900,1904.000,1
13:18:37.58900,1903.750,10
13:18:38.91700,1904.000,2
13:18:40.09700,1904.000,3
13:18:40.58500,1903.750,6
13:18:41.08900,1904.000,1
13:18:42.44100,1904.000,14
13:18:43.17500,1904.000,1
13:18:44.89000,1904.000,1
13:18:48.00000,1903.750,331
13:18:48.53500,1903.750,3
13:18:48.76500,1903.750,1
13:18:49.01900,1903.750,62
13:18:49.14000,1903.750,6
13:18:50.12100,1904.250,286
13:18:50.19100,1904.000,1
13:18:50.29600,1904.250,3
13:18:50.37100,1904.000,2
13:18:51.55800,1904.250,2
13:18:51.66400,1904.250,1
13:18:51.94900,1904.250,101
13:18:52.48400,1904.000,4
13:18:54.64400,1904.250,1
13:18:56.58900,1904.000,1
13:18:57.63200,1904.250,5
13:18:58.88200,1904.250,7
13:18:59.53900,1904.000,2
13:18:59.88200,1904.250,55
13:19:01.29600,1904.500,3
13:19:01.93700,1904.500,7
13:19:02.03100,1904.500,2
13:19:02.26500,1904.250,1
13:19:02.58900,1904.250,33
13:19:02.79600,1904.250,8
13:19:04.76100,1904.250,73
13:19:05.83500,1904.250,1
13:19:06.38600,1904.500,1
13:19:08.53500,1904.500,2
13:19:08.87800,1904.250,1
13:19:09.93300,1904.500,558
13:19:10.48400,1904.500,200
13:19:10.69900,1904.500,28
13:19:12.06600,1904.500,1
13:19:12.67500,1904.500,61
13:19:13.00300,1904.750,7
13:19:13.16000,1904.750,1
13:19:13.54200,1904.750,4
13:19:13.91000,1904.750,1
13:19:14.23000,1904.750,187
13:19:14.32000,1904.750,21
13:19:14.78900,1904.750,73
13:19:14.84300,1904.500,1
13:19:15.84300,1904.500,1
13:19:16.01500,1904.500,1
13:19:16.32400,1904.500,1
13:19:18.25000,1904.750,2
13:19:18.38200,1904.750,60
13:19:18.80000,1904.750,1
13:19:18.94500,1904.750,36
13:19:19.08200,1904.750,24
13:19:20.07800,1904.750,1
13:19:20.54600,1904.750,3
13:19:20.61300,1904.500,2
13:19:20.84700,1904.750,5
13:19:20.93700,1904.750,1
13:19:21.69500,1904.750,1
13:19:21.85100,1904.750,91
13:19:22.37100,1904.500,92
13:19:22.41400,1904.500,202
13:19:22.75700,1904.500,1
13:19:23.55400,1904.500,1
13:19:24.33200,1904.500,27
13:19:26.55800,1904.500,1
13:19:27.41700,1904.500,5
13:19:27.62800,1904.750,1
13:19:29.16700,1904.750,1
13:19:29.58200,1904.500,1
13:19:31.78500,1904.750,2
13:19:31.96800,1904.500,5
13:19:32.20700,1904.750,1
13:19:33.25700,1904.750,1
13:19:33.48800,1904.500,1
13:19:34.74600,1904.750,1
13:19:35.28100,1904.750,5
13:19:36.31600,1904.500,1
13:19:36.86300,1904.750,2
13:19:37.50300,1904.500,1
13:19:39.07800,1904.750,4
13:19:40.56200,1904.500,2
13:19:42.01100,1904.750,1
13:19:43.37800,1904.500,229
13:19:43.67900,1904.250,56
13:19:43.78100,1904.250,1
13:19:44.25300,1904.250,1
13:19:44.57800,1904.000,1
13:19:44.92500,1904.250,67
13:19:45.90600,1904.250,1
13:19:46.19500,1904.000,1
13:19:46.58900,1904.000,1
13:19:47.40600,1904.000,1
13:19:48.46400,1904.250,2
13:19:48.57800,1904.000,1
13:19:49.07400,1904.000,1
13:19:52.22600,1904.000,275
13:19:52.44100,1904.000,1
13:19:52.61300,1904.000,1
13:19:53.11300,1904.000,1
13:19:54.26100,1904.000,24
13:19:54.91400,1904.000,5
13:19:55.53900,1904.000,1
13:19:57.08500,1904.250,5
13:19:57.55800,1904.250,22
13:19:59.73800,1904.250,29
13:20:01.43300,1904.250,66
13:20:02.11300,1904.250,1
13:20:02.87500,1904.250,60
13:20:02.97200,1904.250,1
13:20:03.88200,1904.250,10
13:20:04.65600,1904.250,1
13:20:07.48800,1904.250,40
13:20:08.07800,1904.500,1
13:20:08.27700,1904.500,207
13:20:09.39400,1904.500,41
13:20:10.02300,1904.500,16
13:20:10.21800,1904.750,2
13:20:12.29200,1904.500,1
13:20:13.49600,1904.500,1
13:20:15.06600,1904.750,1
13:20:17.80400,1904.750,4
13:20:19.77300,1904.500,3
13:20:20.03900,1904.750,1
13:20:20.95700,1904.500,12
13:20:21.79200,1904.500,1
13:20:22.82000,1904.500,1
13:20:22.96400,1905.000,502
13:20:23.00000,1905.000,4
13:20:23.21000,1905.000,1
13:20:23.30000,1904.750,1
13:20:24.57000,1904.750,201
13:20:24.70700,1904.750,1
13:20:24.85100,1904.750,9
13:20:25.32000,1904.750,55
13:20:25.59700,1904.750,2
13:20:25.75000,1904.750,13
13:20:26.36700,1904.750,2
13:20:26.82000,1904.750,1
13:20:27.04600,1904.750,1
13:20:27.20300,1904.500,147
13:20:27.25700,1904.500,150
13:20:27.33900,1904.500,1
13:20:27.90200,1904.500,20
13:20:28.61300,1904.500,18
13:20:28.74200,1904.750,1
13:20:32.59700,1904.500,83
13:20:34.26900,1904.500,27
13:20:35.14800,1904.750,2
13:20:38.11300,1904.750,113
13:20:38.94900,1904.750,2
13:20:40.08200,1904.500,161
13:20:41.01500,1904.500,1
13:20:43.08900,1904.500,1
13:20:44.50700,1904.250,73
13:20:44.89400,1904.250,1
13:20:45.42900,1904.250,1
13:20:46.02700,1904.250,98
13:20:46.43300,1904.500,1
13:20:46.53900,1904.250,2
13:20:46.88200,1904.500,34
13:20:46.92900,1904.500,3
13:20:47.41000,1904.250,1
13:20:48.23000,1904.500,131
13:20:48.93700,1904.250,1
13:20:51.57400,1904.500,1
13:20:52.51500,1904.500,5
13:20:52.74600,1904.250,1
13:20:53.16400,1904.500,5
13:20:54.19500,1904.500,88
13:20:56.32800,1904.750,2
13:20:59.72600,1904.500,2
13:21:01.21800,1904.750,1
13:21:01.73800,1904.750,1
13:21:01.80800,1904.750,86
13:21:02.02300,1904.750,42
13:21:02.20700,1904.500,5
13:21:02.22200,1904.750,4
13:21:05.96400,1904.750,2
13:21:06.22200,1904.500,1
13:21:06.52300,1904.750,62
13:21:06.58200,1904.750,16
13:21:07.37800,1904.750,72
13:21:07.63600,1904.750,1
13:21:08.12800,1904.750,21
13:21:08.26500,1904.750,1
13:21:08.51500,1904.750,38
13:21:08.83500,1904.750,22
13:21:09.22200,1904.750,17
13:21:09.51100,1904.750,13
13:21:13.48400,1905.000,15
13:21:13.80800,1905.000,5
13:21:15.08200,1905.000,1
13:21:15.56600,1905.000,1
13:21:16.00700,1905.250,751
13:21:16.13200,1905.250,3
13:21:16.23800,1905.250,2
13:21:16.48000,1905.000,2
13:21:17.02300,1905.250,1
13:21:17.55800,1905.250,2
13:21:17.64400,1905.250,138
13:21:18.26900,1904.750,531
13:21:18.48800,1904.750,6
13:21:19.85100,1904.750,1
13:21:20.03500,1904.750,1
13:21:20.86700,1904.750,2
13:21:21.04600,1904.750,46
13:21:21.63200,1904.750,6
13:21:23.00700,1904.750,3
13:21:24.33500,1905.000,1
13:21:24.88600,1905.000,57
13:21:25.11700,1905.000,103
13:21:25.14800,1905.000,6
13:21:25.23800,1905.000,51
13:21:25.37800,1905.000,8
13:21:26.13600,1905.000,8
13:21:26.40600,1904.750,101
13:21:28.46000,1905.000,196
13:21:29.91700,1905.250,1
13:21:30.66000,1905.250,1
13:21:31.04200,1905.000,69
13:21:31.18700,1905.000,30
13:21:33.03100,1904.750,1
13:21:33.48800,1905.000,1
13:21:34.15200,1905.000,1
13:21:35.19500,1905.000,121
13:21:35.25300,1905.250,121
13:21:35.43700,1905.000,2
13:21:35.95300,1905.250,8
13:21:36.48800,1905.250,57
13:21:38.64000,1905.250,1
13:21:39.03500,1905.250,1
13:21:39.52300,1905.250,1
13:21:41.01900,1905.000,348
13:21:41.02300,1905.000,42
13:21:43.12800,1905.000,10
13:21:45.81200,1905.250,2
13:21:46.78900,1905.000,103
13:21:46.89400,1905.000,18
13:21:48.94100,1905.000,10
13:21:49.39800,1905.000,1
13:21:49.76900,1905.000,3
13:21:50.02300,1905.000,27
13:21:50.92900,1905.000,3
13:21:52.12500,1905.000,5
13:21:53.80800,1905.250,2
13:21:54.14000,1905.000,2
13:21:54.84300,1905.250,45
13:21:55.69500,1905.000,12
13:21:58.77700,1905.250,1
13:21:59.05400,1905.250,2
13:21:59.49600,1905.250,143
13:21:59.92100,1905.250,1
13:22:01.22200,1905.250,23
13:22:01.84300,1905.500,6
13:22:02.00000,1905.500,1
13:22:02.26900,1905.500,4
13:22:02.39800,1905.500,389
13:22:02.47600,1905.500,2
13:22:02.62800,1905.750,10
13:22:02.77700,1905.500,88
13:22:03.80400,1905.750,5
13:22:04.40600,1905.750,91
13:22:04.51500,1906.000,53
13:22:04.78100,1906.000,3
13:22:05.14000,1906.000,2
13:22:05.41400,1906.000,98
13:22:05.48000,1906.000,14
13:22:05.61300,1906.000,1
13:22:05.89000,1906.250,8
13:22:06.12500,1906.250,1
13:22:06.53900,1906.250,3
13:22:07.37500,1906.250,3
13:22:07.68300,1906.250,1
13:22:08.32800,1906.250,22
13:22:08.52700,1906.250,2
13:22:08.64000,1906.250,7
13:22:08.97200,1906.000,1
13:22:09.19500,1906.250,5
13:22:09.53500,1906.500,92
13:22:09.57400,1906.500,5
13:22:09.69100,1906.250,4
13:22:09.76500,1906.250,3
13:22:09.89800,1906.500,3
13:22:10.08900,1906.250,1
13:22:10.33900,1906.250,52
13:22:10.38200,1906.250,1
13:22:10.64000,1906.500,4
13:22:11.16400,1906.250,1
13:22:11.28900,1906.250,7
13:22:11.64000,1906.500,2
13:22:12.32400,1906.250,7
13:22:12.43700,1906.500,1
13:22:12.60900,1906.500,1
13:22:12.74200,1906.500,1
13:22:13.25000,1906.250,165
13:22:13.37800,1906.250,25
13:22:13.64800,1906.250,1
13:22:13.71400,1906.250,1
13:22:13.88600,1906.250,1
13:22:14.21800,1906.500,3
13:22:14.46000,1906.500,7
13:22:14.65600,1906.250,1
13:22:15.06600,1906.250,1
13:22:15.28500,1906.500,1
13:22:15.62800,1906.500,1
13:22:15.89800,1906.500,1
13:22:16.43300,1906.500,1
13:22:16.73400,1906.250,1
13:22:17.44900,1906.500,2
13:22:17.63200,1906.250,3
13:22:17.96400,1906.250,148
13:22:18.10500,1906.250,54
13:22:18.60900,1906.250,2
13:22:18.89000,1906.500,2
13:22:19.07800,1906.250,1
13:22:19.21000,1906.500,1
13:22:19.64400,1906.250,1
13:22:20.63200,1906.500,147
13:22:20.63600,1906.500,10
13:22:20.63600,1906.500,117
13:22:21.00700,1906.500,1
13:22:21.19900,1906.250,85
13:22:21.41700,1906.500,583
13:22:21.44100,1906.750,1
13:22:21.60900,1906.750,8
13:22:21.95700,1906.750,1
13:22:22.21800,1906.500,3
13:22:22.58900,1906.750,1
13:22:23.15600,1906.750,133
13:22:23.21000,1906.750,1
13:22:23.34300,1906.750,5
13:22:23.68300,1906.750,68
13:22:24.00300,1906.750,2
13:22:24.07400,1906.750,2
13:22:24.48400,1906.750,1
13:22:24.64400,1906.750,1
13:22:25.00700,1906.500,1
13:22:25.37500,1906.500,5
13:22:26.21400,1906.750,2
13:22:26.33900,1906.750,1
13:22:26.53500,1906.500,66
13:22:26.62800,1906.750,72
13:22:26.82000,1906.750,2
13:22:27.78900,1906.750,2
13:22:27.96800,1906.500,3
13:22:28.07000,1906.750,2
13:22:28.28100,1906.750,1
13:22:28.79200,1906.500,59
13:22:28.94100,1906.500,53
13:22:29.11300,1906.750,30
13:22:29.20700,1906.500,16
13:22:29.25700,1906.750,2
13:22:29.66000,1906.500,34
13:22:29.75000,1906.500,33
13:22:29.87100,1906.500,2
13:22:30.41400,1906.750,1
13:22:30.59700,1906.500,11
13:22:30.89400,1906.500,27
13:22:31.96800,1906.500,1
13:22:32.44500,1906.500,34
13:22:33.10100,1906.500,1
13:22:33.73400,1906.500,30
13:22:34.00000,1906.500,6
13:22:34.16400,1906.500,3
13:22:34.79200,1906.500,17
13:22:35.50300,1906.500,1
13:22:35.71000,1906.500,7
13:22:36.03900,1906.500,5
13:22:36.51500,1906.500,5
13:22:36.58500,1906.500,1
13:22:37.75000,1906.500,28
13:22:38.21000,1906.500,16
13:22:38.55400,1906.500,1
13:22:38.84700,1906.750,24
13:22:39.10100,1906.500,1
13:22:39.32000,1906.500,46
13:22:39.64000,1906.750,1
13:22:39.83500,1906.500,26
13:22:39.96000,1906.500,19
13:22:40.27700,1906.500,8
13:22:40.34700,1906.750,1
13:22:40.62500,1906.500,2
13:22:40.84300,1906.750,2
13:22:41.49200,1906.500,1
13:22:41.76100,1906.750,5
13:22:42.35900,1906.500,1
13:22:42.53100,1906.500,21
13:22:43.30800,1906.500,3
13:22:43.94100,1906.500,3
13:22:44.11300,1906.500,2
13:22:44.70700,1906.500,68
13:22:44.91000,1906.500,2
13:22:45.15200,1906.500,1
13:22:45.38600,1906.500,14
13:22:46.09700,1906.500,1
13:22:46.21400,1906.500,2
13:22:47.08900,1906.500,1
13:22:48.65200,1906.500,1
13:22:49.49600,1906.250,2
13:22:51.56600,1906.250,1
13:22:52.37100,1906.250,1
13:22:53.13600,1906.250,3
13:22:53.24200,1906.250,210
13:22:53.33200,1905.750,102
13:22:53.41400,1906.000,100
13:22:53.59700,1906.000,9
13:22:53.69900,1906.000,17
13:22:54.14800,1906.000,1
13:22:54.23400,1906.000,1
13:22:54.66000,1906.000,2
13:22:54.83900,1906.000,1
13:22:55.67100,1906.000,38
13:22:55.96800,1906.000,10
13:22:56.86700,1906.250,125
13:22:57.16400,1906.250,12
13:22:58.52300,1906.250,1
13:22:58.83900,1906.250,39
13:22:59.95300,1906.500,56
13:23:00.53900,1906.250,3
13:23:02.51900,1906.250,1
13:23:03.04600,1906.500,1
13:23:03.42500,1906.250,1
13:23:04.33200,1906.250,7
13:23:04.49600,1906.250,1
13:23:04.89400,1906.500,3
13:23:06.95700,1906.250,8
13:23:07.37500,1906.500,2
13:23:07.70300,1906.250,1
13:23:08.30400,1906.500,76
13:23:08.52300,1906.500,1
13:23:09.33500,1906.500,22
13:23:09.52700,1906.500,25
13:23:09.68300,1906.500,1
13:23:10.13200,1906.750,131
13:23:10.34300,1907.000,6
13:23:10.47200,1907.000,1
13:23:11.15200,1906.750,2
13:23:11.24600,1906.750,36
13:23:11.36700,1907.000,1
13:23:11.92900,1906.750,1
13:23:12.19500,1906.750,4
13:23:12.36300,1907.000,5
13:23:12.96000,1907.000,1
13:23:13.19900,1907.000,21
13:23:15.18300,1906.750,73
13:23:15.73800,1907.000,1
13:23:16.00300,1906.750,1
13:23:16.27700,1906.750,11
13:23:16.40200,1906.500,1
13:23:16.50000,1906.750,4
13:23:17.36700,1906.750,1
13:23:18.09700,1906.750,5
13:23:18.48800,1906.750,6
13:23:18.92900,1906.750,2
13:23:19.25700,1906.500,1
13:23:20.62500,1906.750,5
13:23:20.78100,1906.500,1
13:23:20.90200,1906.750,1
13:23:22.22200,1906.500,2
13:23:22.72600,1906.750,27
13:23:22.82800,1906.750,22
13:23:22.91400,1906.500,7
13:23:23.28900,1906.750,7
13:23:24.07800,1906.750,1
13:23:24.44500,1906.750,1
13:23:24.88200,1906.750,35
13:23:25.45700,1906.500,4
13:23:26.90200,1906.750,1
13:23:27.24600,1906.750,2
13:23:27.55800,1906.750,2
13:23:28.32800,1906.750,2
13:23:29.95700,1906.500,1
13:23:30.31600,1906.750,2
13:23:31.21800,1906.750,1
13:23:31.70700,1906.750,5
13:23:31.94500,1906.750,1
13:23:32.85500,1906.750,24
13:23:33.35900,1906.500,1
13:23:33.67900,1906.500,1
13:23:34.39000,1906.500,5
13:23:35.16700,1906.250,318
13:23:36.71000,1906.250,1
13:23:38.32000,1906.500,1
13:23:38.66000,1906.500,138
13:23:38.82000,1906.250,1
13:23:39.17100,1906.250,1
13:23:39.43300,1906.500,5
13:23:40.03900,1906.500,1
13:23:40.45300,1906.500,5
13:23:40.60500,1906.500,5
13:23:41.21000,1906.500,10
13:23:41.37500,1906.500,3
13:23:41.71000,1906.500,5
13:23:42.58500,1906.500,1
13:23:43.30000,1906.500,2
13:23:44.67900,1906.500,1
13:23:45.96800,1906.500,6
13:23:47.44500,1906.500,1
13:23:53.38200,1906.750,5
13:23:53.81200,1906.500,1
13:23:54.31200,1906.500,2
13:23:54.85500,1906.500,1
13:23:55.47600,1906.750,1
13:23:56.20700,1906.750,1
13:23:58.81600,1906.500,3
13:23:59.85500,1906.750,122
13:24:01.05400,1906.750,35
13:24:01.40200,1906.750,58
13:24:01.54600,1906.750,8
13:24:01.65200,1906.750,23
13:24:02.37800,1907.000,8
13:24:02.48800,1906.750,11
13:24:02.60900,1906.750,1
13:24:04.09300,1906.750,31
13:24:04.53900,1906.750,1
13:24:04.91400,1906.750,2
13:24:05.32000,1906.750,1
13:24:05.93700,1906.500,66
13:24:07.28100,1906.500,1
13:24:07.89400,1906.250,1
13:24:08.11700,1906.500,5
13:24:08.32000,1906.500,2
13:24:08.62800,1906.500,1
13:24:10.17500,1906.500,13
13:24:10.32400,1906.500,1
13:24:10.56600,1906.500,4
13:24:13.32000,1906.500,11
13:24:14.18700,1906.250,1
13:24:14.37100,1906.250,1
13:24:15.19900,1906.250,1
13:24:15.53900,1906.250,1
13:24:16.17500,1906.500,2
13:24:17.26900,1906.250,2
13:24:17.37500,1906.250,2
13:24:18.07800,1906.500,2
13:24:18.68300,1906.250,100
13:24:18.91700,1906.250,8
13:24:19.89800,1906.250,49
13:24:21.00000,1906.250,1
13:24:23.77700,1906.500,2
13:24:24.94100,1906.500,1
13:24:26.38600,1906.250,1
13:24:27.61300,1906.250,1
13:24:28.31200,1906.500,2
13:24:28.52300,1906.500,1
13:24:29.29600,1906.500,1
13:24:30.10100,1906.500,75
13:24:30.17500,1906.500,7
13:24:30.49600,1906.500,5
13:24:30.93300,1906.500,23
13:24:31.20300,1906.500,1
13:24:32.17100,1906.250,1
13:24:33.31600,1906.500,2
13:24:33.41000,1906.500,1
13:24:33.45300,1906.500,7
13:24:33.57800,1906.500,2
13:24:33.75000,1906.500,9
13:24:33.86700,1906.500,1
13:24:34.04200,1906.500,1
13:24:34.16400,1906.500,1
13:24:34.30000,1906.500,1
13:24:34.45700,1906.500,1
13:24:34.57400,1906.500,6
13:24:34.68300,1906.500,15
13:24:34.80000,1906.750,12
13:24:34.94100,1906.500,17
13:24:35.06600,1906.500,7
13:24:35.08900,1906.750,2
13:24:35.71000,1906.500,1
13:24:37.75700,1906.500,1
13:24:38.34300,1906.500,3
13:24:38.55000,1906.500,5
13:24:39.11300,1906.250,86
13:24:39.33500,1906.250,159
13:24:43.07000,1906.250,68
13:24:43.17500,1906.250,20
13:24:43.25300,1906.250,8
13:24:43.38200,1906.250,19
13:24:43.55000,1906.250,8
13:24:45.89800,1906.250,31
13:24:46.17500,1906.250,8
13:24:46.30800,1906.250,50
13:24:46.32000,1906.250,7
13:24:47.21000,1906.250,4
13:24:47.26100,1906.250,1
13:24:47.94900,1906.250,3
13:24:48.51500,1906.000,1
13:24:48.91400,1906.000,1
13:24:50.06200,1906.000,1
13:24:51.64000,1906.250,2
13:24:51.70300,1906.250,1
13:24:53.79200,1906.000,1
13:24:54.21000,1906.250,12
13:24:54.29600,1906.250,2
13:24:54.83200,1906.250,49
13:24:55.38600,1906.250,2
13:24:56.55000,1906.250,7
13:24:57.19100,1906.250,2
13:24:57.34300,1906.250,1
13:24:58.91400,1906.000,1
13:24:59.01500,1906.250,4
13:24:59.14800,1906.250,6
13:24:59.32000,1906.500,1
13:25:00.40600,1906.500,47
13:25:00.80800,1906.500,1
13:25:01.07400,1906.500,1
13:25:01.51900,1906.500,1
13:25:01.92900,1906.500,53
13:25:02.48000,1906.750,10
13:25:03.19500,1906.500,49
13:25:04.04200,1906.500,2
13:25:04.26100,1906.500,2
13:25:04.32800,1906.500,4
13:25:04.51100,1906.250,65
13:25:04.54600,1906.250,1
13:25:04.67100,1906.250,3
13:25:05.17500,1906.250,1
13:25:06.37800,1906.250,2
13:25:06.62500,1906.250,1
13:25:08.04600,1906.250,2
13:25:08.33200,1906.250,1
13:25:08.87800,1906.250,44
13:25:09.07000,1906.250,13
13:25:10.07800,1906.250,1
13:25:10.26900,1906.250,1
13:25:10.95700,1906.250,1
13:25:11.71400,1906.250,2
13:25:12.27300,1906.250,1
13:25:13.27700,1906.250,7
13:25:14.03900,1906.250,1
13:25:15.78900,1906.250,3
13:25:16.85100,1906.250,50
13:25:17.07800,1906.250,4
13:25:18.08200,1906.500,1
13:25:18.45300,1906.250,19
13:25:19.41400,1906.000,2
13:25:19.44100,1906.000,1
13:25:20.45700,1906.000,1
13:25:20.76500,1906.000,1
13:25:20.89800,1906.250,1
13:25:21.56200,1906.000,12
13:25:25.64800,1906.250,46
13:25:25.88200,1906.250,4
13:25:26.30400,1906.250,1
13:25:26.89800,1906.250,4
13:25:27.01500,1906.250,17
13:25:27.08500,1906.250,3
13:25:27.65200,1906.250,1
13:25:29.70300,1906.250,1
13:25:30.17500,1906.000,2
13:25:32.13600,1906.000,1
13:25:32.32400,1906.000,4
13:25:33.89800,1906.000,172
13:25:34.10100,1905.750,52
13:25:34.26900,1905.750,21
13:25:34.33500,1906.000,5
13:25:34.74200,1905.750,4
13:25:34.82000,1905.750,2
13:25:35.68700,1905.750,2
13:25:35.77300,1905.750,1
13:25:36.07000,1906.000,6
13:25:37.23800,1906.000,38
13:25:37.30800,1906.000,1
13:25:37.56600,1906.000,5
13:25:37.88600,1906.000,4
13:25:38.46000,1906.000,1
13:25:39.51900,1906.250,1
13:25:39.96400,1906.000,1
13:25:41.23800,1906.250,1
13:25:41.51500,1906.250,1
13:25:41.89800,1906.000,1
13:25:44.41400,1906.000,1
13:25:45.00300,1906.000,1
13:25:45.93700,1906.000,1
13:25:46.66700,1906.000,8
13:25:47.37800,1906.000,40
13:25:48.38600,1906.000,1
13:25:48.68700,1905.500,566
13:25:48.69500,1905.500,11
13:25:48.69900,1905.500,37
13:25:48.70300,1905.500,21
13:25:48.70300,1905.500,27
13:25:48.71000,1905.500,2
13:25:49.71800,1905.500,60
13:25:50.16400,1905.250,12
13:25:50.74600,1905.250,1
13:25:50.87100,1905.250,4
13:25:51.03100,1905.500,27
13:25:51.54600,1905.500,49
13:25:51.72200,1905.500,2
13:25:51.94900,1905.500,1
13:25:52.27300,1905.500,8
13:25:52.78100,1905.750,5
13:25:53.71000,1905.500,1
13:25:54.12100,1905.500,1
13:25:54.60500,1905.500,2
13:25:54.77700,1905.750,3
13:25:55.27700,1905.500,64
13:25:55.27700,1905.500,7
13:25:55.61300,1905.750,1
13:25:55.78100,1905.500,18
13:25:55.87100,1905.500,7
13:25:56.49600,1905.500,5
13:25:57.23000,1905.750,1
13:25:57.38600,1905.500,1
13:25:57.67900,1905.500,28
13:25:57.91000,1905.500,1
13:25:58.29600,1905.500,2
13:25:58.35900,1905.500,51
13:25:58.65200,1905.500,2
13:25:58.94100,1905.500,5
13:25:59.21400,1905.500,50
13:25:59.72600,1905.500,11
13:26:00.42500,1905.500,12
13:26:01.60500,1905.500,1
13:26:02.19500,1905.500,11
13:26:02.22200,1905.500,1
13:26:02.32400,1905.500,14
13:26:03.23000,1905.500,12
13:26:03.39000,1905.500,3
13:26:03.48400,1905.500,7
13:26:03.64000,1905.750,15
13:26:04.07000,1905.500,3
13:26:04.39800,1905.500,13
13:26:04.64400,1905.500,28
13:26:05.43700,1905.500,1
13:26:05.68700,1905.750,1
13:26:05.85500,1905.500,1
13:26:06.57000,1905.500,28
13:26:07.39400,1905.500,11
13:26:10.34700,1905.500,1
13:26:10.89000,1905.500,1
13:26:11.23800,1905.500,40
13:26:11.64400,1905.500,15
13:26:12.64800,1905.250,2
13:26:12.89800,1905.500,5
13:26:13.81600,1905.500,1
13:26:15.03100,1905.500,1
13:26:15.35100,1905.250,2
13:26:16.77300,1905.250,1
13:26:17.00000,1905.250,1
13:26:17.55800,1905.500,5
13:26:18.30000,1905.250,6
13:26:19.04600,1905.500,5
13:26:19.73000,1905.250,3
13:26:23.05800,1905.250,89
13:26:23.20300,1905.000,3
13:26:24.46400,1905.000,1
13:26:24.68700,1905.000,1
13:26:25.27300,1905.250,65
13:26:25.27300,1905.250,39
13:26:25.57000,1905.250,1
13:26:25.71000,1905.250,1
13:26:26.12500,1905.250,2
13:26:27.32000,1905.500,4
13:26:27.78900,1905.250,161
13:26:28.08200,1905.250,2
13:26:28.27700,1905.250,18
13:26:29.00300,1905.250,1
13:26:30.37100,1905.250,240
13:26:30.37100,1905.250,29
13:26:30.51100,1905.250,2
13:26:30.62500,1905.500,50
13:26:31.41700,1905.250,2
13:26:32.89000,1905.500,1
13:26:34.09700,1905.250,1
13:26:34.60900,1905.250,21
13:26:35.20700,1905.250,66
13:26:35.64400,1905.250,1
13:26:36.48400,1905.000,7
13:26:37.25300,1905.000,1
13:26:37.52700,1905.000,1
13:26:37.86300,1905.000,3
13:26:38.23800,1904.750,966
13:26:38.24200,1904.750,7
13:26:38.24200,1904.750,53
13:26:38.24600,1904.750,19
13:26:38.25000,1904.500,15
13:26:38.38600,1904.500,11
13:26:38.62500,1904.500,4
13:26:38.76100,1904.250,91
13:26:38.82000,1904.250,6
13:26:39.06200,1904.500,124
13:26:39.44100,1904.500,19
13:26:39.65600,1904.500,14
13:26:39.72600,1904.500,5
13:26:40.17100,1904.250,2
13:26:40.79200,1904.500,46
13:26:41.34700,1904.500,51
13:26:41.66400,1904.500,2
13:26:41.86300,1904.500,1
13:26:42.03100,1904.500,49
13:26:42.42500,1904.500,5
13:26:42.50300,1904.500,1
13:26:43.39800,1904.750,1
13:26:43.70300,1904.500,3
13:26:44.26500,1904.500,2
13:26:44.75300,1904.500,3
13:26:46.37500,1904.500,1
13:26:46.51100,1904.500,2
13:26:47.32400,1904.500,6
13:26:47.65600,1904.500,2
13:26:48.70700,1904.500,67
13:26:49.05400,1904.250,102
13:26:49.26900,1904.250,2
13:26:49.95300,1904.500,124
13:26:49.96000,1904.750,184
13:26:50.07400,1904.500,3
13:26:50.56600,1904.500,1
13:26:50.73800,1904.500,4
13:26:51.07000,1904.500,1
13:26:51.37100,1904.500,1
13:26:51.73000,1904.500,3
13:26:52.22600,1904.500,1
13:26:52.43300,1904.750,16
13:26:52.51100,1904.500,1
13:26:52.95300,1904.750,1
13:26:53.38200,1904.500,2
13:26:53.61700,1904.500,31
13:26:55.81600,1904.500,1
13:26:57.46400,1904.500,55
13:26:57.71400,1904.500,87
13:26:58.16400,1904.750,15
13:26:58.58500,1904.500,2
13:26:59.12500,1904.500,2
13:26:59.39400,1904.500,3
13:27:01.02300,1904.500,57
13:27:01.66700,1904.500,13
13:27:02.39800,1904.250,3
13:27:03.21000,1904.750,13
13:27:03.42100,1904.750,3
13:27:03.72200,1904.500,4
13:27:04.25700,1904.500,1
13:27:04.39400,1904.500,1
13:27:04.51900,1904.500,3
13:27:04.81200,1904.500,1
13:27:05.09700,1904.500,3
13:27:05.66000,1904.750,99
13:27:05.73400,1904.750,63
13:27:08.04200,1904.750,4
13:27:09.19500,1904.500,29
13:27:09.39000,1904.500,13
13:27:10.36700,1904.750,2
13:27:10.65200,1904.500,49
13:27:10.83500,1904.500,1
13:27:11.16700,1904.250,1
13:27:12.10100,1904.250,1
13:27:13.71800,1904.250,20
13:27:16.28500,1904.500,1
13:27:18.46800,1904.250,137
13:27:18.63200,1904.250,19
13:27:18.69900,1904.250,4
13:27:18.79200,1904.250,4
13:27:19.38200,1904.250,72
13:27:19.38200,1904.250,11
13:27:19.83200,1904.000,22
13:27:19.92900,1904.250,26
13:27:20.14000,1904.250,2
13:27:20.62800,1904.250,17
13:27:20.90600,1904.250,5
13:27:21.14800,1904.250,1
13:27:21.17500,1904.250,1
13:27:21.39400,1904.250,13
13:27:22.67900,1904.500,41
13:27:23.01100,1904.250,1
13:27:24.66700,1904.500,1
13:27:25.11300,1904.500,2
13:27:25.62100,1904.500,1
13:27:25.83900,1904.250,1
13:27:26.27300,1904.250,226
13:27:27.10900,1904.250,23
13:27:27.36700,1904.500,2
13:27:27.66000,1904.250,12
13:27:28.32000,1904.250,2
13:27:28.68300,1904.250,3
13:27:28.80400,1904.250,2
13:27:29.00000,1904.250,1
13:27:30.34300,1904.250,2
13:27:32.33500,1904.250,5
13:27:33.73800,1904.500,1
13:27:34.48400,1904.500,37
13:27:35.24600,1904.250,1
13:27:36.50700,1904.500,20
13:27:36.87800,1904.500,12
13:27:38.23000,1904.500,19
13:27:39.24200,1904.500,19
13:27:39.58900,1904.250,2
13:27:40.52300,1904.750,241
13:27:40.85100,1904.500,1
13:27:44.49600,1904.750,2
13:27:44.93300,1904.750,10
13:27:45.20700,1904.500,60
13:27:45.44100,1904.500,38
13:27:45.96000,1904.500,2
13:27:46.30800,1904.500,35
13:27:46.74600,1904.750,1
13:27:47.51900,1904.750,2
13:27:47.53100,1904.500,1
13:27:48.78100,1904.500,9
13:27:50.12100,1904.500,1
13:27:50.19900,1904.500,62
13:27:52.57800,1904.750,1
13:27:53.78500,1904.750,103
13:27:54.09700,1905.000,7
13:27:54.21800,1905.000,1
13:27:54.76900,1905.000,1
13:27:57.88200,1905.000,113
13:27:57.88200,1905.000,63
13:27:58.25000,1905.000,2
13:27:59.07400,1905.000,35
13:27:59.32800,1905.000,1
13:27:59.70300,1905.000,1
13:28:02.28100,1905.000,7
13:28:04.01500,1905.000,1
13:28:04.87500,1905.000,15
13:28:06.38600,1905.000,53
13:28:06.46000,1905.000,1
13:28:07.42900,1905.250,15
13:28:07.76500,1905.250,1
13:28:07.94500,1905.250,1
13:28:08.55800,1905.000,10
13:28:09.66400,1905.250,2
13:28:09.87100,1905.000,1
13:28:10.03900,1905.250,1
13:28:10.89400,1905.250,1
13:28:11.73000,1905.250,2
13:28:14.46000,1905.500,151
13:28:15.32400,1905.500,42
13:28:15.78900,1905.500,7
13:28:16.63200,1905.500,1
13:28:17.01500,1905.500,2
13:28:17.16400,1905.500,110
13:28:17.75300,1905.500,150
13:28:17.82400,1905.500,1
13:28:18.02700,1905.250,1
13:28:18.28900,1905.500,1
13:28:18.71400,1905.250,67
13:28:19.23000,1905.250,10
13:28:19.42900,1905.250,18
13:28:19.88200,1905.250,3
13:28:20.23000,1905.250,6
13:28:20.35500,1905.250,15
13:28:20.70700,1905.250,1
13:28:21.11300,1905.250,1
13:28:21.45300,1905.250,1
13:28:22.43700,1905.000,1
13:28:22.83500,1905.250,11
13:28:24.94900,1905.250,54
13:28:27.34300,1905.250,130
13:28:28.67500,1905.250,4
13:28:29.00300,1905.250,23
13:28:30.28100,1905.250,2
13:28:30.44100,1905.000,2
13:28:31.32400,1905.250,9
13:28:32.39000,1905.250,1
13:28:35.57400,1905.250,26
13:28:36.07800,1905.500,4
13:28:36.88200,1905.500,1
13:28:38.03100,1905.250,17
13:28:38.17900,1905.250,2
13:28:38.93700,1905.500,27
13:28:41.72200,1905.250,1
13:28:42.28500,1905.250,6
13:28:46.42900,1905.250,46
13:28:47.69900,1905.500,5
13:28:47.75000,1905.500,9
13:28:48.08500,1905.500,1
13:28:48.26900,1905.500,3
13:28:49.87800,1905.250,27
13:28:50.08900,1905.250,25
13:28:52.93300,1905.250,62
13:28:53.72600,1905.250,1
13:28:54.59700,1905.250,2
13:28:54.74200,1905.250,28
13:28:55.72200,1905.250,8
13:28:56.15600,1905.250,1
13:28:58.43300,1905.250,1
13:29:00.48400,1905.250,12
13:29:00.56200,1905.250,1
13:29:00.66400,1905.250,18
13:29:02.09700,1905.250,4
13:29:02.17900,1905.250,5
13:29:03.00300,1905.250,5
13:29:03.44900,1905.250,9
13:29:03.70300,1905.250,13
13:29:06.82400,1905.250,31
13:29:08.53100,1905.500,2
13:29:09.03900,1905.250,1
13:29:10.85500,1905.250,42
13:29:10.87500,1905.250,22
13:29:11.41400,1905.500,10
13:29:11.73000,1905.250,1
13:29:13.30800,1905.500,1
13:29:14.33900,1905.500,1
13:29:17.62800,1905.250,59
13:29:17.62800,1905.250,8
13:29:20.78100,1905.250,1
13:29:22.41000,1905.500,1
13:29:23.86700,1905.250,46
13:29:24.69900,1905.250,5
13:29:25.59700,1905.250,20
13:29:28.71000,1905.250,1
13:29:29.25300,1905.250,13
13:29:29.45700,1905.250,14
13:29:29.64800,1905.250,12
13:29:30.53100,1905.000,1
13:29:32.26900,1905.250,40
13:29:35.51500,1905.250,70
13:29:36.69900,1905.000,1
13:29:37.15600,1905.250,26
13:29:37.54200,1905.250,1
13:29:38.11700,1905.250,2
13:29:38.48400,1905.250,1
13:29:39.50300,1905.250,1
13:29:39.73800,1905.250,1
13:29:41.32800,1905.750,144
13:29:41.58200,1905.500,45
13:29:41.76500,1905.250,15
13:29:42.06200,1905.250,2
13:29:42.42500,1905.250,23
13:29:49.08900,1905.250,1
13:29:49.78500,1905.250,105
13:29:50.73000,1905.250,28
13:29:50.73000,1905.250,12
13:29:54.52300,1905.500,56
13:29:57.56200,1905.750,122
13:29:57.66000,1905.750,15
13:29:58.91700,1905.750,1
13:29:59.15200,1905.500,2
13:29:59.74200,1905.750,48
13:30:00.08900,1905.750,2
13:30:00.17100,1905.750,1
13:30:00.30000,1905.750,2
13:30:00.46000,1905.750,63
13:30:00.69900,1906.000,19
13:30:00.86300,1905.750,3
13:30:00.94900,1906.000,1
13:30:01.11300,1906.000,1
13:30:01.24600,1906.000,2
13:30:01.70300,1905.750,61
13:30:01.73000,1906.000,8
13:30:02.11700,1906.000,3
13:30:02.33200,1906.000,1
13:30:02.64800,1905.750,2
13:30:02.90600,1905.750,1
13:30:03.61300,1905.750,2
13:30:03.82000,1906.000,5
13:30:04.71800,1906.000,1
13:30:05.33200,1905.750,1
13:30:05.64800,1905.750,94
13:30:05.78100,1905.750,16
13:30:06.01900,1905.750,6
13:30:07.67100,1905.750,4
13:30:08.13200,1906.000,246
13:30:08.13600,1906.000,10
13:30:08.14800,1906.250,52
13:30:08.14800,1906.250,39
13:30:08.17900,1906.250,85
13:30:08.30000,1906.250,7
13:30:08.44500,1906.500,10
13:30:08.52700,1906.500,4
13:30:08.73400,1906.500,4
13:30:08.83900,1906.500,2
13:30:09.16700,1906.500,3
13:30:09.50000,1906.500,2
13:30:10.16400,1906.250,3
13:30:10.42100,1906.250,1
13:30:10.67500,1906.250,127
13:30:10.91000,1906.250,7
13:30:11.12800,1906.500,5
13:30:11.66700,1906.500,1
13:30:11.89000,1906.500,35
13:30:12.12500,1906.500,4
13:30:12.32800,1906.500,130
13:30:12.44100,1906.250,219
13:30:12.52300,1906.250,46
13:30:12.57000,1906.250,27
13:30:12.89800,1906.500,3
13:30:13.15600,1906.250,2
13:30:14.42900,1906.500,2
13:30:14.54200,1906.250,37
13:30:14.71400,1906.000,4
13:30:14.94900,1906.250,252
13:30:15.02700,1906.500,4
13:30:15.17900,1906.250,1
13:30:16.55800,1906.500,2
13:30:17.27700,1906.500,1
13:30:17.72600,1906.500,1
13:30:18.26100,1906.500,2
13:30:19.03100,1906.250,1
13:30:19.33500,1906.500,1
13:30:20.20300,1906.250,2
13:30:20.60500,1906.250,3
13:30:20.62800,1906.500,1
13:30:20.78100,1906.000,140
13:30:20.80000,1906.000,1
13:30:21.95700,1905.750,2
13:30:22.45700,1906.000,1
13:30:22.71000,1906.000,1
13:30:23.20700,1905.750,3
13:30:26.55000,1906.000,1
13:30:27.33200,1905.750,135
13:30:27.55000,1905.750,26
13:30:27.79600,1906.000,1
13:30:28.17100,1905.750,1
13:30:28.26100,1905.750,1
13:30:28.44500,1905.750,1
13:30:28.76900,1905.750,8
13:30:30.02700,1905.750,48
13:30:30.18700,1906.000,3
13:30:30.24200,1905.750,1
13:30:32.12800,1905.750,2
13:30:32.43700,1906.000,5
13:30:34.12100,1906.000,3
13:30:34.60900,1906.000,20
13:30:35.20700,1906.000,1
13:30:35.83900,1906.000,2
13:30:36.01500,1906.000,3
13:30:37.80400,1905.750,4
13:30:38.37800,1905.750,24
13:30:38.67100,1905.750,76
13:30:40.01500,1906.000,1
13:30:45.91400,1905.750,2
13:30:46.66400,1905.750,5
13:30:47.68700,1905.750,1
13:30:49.58500,1905.750,1
13:30:50.11300,1905.750,70
13:30:50.25300,1906.000,56
13:30:50.82000,1906.000,4
13:30:50.83900,1906.000,1
13:30:51.58200,1905.750,3
13:30:52.01900,1905.750,25
13:30:52.27700,1906.000,1
13:30:55.32800,1905.750,38
13:30:55.38200,1905.750,10
13:30:56.48800,1906.000,25
13:30:57.18300,1906.000,3
13:30:57.83200,1906.000,1
13:30:58.47200,1905.750,103
13:31:02.42500,1906.000,3
13:31:02.57400,1906.000,1
13:31:02.66700,1905.750,3
13:31:05.92500,1906.000,5
13:31:06.25000,1905.750,1
13:31:07.81600,1905.750,62
13:31:07.86300,1905.750,28
13:31:08.18300,1905.750,1
13:31:08.66400,1905.750,2
13:31:08.74600,1905.750,77
13:31:10.04600,1905.750,1
13:31:10.59700,1905.750,63
13:31:10.71000,1905.750,8
13:31:11.01900,1905.750,1
13:31:14.47600,1906.000,85
13:31:16.13600,1905.750,114
13:31:17.12100,1905.750,2
13:31:17.87800,1905.500,1
13:31:18.35100,1905.750,41
13:31:19.42100,1905.500,1
13:31:22.43300,1905.750,1
13:31:23.27300,1905.500,75
13:31:23.27300,1905.500,12
13:31:23.84700,1905.500,1
13:31:23.91400,1905.250,59
13:31:24.07400,1905.000,6
13:31:24.19100,1905.000,1
13:31:24.66000,1905.000,1
13:31:24.80800,1905.000,1
13:31:25.34300,1905.250,5
13:31:25.58500,1905.000,1
13:31:26.01900,1905.250,36
13:31:26.14000,1905.250,35
13:31:26.44100,1905.250,1
13:31:27.29600,1905.250,1
13:31:28.71400,1905.250,1
13:31:29.47200,1905.250,2
13:31:29.53100,1905.250,19
13:31:29.62500,1905.250,11
13:31:29.85900,1905.250,2
13:31:30.73000,1905.250,4
13:31:31.71800,1905.250,16
13:31:31.81200,1905.250,1
13:31:31.96400,1905.250,13
13:31:32.52300,1905.250,22
13:31:35.27300,1905.250,65
13:31:35.62800,1905.250,8
13:31:36.30400,1905.250,1
13:31:37.06600,1905.250,1
13:31:37.71800,1905.250,1
13:31:39.26100,1905.250,1
13:31:40.26900,1905.250,1
13:31:42.38200,1905.250,14
13:31:42.60100,1905.250,15
13:31:43.72200,1905.250,53
13:31:44.94100,1905.250,75
13:31:45.80800,1904.750,689
13:31:45.89800,1905.000,136
13:31:46.62500,1905.000,4
13:31:46.80000,1905.000,1
13:31:47.10500,1905.000,1
13:31:47.86700,1905.250,48
13:31:48.30000,1905.250,1
13:31:48.75000,1905.250,63
13:31:50.01100,1905.250,1
13:31:50.74600,1905.250,1
13:31:51.77700,1905.000,2
13:31:52.44900,1905.000,3
13:31:56.68300,1905.250,32
13:31:56.95300,1905.250,42
13:31:57.30400,1905.250,16
13:31:57.47600,1905.250,1
13:31:58.21400,1905.000,215
13:31:58.33900,1905.000,7
13:31:58.53500,1905.250,30
13:31:58.90600,1905.000,1
13:31:59.56200,1905.000,2
13:32:01.53900,1905.000,31
13:32:02.07800,1905.000,5
13:32:02.72200,1905.000,1
13:32:02.89400,1905.250,1
13:32:03.25300,1904.500,300
13:32:03.45300,1904.500,189
13:32:03.45700,1904.500,3
13:32:03.57800,1904.250,6
13:32:03.82000,1904.500,67
13:32:04.56200,1904.500,3
13:32:05.73400,1904.250,1
13:32:06.18700,1904.500,22
13:32:06.67100,1904.500,3
13:32:06.79600,1904.250,1
13:32:07.00300,1904.250,7
13:32:07.05000,1904.250,2
13:32:07.22200,1904.250,9
13:32:07.66700,1904.500,5
13:32:07.70300,1904.250,3
13:32:07.79200,1904.250,1
13:32:08.17900,1904.500,1
13:32:08.53900,1904.500,1
13:32:09.96800,1904.500,80
13:32:10.71400,1904.500,1
13:32:10.87100,1904.250,1
13:32:11.48400,1904.500,2
13:32:12.44900,1904.250,46
13:32:12.65200,1904.250,51
13:32:13.35100,1904.500,3
13:32:13.93700,1904.250,56
13:32:14.08500,1904.250,6
13:32:14.42100,1904.250,19
13:32:14.53500,1904.250,1
13:32:14.57800,1904.250,1
13:32:15.05400,1904.250,2
13:32:15.27700,1904.250,1
13:32:15.34300,1904.250,1
13:32:15.46800,1904.250,1
13:32:15.76100,1904.250,4
13:32:16.26100,1904.250,4
13:32:16.62100,1904.250,80
13:32:16.66400,1904.500,21
13:32:17.44100,1904.250,2
13:32:18.03100,1904.500,8
13:32:18.31200,1904.250,1
13:32:18.47200,1904.500,5
13:32:18.80000,1904.250,11
13:32:19.14000,1904.250,1
13:32:19.25300,1904.250,11
13:32:19.54600,1904.250,4
13:32:19.82400,1904.250,78
13:32:20.14000,1904.000,9
13:32:20.48400,1904.250,1
13:32:20.77700,1904.000,3
13:32:21.12500,1904.250,32
13:32:21.13600,1904.250,1
13:32:21.35100,1904.500,31
13:32:21.41400,1904.250,26
13:32:21.45700,1904.250,8
13:32:21.64400,1904.250,12
13:32:21.83500,1904.500,16
13:32:22.19500,1904.250,7
13:32:22.26900,1904.250,33
13:32:22.30000,1904.500,4
13:32:22.48800,1904.250,8
13:32:22.68700,1904.500,3
13:32:22.96800,1904.250,1
13:32:23.11300,1904.250,50
13:32:23.20700,1904.500,11
13:32:23.35900,1904.250,1
13:32:23.58500,1904.250,1
13:32:26.66700,1904.250,2
13:32:26.80000,1904.500,86
13:32:27.10500,1904.500,36
13:32:27.16400,1904.500,1
13:32:27.25000,1904.500,2
13:32:27.35500,1904.500,28
13:32:27.64800,1904.500,5
13:32:29.55800,1904.500,4
13:32:29.70300,1904.250,43
13:32:30.07000,1904.500,5
13:32:30.14800,1904.500,11
13:32:30.26100,1904.500,1
13:32:30.55800,1904.500,2
13:32:32.33200,1904.500,1
13:32:32.58500,1904.500,1
