09:00:00.42900,1932.250,0
09:00:00.77700,1932.250,1
09:00:01.23800,1932.000,1
09:00:01.50000,1932.000,1
09:00:01.88600,1932.000,1
09:00:02.29600,1932.250,2
09:00:02.39400,1932.000,1
09:00:03.55000,1932.000,2
09:00:04.08900,1932.250,1
09:00:04.33500,1932.250,14
09:00:04.70300,1932.000,51
09:00:05.21000,1932.000,28
09:00:05.33900,1932.000,1
09:00:05.85900,1931.750,1
09:00:06.36700,1932.000,2
09:00:06.80000,1931.750,1
09:00:07.03900,1931.750,1
09:00:07.82000,1931.750,1
09:00:08.12800,1931.750,1
09:00:08.19500,1931.750,1
09:00:08.69100,1932.000,19
09:00:09.06200,1932.000,3
09:00:09.12500,1932.000,1
09:00:09.35100,1932.000,1
09:00:09.45300,1932.000,1
09:00:10.50300,1932.000,1
09:00:10.86700,1932.000,1
09:00:11.21000,1932.250,2
09:00:11.66000,1932.000,1
09:00:12.81600,1932.000,1
09:00:13.97200,1932.000,1
09:00:15.15200,1932.000,1
09:00:16.30400,1932.000,1
09:00:17.46000,1932.000,1
09:00:18.15600,1932.250,10
09:00:18.61700,1932.000,1
09:00:19.76900,1932.000,1
09:00:20.92500,1932.000,1
09:00:22.10500,1932.250,24
09:00:22.39800,1932.250,1
09:00:22.87800,1932.250,1
09:00:23.26100,1932.250,1
09:00:23.78500,1932.250,21
09:00:24.08500,1932.000,10
09:00:24.43300,1932.000,21
09:00:24.47600,1932.000,11
09:00:25.57400,1932.000,12
09:00:25.86700,1932.250,2
09:00:26.35900,1932.000,18
09:00:26.72600,1931.750,1
09:00:27.67500,1932.000,5
09:00:27.89400,1932.000,24
09:00:28.08500,1932.000,3
09:00:28.81600,1932.000,5
09:00:29.05800,1931.750,1
09:00:30.21400,1931.750,1
09:00:31.37100,1931.750,25
09:00:32.00300,1931.750,1
09:00:32.16000,1932.000,19
09:00:32.39000,1932.250,2
09:00:32.52300,1932.000,1
09:00:33.67900,1932.000,1
09:00:34.21800,1932.250,1
09:00:34.83500,1932.000,1
09:00:34.95700,1932.000,21
09:00:35.53100,1932.000,12
09:00:36.01500,1931.750,1
09:00:37.17100,1931.750,1
09:00:37.34700,1932.250,5
09:00:37.44100,1932.250,3
09:00:38.11700,1932.250,24
09:00:38.32400,1932.000,1
09:00:39.01500,1932.000,1
09:00:39.48000,1932.000,2
09:00:40.44100,1932.250,16
09:00:40.78100,1932.250,3
09:00:40.91000,1932.250,3
09:00:40.93300,1932.500,8
09:00:41.06200,1932.500,34
09:00:41.40600,1932.500,13
09:00:41.79200,1932.500,1
09:00:42.01900,1932.500,1
09:00:42.67900,1932.750,8
09:00:43.08200,1932.500,6
09:00:44.12500,1932.500,1
09:00:44.21000,1932.750,5
09:00:44.72200,1932.750,1
09:00:44.93700,1932.750,5
09:00:45.28100,1932.500,1
09:00:46.43700,1932.500,1
09:00:47.58900,1932.500,1
09:00:48.07800,1932.750,14
09:00:48.24200,1932.750,2
09:00:48.52700,1932.750,8
09:00:48.74600,1932.750,1
09:00:48.83900,1932.750,3
09:00:48.92500,1932.750,1
09:00:49.01500,1932.750,1
09:00:49.33500,1932.750,4
09:00:49.46800,1933.000,6
09:00:49.92900,1933.000,5
09:00:50.86300,1933.000,1
09:00:50.96400,1933.000,47
09:00:51.08200,1933.000,1
09:00:51.24600,1933.000,16
09:00:51.54200,1933.000,1
09:00:51.86700,1933.000,3
09:00:52.03100,1933.000,1
09:00:52.27700,1933.000,3
09:00:52.57800,1933.000,1
09:00:52.76100,1933.000,3
09:00:52.97200,1932.750,2
09:00:53.39000,1932.750,1
09:00:54.54200,1932.750,1
09:00:54.92500,1932.750,2
09:00:55.70300,1932.750,1
09:00:56.03100,1932.750,51
09:00:56.87100,1932.750,2
09:00:58.03500,1932.750,1
09:00:58.95300,1932.750,17
09:00:59.13200,1932.750,5
09:00:59.26500,1932.750,6
09:00:59.42100,1932.750,5
09:00:59.62100,1932.750,10
09:00:59.97200,1932.750,2
09:01:01.50000,1932.500,2
09:01:02.66000,1932.500,1
09:01:03.69900,1932.500,44
09:01:03.81200,1932.500,8
09:01:04.21800,1932.750,52
09:01:04.47600,1933.000,6
09:01:04.65600,1932.750,1
09:01:04.96400,1932.750,1
09:01:05.62500,1933.250,256
09:01:05.74200,1933.250,6
09:01:06.15600,1933.000,6
09:01:06.27700,1933.250,7
09:01:06.52700,1933.250,1
09:01:06.82800,1933.250,1
09:01:07.39800,1933.250,2
09:01:07.54200,1933.000,10
09:01:07.66400,1933.000,1
09:01:08.57800,1933.000,17
09:01:08.69900,1933.000,1
09:01:09.61300,1933.000,1
09:01:10.28100,1933.250,126
09:01:10.51500,1933.250,11
09:01:10.60100,1933.250,1
09:01:10.76500,1933.000,1
09:01:11.92100,1933.000,1
09:01:13.10100,1933.000,1
09:01:14.25300,1933.000,1
09:01:14.43700,1933.250,1
09:01:15.19900,1933.250,1
09:01:15.32000,1933.000,1
09:01:15.41000,1933.000,1
09:01:16.69900,1933.250,3
09:01:16.92900,1933.000,1
09:01:17.08200,1933.250,1
09:01:17.25300,1933.000,1
09:01:17.80000,1933.250,3
09:01:18.95700,1933.250,3
09:01:19.61300,1933.000,63
09:01:20.17100,1933.000,4
09:01:20.18300,1933.000,1
09:01:20.56600,1933.000,1
09:01:21.00700,1932.750,46
09:01:21.21000,1932.500,1
09:01:21.28100,1932.750,12
09:01:21.51900,1933.000,2
09:01:22.36700,1932.750,1
09:01:22.83500,1932.750,28
09:01:23.52300,1932.750,1
09:01:23.58900,1933.000,1
09:01:24.51500,1932.750,1
09:01:24.67500,1932.750,1
09:01:24.83900,1932.750,9
09:01:25.04600,1932.500,3
09:01:25.41400,1932.750,3
09:01:25.83200,1932.500,1
09:01:26.51100,1932.750,2
09:01:27.01100,1932.500,1
09:01:27.24600,1932.500,1
09:01:28.16400,1932.500,1
09:01:28.82000,1932.750,1
09:01:28.95300,1932.500,15
09:01:29.32000,1932.500,1
09:01:30.47600,1932.500,2
09:01:30.95700,1932.500,25
09:01:31.63200,1932.500,1
09:01:31.90600,1932.500,10
09:01:32.63200,1932.500,26
09:01:32.78900,1932.500,1
09:01:32.96000,1932.500,14
09:01:33.18700,1932.750,56
09:01:33.50700,1932.500,8
09:01:33.94100,1932.500,1
09:01:35.12100,1932.500,1
09:01:36.16000,1932.750,17
09:01:36.27700,1932.500,1
09:01:36.86700,1932.750,6
09:01:37.25700,1932.750,1
09:01:37.37500,1932.750,4
09:01:37.43300,1932.750,1
09:01:38.00700,1932.750,7
09:01:38.45700,1933.000,12
09:01:38.58500,1932.750,1
09:01:39.09300,1933.000,2
09:01:39.74200,1932.750,1
09:01:39.91000,1933.000,1
09:01:40.89800,1932.750,1
09:01:41.94100,1933.000,2
09:01:42.07400,1932.750,1
09:01:43.28100,1933.000,2
09:01:43.76500,1933.000,1
09:01:44.38600,1932.750,1
09:01:44.55400,1933.000,55
09:01:45.41700,1933.250,206
09:01:45.54200,1933.250,3
09:01:45.74200,1933.250,1
09:01:46.48400,1933.250,2
09:01:46.69900,1933.250,1
09:01:47.62500,1933.500,7
09:01:47.85100,1933.250,1
09:01:49.03100,1933.250,1
09:01:49.58200,1933.500,1
09:01:49.83200,1933.750,217
09:01:50.26100,1933.500,5
09:01:50.46400,1933.500,2
09:01:50.56600,1933.750,1
09:01:51.05000,1933.750,57
09:01:51.05800,1933.750,1
09:01:51.26500,1934.000,15
09:01:51.34300,1933.750,9
09:01:51.74600,1934.000,4
09:01:51.88200,1934.000,40
09:01:52.03900,1934.000,1
09:01:52.35900,1934.000,14
09:01:52.49600,1933.750,2
09:01:52.68700,1933.750,1
09:01:53.19100,1934.000,1
09:01:53.54600,1934.000,2
09:01:53.65200,1933.750,1
09:01:53.75000,1934.000,48
09:01:53.80800,1934.000,46
09:01:53.89000,1934.000,1
09:01:54.08500,1934.000,20
09:01:54.30000,1934.000,2
09:01:54.39800,1934.000,1
09:01:54.69100,1934.500,475
09:01:54.91000,1934.250,172
09:01:54.95700,1934.250,1
09:01:55.29200,1934.250,45
09:01:55.71400,1934.250,66
09:01:55.96000,1934.000,8
09:01:56.42100,1933.750,40
09:01:57.00300,1934.000,53
09:01:57.14000,1933.750,1
09:01:57.35500,1934.000,1
09:01:58.29600,1933.750,2
09:01:58.47600,1934.000,5
09:01:58.64000,1934.000,1
09:01:59.03100,1934.000,5
09:01:59.25700,1934.000,2
09:01:59.45300,1933.750,1
09:01:59.50700,1934.000,2
09:02:00.60500,1933.750,21
09:02:00.85100,1933.750,3
09:02:01.01900,1934.000,10
09:02:01.28900,1934.000,1
09:02:01.63200,1933.750,1
09:02:01.80000,1934.000,12
09:02:02.30800,1934.000,3
09:02:02.45300,1934.000,2
09:02:02.91700,1933.750,1
09:02:03.71800,1933.750,1
09:02:04.09700,1933.750,1
09:02:04.32000,1933.750,28
09:02:05.17500,1934.000,49
09:02:05.27300,1933.750,1
09:02:06.05400,1933.750,82
09:02:06.13600,1933.750,1
09:02:06.40600,1933.500,1
09:02:06.72200,1933.750,2
09:02:06.79200,1933.750,1
09:02:07.56200,1933.750,29
09:02:07.87500,1933.750,5
09:02:08.30800,1933.750,4
09:02:08.59300,1933.750,1
09:02:08.71800,1933.500,1
09:02:09.05400,1933.750,1
09:02:09.18700,1933.750,1
09:02:09.39000,1933.750,1
09:02:09.59700,1933.750,1
09:02:09.63600,1933.750,6
09:02:09.73400,1933.750,3
09:02:09.87500,1933.500,1
09:02:10.25700,1933.750,18
09:02:11.05000,1933.750,1
09:02:11.35500,1933.750,13
09:02:11.58500,1934.000,1
09:02:11.67100,1934.000,1
09:02:11.94900,1934.000,3
09:02:12.20700,1933.750,1
09:02:13.02300,1933.750,4
09:02:13.36300,1933.750,1
09:02:13.66000,1934.000,10
09:02:14.36700,1933.750,2
09:02:14.51900,1933.750,2
09:02:14.91400,1934.000,6
09:02:14.93700,1934.000,5
09:02:15.07000,1934.000,2
09:02:15.42900,1934.000,4
09:02:15.51900,1934.000,1
09:02:15.67100,1933.750,1
09:02:15.83900,1934.000,96
09:02:16.00300,1934.000,9
09:02:16.03100,1934.000,1
09:02:16.18300,1934.250,3
09:02:16.53900,1934.000,1
09:02:16.89400,1934.000,23
09:02:17.04200,1934.000,4
09:02:17.22600,1934.000,16
09:02:17.80800,1934.000,3
09:02:18.00700,1933.750,1
09:02:18.38600,1934.250,40
09:02:18.54200,1934.250,48
09:02:18.78500,1934.000,1
09:02:19.16000,1934.000,1
09:02:19.73800,1934.000,8
09:02:20.39800,1934.250,31
09:02:21.00000,1934.250,28
09:02:21.10500,1934.500,54
09:02:21.21000,1934.250,23
09:02:21.51900,1934.000,2
09:02:22.62800,1934.000,1
09:02:23.78100,1934.000,1
09:02:24.93700,1934.000,6
09:02:24.96400,1934.000,2
09:02:25.17900,1934.000,3
09:02:25.46400,1934.250,4
09:02:25.83900,1934.250,1
09:02:26.11700,1934.000,1
09:02:26.31600,1934.250,1
09:02:26.44500,1934.250,5
09:02:26.57400,1934.250,5
09:02:27.10500,1934.250,6
09:02:27.33500,1934.000,2
09:02:27.86700,1934.250,1
09:02:28.42900,1934.000,1
09:02:29.08500,1934.000,1
09:02:29.45300,1934.000,2
09:02:29.58200,1934.000,1
09:02:30.73800,1934.000,1
09:02:31.68300,1934.250,3
09:02:31.89400,1934.000,1
09:02:32.15600,1934.250,1
09:02:32.26100,1934.250,53
09:02:32.26100,1934.250,32
09:02:32.47200,1934.500,11
09:02:32.80400,1934.250,14
09:02:33.07000,1934.000,1
09:02:33.25700,1934.500,6
09:02:33.53500,1934.250,6
09:02:33.79600,1934.250,12
09:02:33.87100,1934.000,1
09:02:33.95300,1934.250,13
09:02:34.22600,1934.250,11
09:02:34.81600,1934.250,15
09:02:35.38200,1934.000,1
09:02:36.55400,1934.000,80
09:02:36.95700,1933.750,1
09:02:37.16000,1934.000,1
09:02:37.21800,1934.000,1
09:02:37.77700,1934.000,12
09:02:37.90200,1934.000,9
09:02:38.42100,1934.250,1
09:02:38.64000,1934.250,1
09:02:38.84700,1934.000,1
09:02:39.21000,1934.000,2
09:02:40.02300,1934.000,1
09:02:40.60500,1934.000,1
09:02:40.96000,1934.000,5
09:02:41.18300,1934.000,2
09:02:41.61300,1934.000,3
09:02:42.33500,1934.000,2
09:02:42.51500,1934.000,27
09:02:42.70300,1934.000,5
09:02:43.51100,1934.000,26
09:02:43.83200,1934.000,1
09:02:44.04200,1934.250,1
09:02:44.40600,1934.250,27
09:02:44.64800,1934.000,1
09:02:45.80400,1934.000,4
09:02:46.96000,1934.000,1
09:02:48.02300,1934.250,1
09:02:48.13600,1934.000,1
09:02:49.30400,1934.000,42
09:02:49.79600,1934.250,100
09:02:50.44900,1934.000,1
09:02:51.21400,1934.250,2
09:02:51.60100,1934.000,1
09:02:51.85500,1934.000,1
09:02:52.17100,1934.250,21
09:02:52.75700,1934.000,1
09:02:53.19100,1934.250,1
09:02:53.63200,1934.250,22
09:02:53.91400,1934.000,1
09:02:54.64800,1934.250,2
09:02:54.88600,1934.250,2
09:02:55.09300,1934.000,1
09:02:55.66400,1934.250,1
09:02:55.85500,1934.250,1
09:02:56.04200,1934.250,1
09:02:56.25000,1934.000,1
09:02:56.37100,1934.250,1
09:02:57.18300,1934.250,1
09:02:57.43700,1934.250,2
09:02:58.16400,1934.250,73
09:02:58.26900,1934.250,5
09:02:58.55800,1934.000,1
09:02:59.64800,1934.250,1
09:02:59.78100,1934.250,2
09:03:00.48000,1934.000,2
09:03:00.86700,1934.000,31
09:03:01.50300,1934.250,24
09:03:01.93700,1934.250,1
09:03:02.04600,1934.000,1
09:03:02.67900,1934.500,1
09:03:02.96400,1934.250,2
09:03:03.21800,1934.000,11
09:03:04.09700,1934.250,10
09:03:04.35900,1934.250,1
09:03:04.86700,1934.500,9
09:03:05.12100,1934.250,1
09:03:05.53100,1934.250,2
09:03:05.73000,1934.500,2
09:03:06.00700,1934.500,1
09:03:06.66700,1934.250,2
09:03:07.14800,1934.500,91
09:03:07.82400,1934.250,1
09:03:08.87500,1934.250,12
09:03:09.97200,1934.250,36
09:03:10.03900,1934.250,3
09:03:10.16000,1934.000,11
09:03:10.85900,1934.000,2
09:03:11.23000,1934.250,10
09:03:11.32000,1934.500,2
09:03:11.89000,1934.500,10
09:03:12.18700,1934.250,5
09:03:12.46800,1934.250,6
09:03:13.19900,1934.500,19
09:03:13.62500,1934.250,1
09:03:14.00700,1934.500,57
09:03:14.50000,1934.500,2
09:03:14.77700,1934.250,1
09:03:15.01900,1934.500,1
09:03:15.23800,1934.500,2
09:03:15.69900,1934.500,2
09:03:15.93300,1934.250,1
09:03:16.16700,1934.750,20
09:03:16.42900,1934.500,7
09:03:17.11300,1934.250,2
09:03:17.28100,1934.500,2
09:03:18.17500,1934.500,1
09:03:18.50700,1934.500,26
09:03:18.94500,1934.500,16
09:03:19.12500,1934.750,7
09:03:19.42500,1934.500,8
09:03:20.32400,1934.500,2
09:03:20.75300,1934.500,48
09:03:21.05000,1934.500,1
09:03:21.26900,1934.500,1
09:03:21.48000,1934.500,5
09:03:21.73400,1934.250,19
09:03:21.85500,1934.250,4
09:03:22.29600,1934.500,1
09:03:22.89000,1934.250,1
09:03:23.12500,1934.500,4
09:03:23.78100,1934.500,24
09:03:24.07000,1934.500,6
09:03:24.73400,1934.500,6
09:03:24.91400,1934.500,1
09:03:25.22200,1934.500,3
09:03:25.76900,1934.500,4
09:03:25.94100,1934.500,3
09:03:26.37800,1934.500,7
09:03:26.61700,1934.500,1
09:03:26.71000,1934.500,4
09:03:27.53500,1934.250,1
09:03:27.84300,1934.500,29
09:03:28.86700,1934.500,2
09:03:29.35100,1934.250,66
09:03:29.49200,1934.250,6
09:03:29.84300,1934.000,13
09:03:29.91700,1934.250,12
09:03:30.06200,1934.250,15
09:03:30.75000,1934.250,3
09:03:31.02300,1934.000,1
09:03:31.18700,1934.000,9
09:03:31.26100,1934.000,1
09:03:32.17900,1934.000,1
09:03:33.33500,1934.000,1
09:03:33.63600,1934.000,1
09:03:34.15200,1934.000,81
09:03:34.28500,1934.000,5
09:03:34.48800,1933.750,3
09:03:35.42900,1933.750,65
09:03:35.56200,1934.000,30
09:03:35.65600,1933.500,22
09:03:36.04200,1933.500,2
09:03:36.80000,1933.500,2
09:03:37.04200,1933.500,260
09:03:37.35500,1933.250,16
09:03:37.70700,1933.250,15
09:03:37.89800,1933.500,1
09:03:37.96400,1933.500,41
09:03:38.69900,1933.500,20
09:03:38.80800,1933.500,17
09:03:38.96800,1933.500,1
09:03:39.13200,1933.500,1
09:03:39.49200,1933.500,1
09:03:40.31600,1933.500,7
09:03:40.61700,1933.250,3
09:03:41.20700,1933.500,3
09:03:41.44500,1933.250,1
09:03:41.46000,1933.500,1
09:03:41.95300,1933.500,9
09:03:42.60100,1933.500,33
09:03:43.39000,1933.250,8
09:03:43.75300,1933.250,1
09:03:44.05800,1933.500,3
09:03:44.51500,1933.500,6
09:03:44.74200,1933.500,7
09:03:44.91000,1933.500,8
09:03:45.34700,1933.500,5
09:03:45.41700,1933.750,2
09:03:46.08900,1933.500,1
09:03:46.54200,1933.750,1
09:03:47.24200,1933.500,1
09:03:48.39800,1933.500,1
09:03:48.77300,1933.750,1
09:03:49.55400,1933.500,1
09:03:50.71000,1933.500,1
09:03:51.35100,1933.750,84
09:03:51.71000,1933.750,4
09:03:51.86700,1933.750,1
09:03:52.26500,1933.750,1
09:03:52.70300,1934.000,1
09:03:53.07000,1934.000,2
09:03:54.20300,1933.750,106
09:03:55.35500,1933.500,1
09:03:56.30800,1933.750,22
09:03:56.50700,1933.750,1
09:03:56.62500,1933.750,1
09:03:57.66400,1933.750,1
09:03:57.96400,1934.000,22
09:03:58.82000,1933.750,1
09:03:59.76900,1934.000,20
09:04:00.19100,1933.750,2
09:04:00.25700,1934.000,11
09:04:00.40600,1934.000,2
09:04:01.15600,1933.750,1
09:04:01.54200,1934.000,1
09:04:01.83900,1934.000,48
09:04:01.86700,1933.750,1
09:04:02.41700,1933.750,9
09:04:02.77700,1933.750,12
09:04:03.46400,1933.500,1
09:04:03.95700,1933.500,1
09:04:04.44500,1933.750,11
09:04:04.62100,1933.500,1
09:04:05.05400,1933.500,10
09:04:05.77700,1933.500,1
09:04:06.57000,1933.750,21
09:04:06.73400,1933.500,1
09:04:06.93300,1933.500,1
09:04:07.37800,1933.500,5
09:04:08.10900,1933.500,1
09:04:09.03900,1933.750,5
09:04:09.26500,1933.500,26
09:04:09.76100,1934.000,20
09:04:10.42100,1933.750,1
09:04:11.57400,1933.750,11
09:04:12.82800,1934.000,2
09:04:13.16400,1933.750,3
09:04:13.88600,1933.750,1
09:04:14.12100,1933.750,22
09:04:14.72600,1933.750,8
09:04:14.89400,1933.750,1
09:04:15.06200,1933.500,1
09:04:16.21800,1933.500,1
09:04:17.37500,1933.500,1
09:04:18.17900,1933.500,1
09:04:18.53100,1933.500,1
09:04:19.11700,1933.750,1
09:04:19.68700,1933.500,1
09:04:19.87100,1933.500,1
09:04:20.07000,1933.750,65
09:04:20.14800,1933.750,12
09:04:20.26100,1933.750,5
09:04:20.83900,1933.750,1
09:04:21.32400,1934.000,14
09:04:22.06600,1933.750,15
09:04:22.17100,1933.750,3
09:04:22.35100,1933.750,1
09:04:23.17500,1933.750,1
09:04:24.11700,1933.750,3
09:04:24.32800,1933.750,1
09:04:24.64800,1933.750,6
09:04:25.48400,1933.500,1
09:04:26.01100,1933.750,3
09:04:26.64000,1933.500,1
09:04:27.46800,1933.750,61
09:04:27.79600,1933.500,1
09:04:28.94900,1933.500,1
09:04:29.45700,1933.500,1
09:04:30.12800,1933.500,1
09:04:31.28500,1933.500,1
09:04:32.19100,1933.750,27
09:04:32.48400,1933.750,2
09:04:32.54200,1933.750,1
09:04:33.59700,1933.750,1
09:04:34.83200,1933.750,14
09:04:35.38600,1933.750,2
09:04:35.90600,1933.500,1
09:04:36.66400,1933.750,4
09:04:37.08500,1933.750,1
09:04:38.24200,1933.750,1
09:04:38.64800,1933.750,13
09:04:38.85100,1933.750,1
09:04:39.21800,1933.750,1
09:04:39.39400,1933.500,1
09:04:40.55000,1933.500,1
09:04:40.83900,1933.750,1
09:04:41.33500,1933.750,10
09:04:41.70700,1933.500,1
09:04:42.85900,1933.500,1
09:04:44.03900,1933.500,2
09:04:44.92900,1933.750,1
09:04:45.19500,1933.500,1
09:04:46.04600,1933.500,1
09:04:46.35100,1933.500,1
09:04:47.50700,1933.500,1
09:04:48.41700,1933.750,8
09:04:48.49200,1933.750,35
09:04:48.67100,1933.750,3
09:04:49.81600,1933.750,1
09:04:50.35100,1933.750,1
09:04:50.49600,1933.750,71
09:04:51.06600,1933.750,6
09:04:51.77700,1933.750,1
09:04:52.14800,1933.750,8
09:04:52.39400,1933.750,1
09:04:52.47600,1933.750,1
09:04:52.92500,1934.000,1
09:04:53.30400,1933.750,1
09:04:54.46000,1933.750,1
09:04:55.32400,1934.250,328
09:04:55.61700,1934.000,1
09:04:56.30000,1934.250,35
09:04:56.32800,1934.500,3
09:04:56.64800,1934.250,4
09:04:56.85900,1934.250,6
09:04:57.40600,1934.250,16
09:04:57.92500,1934.000,1
09:04:58.84700,1934.000,2
09:04:59.10500,1934.000,1
09:05:00.48000,1934.000,13
09:05:01.41400,1934.000,1
09:05:02.57000,1934.000,1
09:05:03.72600,1934.000,1
09:05:04.88200,1934.250,38
09:05:05.17100,1934.500,2
09:05:05.51500,1934.250,22
09:05:06.05800,1934.000,2
09:05:07.01500,1934.250,1
09:05:07.10500,1934.250,15
09:05:07.21400,1934.250,1
09:05:07.57400,1934.250,4
09:05:08.45300,1934.250,95
09:05:08.75300,1934.250,5
09:05:09.16700,1934.250,2
09:05:09.52300,1934.250,1
09:05:10.68300,1934.250,1
09:05:11.13200,1934.500,6
09:05:11.33500,1934.250,1
09:05:11.73400,1934.500,1
09:05:11.83500,1934.250,1
09:05:12.60100,1934.500,1
09:05:13.01500,1934.250,1
09:05:13.67500,1934.500,5
09:05:13.85100,1934.250,1
09:05:14.26900,1934.250,4
09:05:14.37800,1934.500,5
09:05:14.69500,1934.250,5
09:05:15.32800,1934.250,1
09:05:16.48000,1934.250,1
09:05:17.22200,1934.500,1
09:05:17.63600,1934.250,1
09:05:18.49600,1934.500,1
09:05:18.79200,1934.250,1
09:05:19.94900,1934.250,1
09:05:20.46000,1934.250,5
09:05:21.20300,1934.250,6
09:05:21.90200,1934.500,36
09:05:22.28100,1934.250,1
09:05:22.58900,1934.500,2
09:05:22.75300,1934.250,10
09:05:23.43700,1934.250,1
09:05:24.31200,1934.250,1
09:05:24.59300,1934.250,1
09:05:25.03500,1934.500,3
09:05:25.62500,1934.500,2
09:05:25.66400,1934.500,173
09:05:25.74600,1934.500,1
09:05:26.09300,1934.500,4
09:05:27.01500,1934.750,4
09:05:27.18700,1934.500,1
09:05:27.70300,1934.750,1
09:05:28.07800,1934.500,1
09:05:28.53500,1934.750,2
09:05:29.23400,1934.500,1
09:05:29.46400,1934.750,1
09:05:30.00000,1934.750,2
09:05:30.39000,1934.500,1
09:05:30.85900,1934.750,59
09:05:30.95300,1934.750,1
09:05:31.20300,1934.750,12
09:05:31.54600,1934.500,1
09:05:32.35100,1934.750,86
09:05:32.42100,1934.750,6
09:05:32.70300,1934.500,1
09:05:33.67100,1934.750,2
09:05:33.85500,1934.500,1
09:05:34.49200,1934.750,1
09:05:34.80000,1934.750,23
09:05:35.03500,1934.750,3
09:05:35.46400,1934.500,2
09:05:36.04600,1934.750,1
09:05:36.21400,1934.750,61
09:05:36.44900,1934.750,1
09:05:37.34700,1934.750,1
09:05:38.39400,1935.000,66
09:05:38.50000,1934.750,2
09:05:38.57400,1934.750,1
09:05:39.14800,1934.750,2
09:05:39.30800,1934.750,2
09:05:39.65600,1934.750,1
09:05:39.86700,1935.000,6
09:05:40.49600,1935.000,2
09:05:40.81200,1934.750,1
09:05:41.96800,1934.750,2
09:05:42.07800,1935.250,166
09:05:42.28100,1935.250,1
09:05:42.50700,1935.000,1
09:05:42.65600,1935.250,6
09:05:42.87800,1935.000,1
09:05:43.19500,1935.250,4
09:05:43.63200,1935.250,6
09:05:43.84300,1935.000,1
09:05:44.30000,1935.000,1
09:05:44.75300,1935.250,206
09:05:44.94100,1935.500,19
09:05:45.08200,1935.500,4
09:05:45.11700,1935.500,2
09:05:45.51500,1935.500,3
09:05:45.62500,1935.250,1
09:05:45.71000,1935.500,1
09:05:45.81600,1935.500,10
09:05:45.96800,1935.250,8
09:05:46.23400,1935.500,2
09:05:46.39000,1935.250,1
09:05:46.64000,1935.250,4
09:05:46.84700,1935.500,2
09:05:46.92100,1935.500,7
09:05:47.35100,1935.500,3
09:05:47.52700,1935.500,1
09:05:47.76900,1935.250,7
09:05:47.82800,1935.250,6
09:05:48.09700,1935.250,6
09:05:48.28100,1935.250,75
09:05:48.39400,1935.250,1
09:05:48.46800,1935.250,2
09:05:48.56200,1935.000,2
09:05:48.92100,1935.000,3
09:05:49.87100,1935.250,11
09:05:50.22600,1935.250,2
09:05:50.34700,1935.000,1
09:05:50.58900,1935.000,1
09:05:51.04600,1935.000,15
09:05:51.33500,1935.250,8
09:05:51.49600,1935.250,1
09:05:52.41400,1935.000,2
09:05:52.76500,1935.000,1
09:05:53.08500,1935.000,1
09:05:53.66400,1935.000,4
09:05:54.36700,1935.250,2
09:05:54.72200,1935.000,9
09:05:55.58900,1935.000,6
09:05:55.87800,1935.000,1
09:05:56.75000,1935.000,10
09:05:57.05400,1935.000,1
09:05:58.35100,1934.750,65
09:05:58.83500,1935.000,1
09:05:59.36700,1934.750,3
09:06:00.07000,1935.000,60
09:06:00.10500,1935.000,2
09:06:00.53500,1935.000,2
09:06:01.01100,1935.000,1
09:06:01.23800,1935.000,1
09:06:01.53100,1935.000,2
09:06:01.78100,1935.000,75
09:06:01.96400,1935.250,4
09:06:02.62100,1934.750,18
09:06:02.83200,1934.750,1
09:06:03.21800,1935.000,1
09:06:04.07400,1935.000,19
09:06:04.29600,1935.000,15
09:06:04.93700,1935.000,1
09:06:05.24200,1935.000,2
09:06:05.43300,1935.000,1
09:06:05.96800,1935.000,7
09:06:06.32000,1935.000,1
09:06:07.26100,1935.000,4
09:06:07.47600,1935.000,1
09:06:07.61700,1935.000,10
09:06:08.37800,1934.750,2
09:06:08.63200,1934.750,1
09:06:09.07400,1935.250,30
09:06:09.56600,1935.000,10
09:06:09.62100,1935.000,2
09:06:09.78900,1935.000,1
09:06:11.13600,1935.250,2
09:06:11.19100,1935.000,1
09:06:11.22600,1935.000,1
09:06:11.35900,1935.250,54
09:06:12.12100,1935.000,1
09:06:13.27700,1935.000,1
09:06:14.23400,1935.000,1
09:06:14.43300,1935.000,1
09:06:15.49200,1935.250,1
09:06:15.58500,1935.000,1
09:06:16.53100,1935.250,5
09:06:16.74200,1935.000,1
09:06:17.47200,1935.250,5
09:06:17.61700,1935.000,28
09:06:17.69900,1935.000,8
09:06:17.89800,1934.750,1
09:06:19.07800,1934.750,4
09:06:19.35900,1935.000,31
09:06:19.50000,1934.750,1
09:06:20.23000,1934.750,1
09:06:21.38600,1934.750,7
09:06:22.54200,1934.750,1
09:06:22.87100,1934.750,163
09:06:23.15200,1935.000,15
09:06:23.69900,1934.750,1
09:06:24.55000,1934.750,3
09:06:24.85100,1934.750,3
09:06:25.53100,1934.750,1
09:06:26.17900,1934.750,12
09:06:26.42900,1934.750,5
09:06:27.18700,1934.750,1
09:06:27.43700,1935.000,2
09:06:28.01500,1935.000,2
09:06:28.34300,1934.750,1
09:06:28.81600,1934.750,1
09:06:29.50000,1934.750,1
09:06:30.65200,1934.750,1
09:06:31.33500,1935.000,6
09:06:31.80800,1934.750,1
09:06:32.73000,1935.000,5
09:06:32.96000,1934.750,1
09:06:33.42100,1934.750,58
09:06:33.87100,1934.750,29
09:06:34.08200,1934.750,1
09:06:34.17500,1934.750,14
09:06:34.46000,1934.750,36
09:06:35.29600,1934.750,1
09:06:35.46400,1934.750,1
09:06:35.58200,1934.750,1
09:06:36.09700,1935.000,10
09:06:36.45300,1934.750,1
09:06:37.71800,1934.750,2
09:06:38.61300,1935.250,154
09:06:38.78500,1935.000,16
09:06:38.85100,1935.000,2
09:06:39.04600,1935.000,1
09:06:39.13600,1935.000,25
09:06:39.91700,1934.750,1
09:06:40.60900,1934.750,1
09:06:41.16000,1935.250,397
09:06:41.24200,1935.250,7
09:06:41.33200,1935.250,1
09:06:41.41000,1935.250,35
09:06:41.58500,1935.250,3
09:06:42.02300,1935.500,1
09:06:42.39800,1935.250,2
09:06:42.56200,1935.500,1
09:06:42.86300,1935.250,2
09:06:43.23400,1935.500,1
09:06:43.41000,1935.250,1
09:06:43.67900,1935.500,2
09:06:44.34300,1935.250,10
09:06:44.60900,1935.500,7
09:06:44.66400,1935.250,3
09:06:44.93300,1935.250,1
09:06:45.17900,1935.500,5
09:06:45.71800,1935.000,13
09:06:45.88200,1935.250,1
09:06:46.46800,1935.250,1
09:06:46.87500,1935.000,1
09:06:47.26100,1935.250,1
09:06:47.85900,1935.250,1
09:06:48.05000,1935.000,3
09:06:48.50300,1935.250,1
09:06:48.82800,1935.250,38
09:06:49.12800,1935.250,9
09:06:49.20700,1935.000,2
09:06:49.87500,1935.250,34
09:06:50.36300,1935.000,8
09:06:50.94100,1935.500,73
09:06:51.66400,1935.500,3
09:06:51.83200,1935.250,1
09:06:52.32800,1935.500,1
09:06:52.67100,1935.250,1
09:06:53.25000,1935.500,2
09:06:53.76500,1935.500,3
09:06:53.82800,1935.250,1
09:06:54.69900,1935.250,2
09:06:54.80800,1935.500,1
09:06:55.00700,1935.250,1
09:06:55.88600,1935.500,1
09:06:56.16400,1935.250,1
09:06:56.39400,1935.250,5
09:06:57.00700,1935.500,110
09:06:57.06200,1935.500,10
09:06:57.17100,1935.500,4
09:06:57.32000,1935.250,5
09:06:58.01100,1935.500,9
09:06:58.21800,1935.500,11
09:06:58.47200,1935.250,1
09:06:58.71000,1935.250,2
09:06:58.79600,1935.500,1
09:06:59.70700,1935.500,11
09:07:01.03900,1935.750,11
09:07:01.16400,1935.750,1
09:07:01.39400,1935.500,7
09:07:01.63600,1935.500,4
09:07:01.93700,1935.250,1
09:07:02.12500,1935.500,1
09:07:02.35500,1935.500,24
09:07:02.63200,1935.750,8
09:07:02.93700,1935.500,2
09:07:03.11700,1935.500,1
09:07:03.17100,1935.500,7
09:07:03.57800,1935.750,2
09:07:03.86700,1935.500,2
09:07:04.41700,1935.500,13
09:07:05.42900,1935.500,44
09:07:05.66700,1935.500,2
09:07:05.90600,1935.500,11
09:07:06.40200,1935.500,5
09:07:06.58500,1935.250,1
09:07:06.67100,1935.500,1
09:07:06.91400,1935.500,133
09:07:07.40600,1935.500,20
09:07:07.73800,1935.250,4
09:07:08.15200,1935.500,1
09:07:08.76900,1935.500,2
09:07:08.89400,1935.250,1
09:07:09.25000,1935.250,1
09:07:09.79200,1935.250,5
09:07:10.07000,1935.250,2
09:07:10.83900,1935.250,6
09:07:11.22600,1935.250,1
09:07:12.48400,1935.500,7
09:07:12.80000,1935.250,3
09:07:13.53900,1935.250,1
09:07:13.69900,1935.500,2
09:07:14.69500,1935.250,1
09:07:15.92100,1935.250,164
09:07:16.32000,1935.250,10
09:07:16.69900,1935.250,16
09:07:17.02700,1935.000,3
09:07:17.75700,1935.000,3
09:07:18.20300,1935.250,5
09:07:18.41700,1935.250,1
09:07:19.33900,1935.250,27
09:07:19.62100,1935.250,12
09:07:20.19500,1935.000,3
09:07:20.49600,1935.000,1
09:07:21.22600,1935.000,1
09:07:21.64800,1935.000,1
09:07:21.77300,1935.250,5
09:07:22.55400,1935.250,2
09:07:22.80800,1935.000,1
09:07:23.70700,1935.000,1
09:07:23.96000,1935.000,2
09:07:24.06200,1935.250,2
09:07:24.28500,1935.000,1
09:07:24.71400,1935.500,79
09:07:25.01500,1935.250,1
09:07:26.12500,1935.500,3
09:07:26.29200,1935.250,1
09:07:26.48800,1935.250,6
09:07:26.68300,1935.250,14
09:07:26.74200,1935.250,3
09:07:26.93700,1935.500,2
09:07:27.30000,1935.250,5
09:07:27.44900,1935.250,1
09:07:28.24600,1935.500,1
09:07:28.60500,1935.250,1
09:07:29.45700,1935.500,2
09:07:29.76100,1935.250,1
09:07:30.45300,1935.500,7
09:07:30.91400,1935.250,1
09:07:31.34700,1935.500,27
09:07:32.09300,1935.250,1
09:07:33.25000,1935.250,1
09:07:33.95300,1935.500,10
09:07:34.40200,1935.250,1
09:07:35.55800,1935.250,1
09:07:36.14800,1935.250,1
09:07:36.71400,1935.250,1
09:07:37.51900,1935.250,1
09:07:37.86700,1935.250,1
09:07:38.46000,1935.500,5
09:07:39.12800,1935.500,2
09:07:40.20300,1935.250,3
09:07:40.26500,1935.250,5
09:07:40.51500,1935.500,3
09:07:40.64400,1935.500,7
09:07:41.39400,1935.500,2
09:07:42.03100,1935.500,1
09:07:42.51500,1935.250,1
09:07:43.66700,1935.250,1
09:07:43.79600,1935.500,3
09:07:43.94500,1935.500,3
09:07:44.10100,1935.500,1
09:07:44.46000,1935.250,1
09:07:44.96800,1935.250,3
09:07:46.00000,1935.250,1
09:07:46.18300,1935.250,1
09:07:46.78100,1935.250,85
09:07:46.85100,1935.000,3
09:07:47.16000,1935.000,2
09:07:47.61300,1935.250,2
09:07:47.97200,1935.250,66
09:07:48.31200,1935.000,1
09:07:49.46800,1935.000,1
09:07:50.62500,1935.000,2
09:07:51.41000,1935.000,2
09:07:51.77700,1935.000,2
09:07:52.93300,1935.000,1
09:07:54.21800,1935.250,9
09:07:54.55400,1935.250,14
09:07:54.67500,1935.250,1
09:07:54.96400,1935.250,2
09:07:55.33900,1935.000,3
09:07:56.42500,1935.000,1
09:07:56.57800,1935.000,20
09:07:57.47200,1935.000,3
09:07:57.57800,1935.000,1
09:07:58.73400,1935.000,1
09:07:59.88600,1935.000,2
09:08:02.22200,1935.000,5
09:08:03.37800,1935.000,1
09:08:04.53500,1935.000,1
09:08:05.69100,1935.000,1
09:08:06.89800,1935.000,2
09:08:07.30400,1935.000,14
09:08:08.02300,1935.000,1
09:08:08.67100,1935.000,1
09:08:08.71400,1935.000,27
09:08:09.00700,1934.750,1
09:08:09.17900,1934.750,1
09:08:10.33500,1934.750,1
09:08:10.78500,1934.750,5
09:08:11.10500,1935.000,1
09:08:11.48800,1934.750,1
09:08:12.21800,1935.000,5
09:08:12.64400,1934.750,1
09:08:13.80000,1934.750,1
09:08:14.95300,1934.750,1
09:08:15.32000,1934.750,12
09:08:15.80400,1934.750,1
09:08:16.13200,1934.750,1
09:08:16.60100,1935.000,1
09:08:17.31600,1934.750,4
09:08:17.80400,1934.750,1
09:08:18.44500,1934.750,7
09:08:18.61300,1934.750,5
09:08:19.02300,1934.750,59
09:08:19.60100,1934.750,1
09:08:20.22200,1934.750,19
09:08:20.75700,1934.500,12
09:08:21.16400,1934.500,9
09:08:21.44100,1934.750,1
09:08:21.74200,1934.750,42
09:08:22.06600,1934.500,5
09:08:22.20700,1934.500,1
09:08:22.34700,1934.500,3
09:08:22.85100,1934.500,1
09:08:23.22600,1934.750,5
09:08:23.39000,1934.500,1
09:08:24.05400,1934.500,1
09:08:24.24600,1934.500,1
09:08:25.01500,1934.500,113
09:08:25.13200,1934.500,4
09:08:25.39800,1934.500,1
09:08:25.79200,1934.500,19
09:08:26.08200,1934.500,1
09:08:26.36300,1934.500,8
09:08:26.55400,1934.250,8
09:08:26.62500,1934.250,130
09:08:26.80400,1934.500,2
09:08:27.53500,1934.250,93
09:08:27.71800,1934.250,2
09:08:28.18700,1934.500,1
09:08:28.92100,1934.500,3
09:08:29.07400,1934.250,105
09:08:29.19500,1934.000,1
09:08:30.04600,1934.000,44
09:08:30.07000,1934.250,1
09:08:30.16000,1934.250,7
09:08:30.34300,1934.250,1
09:08:30.90600,1934.500,1
09:08:31.23400,1934.250,2
09:08:32.35500,1934.250,6
09:08:33.10900,1934.250,2
09:08:33.38200,1934.250,1
09:08:33.50700,1934.250,1
09:08:34.66400,1934.250,1
09:08:35.82000,1934.250,1
09:08:36.26500,1934.250,1
09:08:36.51500,1934.250,1
09:08:37.00000,1934.250,1
09:08:37.36700,1934.500,2
09:08:37.67100,1934.250,5
09:08:38.15600,1934.250,1
09:08:38.43300,1934.250,4
09:08:39.30800,1934.250,3
09:08:39.84700,1934.250,1
09:08:40.29200,1934.250,6
09:08:40.46400,1934.250,1
09:08:41.33200,1934.250,12
09:08:41.44500,1934.250,5
09:08:41.62100,1934.250,1
09:08:42.77700,1934.250,1
09:08:43.14000,1934.500,2
09:08:43.28500,1934.500,67
09:08:43.59300,1934.500,26
09:08:43.92900,1934.250,1
09:08:44.30000,1934.500,2
09:08:45.10900,1934.250,1
09:08:46.03100,1934.500,1
09:08:46.26100,1934.250,1
09:08:47.41700,1934.250,1
09:08:47.71800,1934.500,1
09:08:48.10500,1934.250,1
09:08:48.57400,1934.250,1
09:08:48.81600,1934.500,6
09:08:49.09700,1934.500,5
09:08:49.73000,1934.250,1
09:08:50.28900,1934.500,1
09:08:50.60500,1934.500,17
09:08:50.90600,1934.500,3
09:08:52.06600,1934.250,1
09:08:52.35100,1934.500,1
09:08:53.21800,1934.250,1
09:08:54.37500,1934.250,1
09:08:55.53100,1934.250,1
09:08:56.61300,1934.500,15
09:08:56.68300,1934.500,1
09:08:57.83900,1934.500,1
09:08:58.61700,1934.500,2
09:08:59.01900,1934.500,2
09:08:59.24600,1934.750,2
09:09:00.46000,1934.500,30
09:09:00.65600,1934.500,2
09:09:01.00000,1934.250,7
09:09:01.15200,1934.500,1
09:09:01.33500,1934.500,2
09:09:01.49200,1934.500,1
09:09:01.65600,1934.500,1
09:09:02.48800,1934.000,40
09:09:03.45700,1934.250,1
09:09:03.64000,1934.000,1
09:09:04.07800,1934.250,44
09:09:04.90200,1934.250,52
09:09:05.15200,1934.250,3
09:09:05.30400,1934.250,3
09:09:05.61700,1934.250,3
09:09:05.94900,1934.000,1
09:09:07.18700,1934.000,2
09:09:07.64400,1934.250,1
09:09:08.28500,1934.000,1
09:09:09.16400,1934.250,8
09:09:09.37100,1934.250,3
09:09:09.44100,1934.000,5
09:09:09.50300,1934.250,8
09:09:10.22200,1934.250,3
09:09:10.59300,1934.000,1
09:09:11.75000,1934.000,1
09:09:12.44100,1934.250,2
09:09:12.90600,1934.000,1
09:09:13.72600,1934.250,2
09:09:14.08500,1934.000,1
09:09:15.07000,1934.250,1
09:09:15.23800,1934.000,1
09:09:16.39400,1934.000,1
09:09:17.55000,1934.000,1
09:09:17.68300,1934.250,4
09:09:18.42100,1934.250,3
09:09:18.54600,1934.250,13
09:09:18.70700,1934.000,4
09:09:19.12100,1934.000,1
09:09:19.86300,1934.000,2
09:09:20.77700,1934.000,1
09:09:21.03900,1934.000,1
09:09:22.19500,1934.000,1
09:09:23.10900,1934.000,248
09:09:23.17500,1934.000,13
09:09:23.35100,1934.000,1
09:09:23.60500,1934.000,21
09:09:24.50700,1933.750,1
09:09:25.10500,1934.000,1
09:09:25.23000,1934.000,1
09:09:25.62500,1934.000,3
09:09:25.66000,1933.750,1
09:09:26.40600,1933.750,1
09:09:26.49200,1933.750,4
09:09:26.81600,1933.750,2
09:09:27.00300,1933.750,225
09:09:27.12800,1933.750,13
09:09:27.23000,1933.750,10
09:09:27.89800,1933.500,5
09:09:27.97200,1933.500,2
09:09:28.11300,1933.500,12
09:09:28.35500,1933.500,1
09:09:28.92500,1933.500,3
09:09:29.15200,1933.500,1
09:09:29.46800,1933.500,2
09:09:29.74200,1933.750,3
09:09:30.35100,1933.500,2
09:09:30.79600,1933.750,2
09:09:31.12800,1933.500,1
09:09:31.46000,1933.500,1
09:09:32.17900,1933.750,1
09:09:32.61700,1933.500,4
09:09:33.77300,1933.500,1
09:09:34.06200,1933.750,1
09:09:34.62500,1933.750,1
09:09:34.75300,1933.750,1
09:09:34.92500,1933.500,1
09:09:35.31200,1933.500,1
09:09:35.67100,1933.750,3
09:09:36.10500,1933.500,1
09:09:36.66000,1933.500,1
09:09:37.25700,1933.500,1
09:09:38.41400,1933.500,1
09:09:38.72600,1933.750,2
09:09:39.57000,1933.500,1
09:09:40.72600,1933.500,1
09:09:40.93300,1933.750,6
09:09:41.10100,1933.750,25
09:09:41.47600,1933.500,4
09:09:41.88200,1933.750,139
09:09:42.10500,1933.750,1
09:09:42.30000,1934.000,1
09:09:43.05800,1933.750,1
09:09:44.21400,1933.750,1
09:09:45.25300,1933.750,2
09:09:45.37100,1933.750,1
09:09:46.52700,1933.750,1
09:09:47.68300,1933.750,1
09:09:47.85100,1933.750,90
09:09:48.33500,1933.750,18
09:09:48.68700,1934.000,1
09:09:48.83500,1933.750,1
09:09:50.01500,1933.750,1
09:09:50.33900,1933.750,5
09:09:50.54200,1933.750,36
09:09:51.02700,1933.750,1
09:09:51.17100,1933.750,6
09:09:52.32800,1933.500,1
09:09:52.50700,1934.000,3
09:09:53.48000,1933.500,1
09:09:53.83500,1933.750,4
09:09:54.38600,1933.750,16
09:09:54.63600,1933.750,1
09:09:54.77300,1934.000,2
09:09:54.80400,1933.750,3
09:09:54.89000,1934.000,20
09:09:55.79200,1933.750,1
09:09:56.14400,1934.000,28
09:09:57.06200,1934.000,3
09:09:57.40200,1933.750,8
09:09:57.67500,1933.750,5
09:09:58.12500,1933.750,1
09:09:59.32800,1934.000,4
09:09:59.80800,1933.750,9
09:10:00.33500,1934.000,9
09:10:00.48000,1934.000,4
09:10:00.55400,1933.750,4
09:10:00.74600,1933.500,10
09:10:00.96000,1933.750,1
09:10:01.59300,1933.750,4
09:10:02.14400,1933.750,3
09:10:02.74600,1933.500,1
09:10:03.50000,1933.750,40
09:10:03.68300,1933.750,1
09:10:03.90200,1933.750,3
09:10:04.40200,1933.750,1
09:10:05.08200,1933.750,1
09:10:06.14800,1934.000,2
09:10:06.23800,1933.750,1
09:10:07.39000,1933.750,1
09:10:07.79600,1933.750,1
09:10:08.41400,1934.000,2
09:10:08.57000,1934.000,84
09:10:09.10100,1934.000,1
09:10:09.42900,1934.250,3
09:10:09.70300,1934.000,1
09:10:10.21000,1934.000,1
09:10:10.85500,1934.000,1
09:10:11.23000,1934.000,1
09:10:11.57800,1934.000,1
09:10:11.89000,1934.250,1
09:10:12.03500,1934.000,1
09:10:12.35100,1934.250,2
09:10:12.85900,1934.000,4
09:10:13.03100,1934.250,1
09:10:13.19100,1934.000,1
09:10:14.34700,1934.000,1
09:10:14.70300,1934.250,1
09:10:15.18300,1934.250,1
09:10:15.30800,1934.250,1
09:10:15.50300,1934.000,1
09:10:16.65600,1934.000,1
09:10:17.78100,1934.250,14
09:10:17.81200,1934.000,25
09:10:18.41700,1934.250,2
09:10:18.58200,1934.250,11
09:10:18.96800,1934.250,1
09:10:19.84300,1934.500,3
09:10:20.14400,1934.250,1
09:10:20.79200,1934.500,1
09:10:21.30000,1934.250,2
09:10:22.19500,1934.500,1
09:10:22.45700,1934.250,1
09:10:22.62800,1934.500,1
09:10:23.38200,1934.500,15
09:10:23.44100,1934.250,1
09:10:23.61300,1934.250,1
09:10:24.36300,1934.250,2
09:10:24.76900,1934.250,2
09:10:25.25700,1934.500,64
09:10:26.01100,1934.500,6
09:10:26.68700,1934.500,1
09:10:27.10100,1934.250,1
09:10:27.30000,1934.500,7
09:10:28.25700,1934.500,2
09:10:28.41000,1934.250,1
09:10:29.41400,1934.250,1
09:10:29.49600,1934.500,1
09:10:29.60500,1934.250,1
09:10:30.64800,1934.500,2
09:10:30.81200,1934.250,1
09:10:31.23400,1934.500,1
09:10:31.72200,1934.250,1
09:10:32.45700,1934.500,1
09:10:32.87800,1934.250,79
09:10:33.19500,1934.000,3
09:10:34.05400,1934.000,1
09:10:34.36300,1934.250,9
09:10:35.21000,1934.000,1
09:10:36.36700,1934.000,1
09:10:36.83200,1934.000,34
09:10:37.12100,1934.000,1
09:10:37.52300,1934.000,2
09:10:38.67900,1934.000,1
09:10:39.12100,1934.000,5
09:10:39.63200,1934.000,1
09:10:39.83200,1934.000,1
09:10:41.01100,1934.000,1
09:10:42.16400,1934.000,1
09:10:42.87500,1934.250,1
09:10:43.08900,1934.250,1
09:10:43.32000,1934.000,1
09:10:43.69500,1934.000,1
09:10:44.10900,1934.250,1
09:10:44.47600,1934.000,2
09:10:45.63200,1934.000,1
09:10:46.44100,1934.250,14
09:10:46.78900,1934.000,2
09:10:47.50000,1934.250,86
09:10:47.55800,1934.250,8
09:10:47.94500,1934.250,1
09:10:48.24200,1934.500,2
09:10:49.12100,1934.250,1
09:10:49.20700,1934.250,47
09:10:49.35900,1934.250,42
09:10:50.27700,1934.000,1
09:10:51.43300,1934.000,1
09:10:51.88600,1934.000,5
09:10:52.58900,1934.000,82
09:10:52.74600,1934.000,8
09:10:53.20700,1934.000,3
09:10:53.71800,1934.000,62
09:10:53.74200,1934.000,5
09:10:53.95300,1934.000,1
09:10:55.01100,1934.000,2
09:10:56.07800,1934.000,1
09:10:56.58900,1934.000,14
09:10:57.23400,1933.750,2
09:10:58.38600,1933.750,1
09:10:59.54200,1933.750,1
09:11:00.62500,1934.250,52
09:11:00.69900,1934.000,1
09:11:01.85500,1934.000,1
09:11:02.62100,1934.000,3
09:11:03.03100,1934.000,1
09:11:03.35900,1934.000,1
09:11:03.54200,1934.000,1
09:11:04.18700,1934.000,1
09:11:04.52300,1934.250,10
09:11:04.66400,1934.250,3
09:11:05.34300,1934.000,1
09:11:06.18300,1934.250,1
09:11:06.50000,1934.000,1
09:11:06.81600,1934.000,2
09:11:07.65200,1934.000,1
09:11:08.81200,1934.000,1
09:11:09.72600,1934.250,5
09:11:09.96000,1934.000,1
09:11:11.32800,1934.000,125
09:11:12.30000,1933.750,44
09:11:13.03900,1934.000,13
09:11:13.45300,1934.000,1
09:11:14.60900,1934.000,3
09:11:15.60900,1934.250,10
09:11:15.76100,1934.000,1
09:11:16.69900,1934.250,18
09:11:16.91700,1934.250,2
09:11:17.30800,1934.250,3
09:11:17.44100,1934.500,40
09:11:17.51100,1934.250,27
09:11:17.65200,1934.500,6
09:11:18.09700,1934.250,7
09:11:19.25300,1934.250,1
09:11:19.64000,1934.500,26
09:11:20.34300,1934.750,3
09:11:20.55800,1934.500,3
09:11:21.56200,1934.500,1
09:11:21.95300,1934.750,1
09:11:22.71800,1934.500,1
09:11:23.22200,1934.500,1
09:11:23.89800,1934.750,2
09:11:25.05400,1934.500,2
09:11:26.20700,1934.500,1
09:11:27.36300,1934.500,1
09:11:28.02700,1934.750,5
09:11:28.41400,1934.750,92
09:11:28.41700,1934.750,16
09:11:28.51900,1934.500,1
09:11:29.67500,1934.500,1
09:11:29.89000,1934.750,115
09:11:30.08200,1935.000,4
09:11:30.90200,1935.000,9
09:11:31.45300,1935.000,1
09:11:31.57000,1934.750,1
09:11:31.63200,1934.750,15
09:11:31.83500,1934.750,89
09:11:32.00700,1934.500,1
09:11:32.49600,1934.750,3
09:11:33.16400,1934.500,1
09:11:33.41400,1934.750,1
09:11:34.15600,1934.500,91
09:11:34.31600,1934.500,1
09:11:35.13200,1934.500,66
09:11:35.60500,1934.250,3
09:11:35.62100,1934.500,2
09:11:36.65200,1934.500,2
09:11:36.87800,1934.250,81
09:11:37.78100,1934.250,1
09:11:38.94500,1934.250,105
09:11:39.12800,1934.250,3
09:11:39.30000,1934.250,3
09:11:39.45700,1934.250,29
09:11:39.75300,1934.250,2
09:11:40.14400,1934.250,15
09:11:40.44100,1934.000,2
09:11:41.27300,1934.000,1
09:11:42.42900,1934.000,1
09:11:43.58200,1934.000,1
09:11:43.96400,1934.250,26
09:11:44.73800,1934.000,1
09:11:45.89400,1934.000,1
09:11:47.07400,1934.000,1
09:11:47.69500,1934.000,3
09:11:48.22600,1934.000,1
09:11:49.38200,1934.000,1
09:11:50.53900,1934.000,1
09:11:51.19100,1934.000,44
09:11:51.69500,1933.750,1
09:11:52.28900,1934.000,1
09:11:52.52700,1934.000,3
09:11:52.84700,1933.750,3
09:11:54.02700,1934.000,53
09:11:54.52700,1934.000,1
09:11:54.69900,1934.250,1
09:11:55.18300,1934.000,1
09:11:56.33900,1934.000,21
09:11:57.49600,1933.750,1
09:11:58.44100,1933.750,1
09:11:58.64800,1933.750,1
09:11:59.80400,1933.750,1
09:12:02.13600,1933.750,2
09:12:03.29200,1933.750,1
09:12:04.44900,1933.750,1
09:12:05.14800,1933.750,1
09:12:05.60500,1933.750,1
09:12:05.75700,1934.000,3
09:12:06.02300,1934.000,57
09:12:06.22200,1934.000,9
09:12:06.75700,1933.750,1
09:12:07.91400,1933.750,1
09:12:09.09300,1933.750,1
09:12:09.59700,1934.000,47
09:12:10.25000,1933.750,1
09:12:11.40200,1933.750,1
09:12:11.89800,1933.750,1
09:12:12.55800,1933.750,1
09:12:13.15600,1934.000,3
09:12:13.24600,1934.000,6
09:12:13.35100,1933.750,1
09:12:13.47200,1934.000,4
09:12:13.71400,1933.750,1
09:12:14.86700,1933.750,1
09:12:15.15600,1934.000,1
09:12:16.05000,1934.000,4
09:12:16.25700,1933.750,1
09:12:17.20300,1933.750,1
09:12:18.07400,1934.000,1
09:12:18.35900,1933.750,1
09:12:18.60100,1934.000,1
09:12:19.51500,1933.750,1
09:12:19.62500,1934.000,39
09:12:19.94500,1934.000,1
09:12:20.67100,1933.750,1
09:12:21.71800,1934.000,10
09:12:21.82400,1933.750,1
09:12:22.04200,1934.000,15
09:12:23.00300,1933.750,1
09:12:23.94900,1933.750,1
09:12:24.15600,1933.750,1
09:12:25.33500,1934.000,2
09:12:25.76100,1933.750,3
09:12:26.23000,1934.000,1
09:12:26.46800,1933.750,1
09:12:27.62500,1933.750,1
09:12:27.78500,1933.750,1
09:12:28.78100,1933.750,1
09:12:28.94900,1933.750,2
09:12:29.56200,1934.250,100
09:12:29.64400,1934.000,44
09:12:29.69500,1934.000,19
09:12:29.76500,1934.000,3
09:12:29.93700,1934.000,1
09:12:31.11300,1934.000,1
09:12:31.33200,1934.250,1
09:12:32.26900,1934.000,1
09:12:33.02700,1934.250,1
09:12:33.51100,1934.000,76
09:12:33.83900,1934.000,118
09:12:34.58200,1934.000,1
09:12:34.84300,1934.000,5
09:12:35.73400,1934.000,1
09:12:36.89000,1934.000,1
09:12:38.07000,1934.000,1
09:12:39.22200,1934.000,1
09:12:40.37800,1934.000,1
09:12:41.53500,1934.000,1
09:12:42.69100,1934.000,1
09:12:43.84700,1934.000,131
09:12:45.10900,1934.000,28
09:12:45.64000,1934.000,22
09:12:45.73400,1934.000,1
09:12:45.85100,1934.000,13
09:12:46.26500,1933.750,2
09:12:47.33500,1933.750,1
09:12:48.49200,1933.750,1
09:12:49.64400,1933.750,1
09:12:50.80000,1933.750,1
09:12:51.95700,1933.750,1
09:12:52.76900,1933.750,1
09:12:53.13200,1933.750,1
09:12:53.95700,1934.000,123
09:12:54.15600,1934.000,8
09:12:54.28900,1933.750,21
09:12:54.93700,1934.000,9
09:12:55.44500,1933.750,2
09:12:56.60100,1933.750,1
09:12:57.00300,1934.000,1
09:12:57.75700,1933.750,1
09:12:58.91400,1933.750,1
09:13:00.08900,1933.750,2
09:13:01.24200,1933.750,1
09:13:02.39800,1933.750,1
09:13:03.55400,1933.750,1
09:13:04.72600,1933.750,2
09:13:05.86700,1933.750,1
09:13:06.15200,1934.000,132
09:13:06.30000,1934.000,1
09:13:07.04200,1934.000,1
09:13:07.67900,1934.000,1
09:13:08.19900,1934.000,1
09:13:09.35500,1934.000,1
09:13:10.51100,1934.000,1
09:13:11.66400,1934.000,1
09:13:12.82000,1934.000,1
09:13:14.00000,1934.000,1
09:13:15.15600,1934.000,1
09:13:16.05800,1934.000,31
09:13:16.30800,1934.000,1
09:13:17.46400,1934.000,1
09:13:18.62100,1934.000,1
09:13:19.77700,1934.000,1
09:13:20.43700,1934.250,44
09:13:20.67500,1934.250,2
09:13:20.93300,1934.000,1
09:13:22.10900,1934.000,1
09:13:22.46000,1934.250,16
09:13:23.07000,1934.250,26
09:13:23.26500,1934.000,1
09:13:24.02300,1934.250,1
09:13:24.41700,1934.000,1
09:13:24.61300,1934.000,9
09:13:24.68700,1934.000,3
09:13:25.58200,1934.000,2
09:13:26.33500,1934.250,16
09:13:26.73000,1934.250,5
09:13:27.88600,1934.250,2
09:13:28.35500,1934.500,2
09:13:29.06600,1934.250,1
09:13:29.26500,1934.250,2
09:13:29.89800,1934.500,1
09:13:30.21800,1934.250,1
09:13:30.79200,1934.250,1
09:13:31.00000,1934.500,107
09:13:31.37500,1934.250,2
09:13:32.53100,1934.250,1
09:13:33.68700,1934.250,1
09:13:34.61300,1934.500,4
09:13:34.83900,1934.250,1
09:13:35.20300,1934.500,126
09:13:35.37100,1934.500,21
09:13:35.43300,1934.500,3
09:13:36.01900,1934.250,1
09:13:36.29600,1934.500,29
09:13:37.23000,1934.500,13
09:13:37.62800,1934.500,1
09:13:38.32800,1934.250,1
09:13:39.48800,1934.250,1
09:13:40.64000,1934.250,1
09:13:41.54600,1934.250,5
09:13:41.79600,1934.250,1
09:13:42.60900,1934.500,1
09:13:42.95300,1934.250,1
09:13:43.14000,1934.500,2
09:13:44.24200,1934.250,2
09:13:44.41700,1934.500,5
09:13:45.28500,1934.250,1
09:13:46.44100,1934.250,1
09:13:46.65600,1934.500,8
09:13:47.59700,1934.250,1
09:13:48.75300,1934.250,33
09:13:49.90600,1934.000,1
09:13:50.89800,1934.250,17
09:13:51.08500,1934.000,1
09:13:51.95300,1934.250,23
09:13:52.24200,1934.000,1
09:13:53.39800,1934.000,1
09:13:54.10900,1934.250,10
09:13:54.55000,1934.000,1
09:13:55.70700,1934.000,1
09:13:56.86300,1934.000,1
09:13:58.03900,1934.000,1
09:13:58.55400,1934.250,29
09:13:59.19500,1934.000,3
09:14:00.35100,1934.000,3
09:14:00.76500,1934.000,3
09:14:01.50700,1934.000,1
09:14:01.91000,1934.250,2
09:14:02.35900,1934.250,1
09:14:02.66000,1934.000,1
09:14:03.81600,1934.250,2
09:14:04.12800,1934.250,1
09:14:04.42100,1934.250,3
09:14:05.17900,1934.000,19
09:14:06.19900,1934.000,27
09:14:07.33200,1933.750,54
09:14:07.44500,1934.000,1
09:14:07.78100,1934.000,1
09:14:07.82000,1934.000,6
09:14:08.00300,1934.000,4
09:14:08.33200,1934.250,3
09:14:08.46000,1934.000,1
09:14:08.62100,1934.250,2
09:14:09.16400,1934.250,4
09:14:09.32800,1934.250,4
09:14:09.61700,1934.000,1
09:14:10.46000,1934.000,6
09:14:10.76900,1934.000,1
09:14:11.51500,1934.250,2
09:14:11.92900,1934.000,2
09:14:13.10500,1934.000,10
09:14:13.41000,1934.000,12
09:14:13.80800,1934.000,2
09:14:13.89000,1934.250,1
09:14:14.26100,1934.000,1
09:14:15.41700,1934.000,1
09:14:15.61300,1934.000,1
09:14:16.57000,1934.000,1
09:14:17.72600,1934.000,1
09:14:18.05000,1934.000,2
09:14:18.88200,1934.000,1
09:14:19.67900,1934.000,1
09:14:20.06200,1934.000,1
09:14:20.81200,1934.000,10
09:14:21.21400,1934.000,1
09:14:22.37100,1934.000,1
09:14:23.53100,1934.000,1
09:14:24.68700,1934.000,15
09:14:25.47600,1933.750,21
09:14:25.83900,1933.750,1
09:14:27.01500,1933.750,1
09:14:28.17100,1933.750,1
09:14:28.61300,1934.000,4
09:14:28.84300,1933.750,1
09:14:29.32800,1933.750,1
09:14:30.00000,1933.750,1
09:14:30.22600,1933.750,3
09:14:30.48000,1933.750,1
09:14:31.63600,1933.750,1
09:14:32.02700,1933.750,4
09:14:32.79200,1933.750,1
09:14:33.08500,1933.750,96
09:14:33.32400,1933.500,12
09:14:33.68300,1933.500,6
09:14:33.94900,1933.500,1
09:14:34.24200,1933.750,2
09:14:35.13200,1933.500,3
09:14:35.34700,1933.750,1
09:14:35.58500,1933.500,1
09:14:36.10100,1933.500,1
09:14:36.28100,1933.500,1
09:14:36.50700,1933.750,2
09:14:36.94900,1933.500,1
09:14:37.43700,1933.500,1
09:14:37.83200,1933.500,2
09:14:38.21400,1933.500,1
09:14:38.59300,1933.500,1
09:14:38.77300,1933.750,2
09:14:39.00000,1933.500,1
09:14:39.79200,1933.500,2
09:14:40.53500,1933.750,24
09:14:41.09300,1933.750,30
09:14:41.82400,1933.750,1
09:14:42.08200,1933.500,1
09:14:42.28100,1933.750,3
09:14:42.63600,1933.750,9
09:14:42.91700,1933.750,5
09:14:43.08900,1933.750,1
09:14:43.32800,1933.750,7
09:14:43.75300,1933.750,15
09:14:44.32800,1933.750,3
09:14:44.39800,1933.750,36
09:14:45.01500,1933.750,13
09:14:45.30800,1933.500,40
09:14:45.39000,1933.500,26
09:14:45.54600,1933.500,2
09:14:46.70300,1933.500,1
09:14:47.30400,1933.500,1
09:14:47.85900,1933.500,1
09:14:48.66700,1933.500,1
09:14:48.80400,1933.500,1
09:14:48.97200,1933.500,1
09:14:49.08200,1933.500,2
09:14:50.19100,1933.500,1
09:14:50.42500,1933.500,1
09:14:50.64800,1933.750,2
09:14:51.34700,1933.500,2
09:14:51.64000,1933.500,1
09:14:51.81200,1933.500,3
09:14:52.01100,1933.250,159
09:14:52.08900,1933.500,3
09:14:52.50300,1933.250,1
09:14:53.15600,1933.500,9
09:14:53.66000,1933.500,25
09:14:53.92100,1933.250,3
09:14:54.21400,1933.250,5
09:14:54.34700,1933.250,2
09:14:54.81200,1933.250,1
09:14:55.30800,1933.250,1
09:14:55.96800,1933.250,15
09:14:56.33900,1933.250,25
09:14:56.77300,1933.500,1
09:14:57.00700,1933.500,1
09:14:57.14800,1933.250,1
09:14:57.76900,1933.250,1
09:14:58.03900,1933.250,154
09:14:58.18300,1933.500,2
09:14:58.32000,1933.250,2
09:14:58.82400,1933.250,1
09:14:59.49600,1933.250,2
09:15:00.61300,1933.250,36
09:15:01.10100,1933.250,22
09:15:01.50000,1933.500,2
09:15:01.76900,1933.250,1
09:15:02.04600,1933.250,20
09:15:02.72200,1933.250,4
09:15:02.92500,1933.250,1
09:15:03.07400,1933.250,1
09:15:03.29200,1933.500,1
09:15:03.76500,1933.500,2
09:15:04.10100,1933.250,2
09:15:04.26500,1933.250,80
09:15:04.89400,1933.000,128
09:15:05.29600,1933.250,2
09:15:05.39800,1933.250,1
09:15:06.05400,1933.250,2
09:15:06.12800,1933.000,4
09:15:06.41000,1933.000,2
09:15:06.80000,1933.250,64
09:15:06.82400,1933.500,13
09:15:06.96000,1933.250,6
09:15:07.21400,1933.250,1
09:15:07.58900,1933.250,2
09:15:07.60900,1933.250,2
09:15:08.09700,1933.250,1
09:15:08.60500,1933.250,27
09:15:08.72200,1933.000,6
09:15:08.83900,1933.250,22
09:15:09.01900,1933.250,1
09:15:09.40200,1933.000,1
09:15:09.87800,1933.000,11
09:15:11.05800,1933.000,1
09:15:11.60100,1933.000,1
09:15:11.82800,1933.000,2
09:15:11.90600,1933.250,1
09:15:12.21000,1933.000,2
09:15:12.52300,1933.000,1
09:15:13.36700,1933.000,2
09:15:13.82800,1933.250,7
09:15:14.52300,1933.000,1
09:15:15.48400,1933.000,3
09:15:15.67900,1933.000,1
09:15:15.85500,1933.250,3
09:15:16.14400,1933.250,1
09:15:16.83500,1933.000,1
09:15:18.01100,1933.000,1
09:15:18.50300,1933.000,5
09:15:18.79600,1933.000,5
09:15:19.28500,1933.000,44
09:15:19.39000,1933.000,3
09:15:19.89400,1933.000,1
09:15:20.32400,1933.000,1
09:15:20.48000,1933.000,1
09:15:20.57000,1933.000,1
09:15:21.48000,1933.000,1
09:15:21.96400,1933.000,12
09:15:22.08900,1933.000,37
09:15:22.63200,1933.000,1
09:15:23.78900,1933.000,1
09:15:24.19100,1933.250,3
09:15:25.00700,1933.000,12
09:15:25.41700,1933.250,1
09:15:25.50300,1933.000,6
09:15:25.83500,1933.000,1
09:15:26.12500,1933.000,1
09:15:27.39800,1933.000,11
09:15:28.43300,1933.000,1
09:15:29.00700,1933.000,2
09:15:29.58900,1933.000,1
09:15:29.83200,1933.000,2
09:15:30.52300,1933.250,1
09:15:30.74600,1933.000,1
09:15:31.89800,1933.000,1
09:15:32.30400,1933.250,1
09:15:33.08500,1933.000,25
09:15:34.23400,1933.000,1
09:15:35.01500,1933.250,2
09:15:35.39000,1933.000,1
09:15:35.94900,1933.000,73
09:15:36.54200,1933.000,3
09:15:36.70700,1933.000,20
09:15:37.69900,1933.000,1
09:15:38.01500,1933.250,1
09:15:38.60100,1933.000,1
09:15:38.85100,1933.000,1
09:15:39.47200,1933.250,1
09:15:40.03100,1933.000,1
09:15:41.05800,1933.000,1
09:15:41.18700,1933.000,1
09:15:41.46000,1933.000,66
09:15:41.96800,1933.000,1
09:15:42.34300,1933.000,1
09:15:43.50000,1933.000,1
09:15:43.71800,1933.250,10
09:15:44.26500,1933.000,1
09:15:44.65600,1933.000,1
09:15:45.25000,1933.250,110
09:15:45.80800,1933.250,1
09:15:46.96400,1933.250,1
09:15:48.14400,1933.250,1
09:15:49.29600,1933.250,1
09:15:49.59700,1933.250,1
09:15:50.14400,1933.000,51
09:15:50.45300,1933.000,1
09:15:51.31600,1933.000,1
09:15:51.60900,1933.000,1
09:15:52.53100,1933.250,3
09:15:52.76500,1933.000,6
09:15:53.38200,1933.000,1
09:15:53.91700,1933.000,1
09:15:54.87100,1933.250,3
09:15:55.09700,1933.000,1
09:15:56.25300,1933.000,1
09:15:57.41000,1933.000,1
09:15:58.23000,1933.250,2
09:15:58.56200,1933.000,1
09:15:59.71800,1933.000,1
09:15:59.96800,1933.250,2
09:16:02.05400,1933.250,3
09:16:03.20700,1933.000,1
09:16:03.66000,1933.250,9
09:16:04.36300,1933.000,23
09:16:05.16000,1933.250,14
09:16:05.58500,1933.500,3
09:16:06.11700,1933.250,10
09:16:06.67500,1933.000,1
09:16:07.07800,1933.000,2
09:16:07.83200,1933.000,1
09:16:09.00700,1933.000,6
09:16:09.12500,1933.250,14
09:16:09.36700,1933.500,8
09:16:10.16400,1933.250,1
09:16:10.85100,1933.250,9
09:16:11.15200,1933.250,1
09:16:11.32000,1933.000,1
09:16:11.95300,1933.000,1
09:16:12.47600,1933.000,1
09:16:13.48000,1933.000,21
09:16:13.62800,1933.000,1
09:16:13.78900,1933.250,1
09:16:14.26100,1933.250,31
09:16:14.44100,1933.250,6
09:16:14.61300,1933.250,1
09:16:14.78900,1933.250,5
09:16:15.67100,1934.250,780
09:16:15.69100,1934.250,123
09:16:15.78100,1934.250,161
09:16:16.01900,1934.000,35
09:16:16.18700,1934.000,82
09:16:17.15600,1933.750,180
09:16:17.18300,1933.500,11
09:16:17.28100,1933.750,1
09:16:17.68300,1933.750,85
09:16:18.27300,1933.500,1
09:16:18.88200,1933.500,5
09:16:19.42900,1933.500,1
09:16:20.58500,1933.500,1
09:16:21.47600,1933.750,9
09:16:21.74200,1933.500,1
09:16:22.57400,1933.500,74
09:16:22.72600,1933.500,2
09:16:22.89400,1933.250,1
09:16:23.73000,1933.500,10
09:16:23.87100,1933.500,78
09:16:24.00000,1933.500,20
09:16:24.07400,1933.250,1
09:16:24.27700,1933.250,10
09:16:24.59300,1933.500,1
09:16:25.23000,1933.250,1
09:16:26.38600,1933.250,3
09:16:27.54200,1933.250,32
09:16:27.80000,1933.250,1
09:16:28.69500,1933.000,1
09:16:29.69500,1933.250,27
09:16:29.85100,1933.250,1
09:16:30.53500,1933.250,5
09:16:30.68300,1933.250,5
09:16:31.08200,1933.250,15
09:16:32.02300,1933.250,8
09:16:32.18300,1933.250,1
09:16:33.44900,1933.500,34
09:16:33.64800,1933.500,1
09:16:33.91000,1933.500,1
09:16:34.64400,1933.250,19
09:16:34.78100,1933.500,5
09:16:35.01500,1933.500,1
09:16:35.32800,1933.500,1
09:16:35.65200,1933.250,1
09:16:36.71400,1933.500,3
09:16:36.80400,1933.500,20
09:16:36.95700,1933.500,4
09:16:37.96000,1933.250,1
09:16:39.14000,1933.250,1
09:16:39.57800,1933.500,35
09:16:40.29600,1933.500,1
09:16:41.40200,1933.500,1
09:16:41.45300,1933.500,1
09:16:42.60500,1933.500,1
09:16:42.96400,1933.750,25
09:16:43.22600,1933.500,1
09:16:43.76100,1933.500,1
09:16:44.91400,1933.500,1
09:16:45.22600,1933.750,1
09:16:46.10500,1933.750,24
09:16:46.19500,1933.750,5
09:16:47.25000,1933.500,1
09:16:48.40200,1933.500,1
09:16:49.24200,1933.750,20
09:16:49.55800,1933.500,1
09:16:50.71400,1933.500,1
09:16:51.34300,1933.750,1
09:16:51.96400,1933.500,63
09:16:52.77700,1933.500,1
09:16:53.05000,1933.500,1
09:16:54.20300,1933.500,1
09:16:54.92900,1933.500,2
09:16:55.35900,1933.500,1
09:16:56.51500,1933.500,1
09:16:57.39000,1933.750,7
09:16:57.67100,1933.750,1
09:16:58.82400,1933.500,1
09:17:00.33200,1933.500,47
09:17:00.50000,1933.750,25
09:17:00.88600,1933.500,1
09:17:01.17500,1933.500,10
09:17:02.31600,1933.500,1
09:17:02.94900,1933.500,1
09:17:03.47200,1933.500,1
09:17:04.08500,1933.750,1
09:17:04.17500,1933.500,17
09:17:04.62800,1933.500,1
09:17:05.78100,1933.500,1
09:17:06.93700,1933.500,1
09:17:07.32400,1933.750,6
09:17:07.49200,1933.750,40
09:17:07.53900,1933.750,1
09:17:08.11700,1933.750,1
09:17:08.46400,1934.000,1
09:17:08.59300,1934.000,1
09:17:08.75700,1934.000,14
09:17:08.96000,1934.000,5
09:17:09.32000,1934.000,13
09:17:09.97200,1934.250,1
09:17:10.42500,1934.000,1
09:17:11.22600,1934.250,5
09:17:11.58200,1934.000,1
09:17:12.87800,1934.250,60
09:17:13.00000,1934.250,25
09:17:13.29200,1934.250,13
09:17:13.97200,1934.250,11
09:17:14.50000,1934.500,114
09:17:15.12500,1934.500,21
09:17:15.68700,1934.500,96
09:17:16.01100,1934.500,1
09:17:16.22600,1934.250,1
09:17:16.80000,1934.250,1
09:17:17.37800,1934.250,6
09:17:18.53500,1934.250,1
09:17:18.73800,1934.250,1
09:17:18.94100,1934.250,1
09:17:19.25700,1934.500,1
09:17:19.69100,1934.250,1
09:17:20.84700,1934.250,1
09:17:21.76100,1934.250,5
09:17:22.02700,1934.250,1
09:17:22.82800,1934.500,1
09:17:23.17900,1934.250,1
09:17:23.30000,1934.500,21
09:17:24.11700,1934.750,72
09:17:24.43300,1934.750,1
09:17:25.04200,1935.000,11
09:17:25.16000,1935.000,1
09:17:25.48800,1934.750,42
09:17:26.39000,1935.000,6
09:17:26.76500,1935.000,4
09:17:26.85900,1935.000,1
09:17:26.90600,1934.750,1
09:17:27.80000,1934.750,1
09:17:27.96000,1935.000,28
09:17:28.30000,1935.000,31
09:17:28.48800,1935.000,5
09:17:28.62500,1935.000,18
09:17:28.75700,1935.000,2
09:17:29.02700,1935.000,6
09:17:29.06200,1935.000,2
09:17:29.20300,1935.000,4
09:17:29.73000,1935.000,11
09:17:30.13600,1935.000,2
09:17:30.89000,1935.000,15
09:17:31.28900,1934.750,1
09:17:32.44500,1934.750,1
09:17:32.73400,1935.000,1
09:17:32.84300,1935.000,1
09:17:33.07400,1935.000,1
09:17:33.27700,1935.000,1
09:17:33.60900,1935.000,4
09:17:34.75300,1934.750,11
09:17:35.12500,1935.000,3
09:17:35.55400,1934.750,42
09:17:35.68300,1934.500,2
09:17:36.00000,1934.500,2
09:17:36.62800,1934.500,1
09:17:37.01900,1934.750,1
09:17:37.08900,1934.500,1
09:17:37.43700,1934.750,1
09:17:38.01900,1934.500,1
09:17:38.24600,1934.500,1
09:17:39.02700,1934.750,22
09:17:39.40200,1934.750,1
09:17:40.55800,1934.750,1
09:17:41.71000,1934.750,2
09:17:41.85900,1934.750,1
09:17:42.87800,1934.750,24
09:17:42.92900,1935.000,100
09:17:43.66000,1934.750,4
09:17:44.04600,1934.750,1
09:17:44.56200,1935.000,15
09:17:45.20300,1934.750,1
09:17:46.35500,1934.750,1
09:17:47.56600,1934.750,6
09:17:48.07400,1935.000,1
09:17:48.32800,1935.000,2
09:17:48.66700,1934.750,3
09:17:49.24200,1934.750,62
09:17:49.29200,1934.750,20
09:17:49.44900,1934.750,5
09:17:49.51900,1934.750,10
09:17:49.63200,1935.000,65
09:17:49.82000,1934.750,1
09:17:50.06600,1934.750,1
09:17:51.00000,1934.750,1
09:17:51.37100,1934.750,2
09:17:51.79600,1935.000,3
09:17:52.15600,1934.750,1
09:17:52.40600,1935.000,1
09:17:53.31200,1934.750,13
09:17:54.39000,1934.750,1
09:17:54.49200,1935.000,8
09:17:55.06200,1935.000,35
09:17:55.29600,1934.750,15
09:17:55.62100,1934.750,1
09:17:55.78500,1934.750,2
09:17:56.77700,1934.750,1
09:17:56.84700,1935.000,1
09:17:57.20700,1935.000,5
09:17:57.93300,1934.750,1
09:17:58.73400,1935.000,26
09:17:59.11300,1934.750,1
09:18:01.42100,1934.750,2
09:18:01.97200,1935.000,2
09:18:02.15200,1935.000,1
09:18:02.57800,1934.750,70
09:18:03.29200,1934.500,79
09:18:03.73000,1934.500,1
09:18:04.41400,1934.500,44
09:18:04.88600,1934.250,2
09:18:05.30800,1934.500,1
09:18:05.42100,1934.500,1
09:18:05.77300,1934.000,225
09:18:05.95300,1934.000,73
09:18:06.10900,1934.000,40
09:18:06.21800,1934.000,1
09:18:06.73400,1933.750,36
09:18:06.96400,1934.000,12
09:18:07.22200,1933.750,1
09:18:08.37800,1933.750,1
09:18:08.45300,1933.750,46
09:18:08.57800,1933.750,1
09:18:08.89000,1934.000,45
09:18:09.53500,1933.750,1
09:18:10.01500,1934.000,9
09:18:10.44100,1934.000,17
09:18:10.58200,1934.000,1
09:18:10.68700,1934.000,1
09:18:10.82400,1934.000,2
09:18:11.19500,1934.250,33
09:18:11.29200,1934.250,10
09:18:11.84300,1934.000,1
09:18:12.44900,1934.250,1
09:18:12.62100,1934.250,1
09:18:13.05000,1934.500,7
09:18:13.58900,1934.250,10
09:18:14.17500,1934.250,1
09:18:15.33200,1934.250,1
09:18:16.48800,1934.250,1
09:18:17.13200,1934.250,1
09:18:17.82800,1934.500,7
09:18:18.61300,1934.250,1
09:18:18.79600,1934.250,1
09:18:19.44900,1934.250,1
09:18:19.66400,1934.500,104
09:18:19.95300,1934.500,1
09:18:20.53100,1934.500,21
09:18:21.22200,1934.500,51
09:18:21.70300,1934.500,13
09:18:21.89000,1934.500,4
09:18:22.28500,1934.500,1
09:18:22.39400,1934.500,1
09:18:22.68300,1934.500,1
09:18:23.44100,1934.500,1
09:18:23.83500,1934.500,1
09:18:24.15600,1934.500,4
09:18:24.44100,1934.500,1
09:18:24.59700,1934.500,1
09:18:25.75300,1934.500,2
09:18:26.07800,1934.500,28
09:18:26.91000,1934.250,1
09:18:28.08500,1934.250,1
09:18:29.24200,1934.250,1
09:18:29.46000,1934.250,30
09:18:29.78900,1934.250,27
09:18:30.41000,1934.500,10
09:18:31.55000,1934.250,1
09:18:32.12500,1934.250,4
09:18:32.39000,1934.250,1
09:18:32.50300,1934.250,2
09:18:32.62800,1934.250,1
09:18:32.72200,1934.500,2
09:18:33.86300,1934.250,1
09:18:34.53900,1934.250,1
09:18:35.04200,1934.250,1
09:18:35.53100,1934.250,1
09:18:36.19900,1934.250,1
09:18:36.96800,1934.500,1
09:18:37.35100,1934.250,1
09:18:38.21400,1934.250,5
09:18:38.42100,1934.250,68
09:18:38.50700,1934.250,3
09:18:38.83900,1934.250,10
09:18:39.66400,1934.000,1
09:18:40.81600,1934.000,1
09:18:42.00000,1934.000,1
09:18:42.25700,1934.000,4
09:18:43.15200,1934.000,1
09:18:44.30800,1934.000,1
09:18:45.46400,1934.000,1
09:18:45.97200,1934.000,2
09:18:46.61700,1934.000,1
09:18:47.77300,1934.000,1
09:18:48.69100,1934.250,48
09:18:48.87100,1934.250,3
09:18:48.94500,1934.250,9
09:18:50.10500,1934.250,1
09:18:50.47200,1934.250,10
09:18:51.26100,1934.000,1
09:18:52.41700,1934.000,14
09:18:53.57400,1934.000,1
09:18:53.94500,1934.250,2
09:18:54.73000,1934.000,1
09:18:55.03100,1934.000,1
09:18:55.88200,1934.000,1
09:18:57.06200,1934.000,1
09:18:57.25000,1934.250,2
09:18:58.21800,1934.000,1
09:18:59.25300,1934.000,8
09:18:59.37100,1934.000,1
09:18:59.85900,1934.250,1
09:19:01.50300,1933.750,75
09:19:01.83200,1934.000,2
09:19:02.83900,1933.750,1
09:19:04.01500,1933.750,1
09:19:05.17100,1933.750,1
09:19:05.36700,1933.750,1
09:19:06.32800,1933.750,1
09:19:06.44100,1933.750,3
09:19:07.04200,1934.000,1
09:19:07.48400,1933.750,1
09:19:08.17500,1933.750,1
09:19:08.63600,1933.750,8
09:19:08.69900,1934.000,1
09:19:09.79200,1933.750,1
09:19:10.94900,1933.750,1
09:19:11.76500,1934.000,1
09:19:12.12800,1933.750,2
09:19:13.28100,1933.750,1
09:19:13.81200,1933.750,7
09:19:14.43700,1933.750,1
09:19:15.60900,1933.500,81
09:19:15.95300,1933.750,18
09:19:16.75000,1933.500,1
09:19:17.90600,1933.500,1
09:19:18.38600,1933.500,5
09:19:19.08200,1933.500,1
09:19:20.23800,1933.500,1
09:19:20.77300,1933.500,1
09:19:21.39400,1933.500,8
09:19:21.43300,1933.500,2
09:19:21.90600,1933.750,2
09:19:22.16000,1933.500,2
09:19:22.55000,1933.500,1
09:19:23.24600,1933.500,5
09:19:23.32000,1933.500,2
09:19:25.33500,1933.500,1
09:19:26.27700,1933.500,3
09:19:26.46800,1933.500,18
09:19:27.02300,1933.250,3
09:19:28.44100,1933.250,117
09:19:29.03900,1933.000,8
09:19:29.76100,1933.000,1
09:19:30.07400,1933.000,5
09:19:30.11700,1933.000,67
09:19:31.27300,1933.000,77
09:19:31.52300,1933.000,2
09:19:31.79200,1933.000,32
09:19:32.26900,1933.000,2
09:19:32.91400,1933.250,40
09:19:33.20300,1933.250,2
09:19:34.07400,1933.250,26
09:19:35.42900,1933.250,3
09:19:36.63600,1933.250,1
09:19:38.76500,1933.000,1
09:19:39.65600,1933.000,1
09:19:40.05000,1933.000,2
09:19:40.13600,1933.250,10
09:19:40.81200,1933.000,1
09:19:42.87100,1933.000,3
09:19:43.61300,1933.250,29
09:19:44.45700,1933.250,7
09:19:45.07800,1933.000,5
09:19:46.44500,1933.250,1
09:19:46.67100,1933.000,2
09:19:47.36300,1933.250,8
09:19:47.42100,1933.250,6
09:19:47.69500,1933.250,12
09:19:48.07400,1933.250,14
09:19:48.88600,1933.250,1
09:19:49.60100,1933.250,2
09:19:52.67900,1933.000,8
09:19:53.29200,1933.250,1
09:19:54.11700,1933.250,68
09:19:54.67500,1933.250,1
09:19:54.96000,1933.250,2
09:19:55.26900,1933.250,8
09:19:55.63200,1933.250,4
09:19:55.87800,1933.000,6
09:19:57.11700,1933.000,2
09:20:00.38600,1933.500,25
09:20:00.58500,1933.250,5
09:20:01.23400,1933.250,6
09:20:04.94500,1933.250,9
09:20:05.96000,1933.250,2
09:20:06.52700,1933.250,2
09:20:06.59700,1933.250,1
09:20:09.14400,1933.250,1
09:20:10.01100,1933.250,5
09:20:10.46000,1933.250,10
09:20:12.36300,1933.250,4
09:20:16.00000,1933.250,10
09:20:17.13600,1933.250,4
09:20:20.62100,1933.250,113
09:20:24.47600,1933.250,2
09:20:24.76900,1933.250,21
09:20:25.16700,1933.250,2
09:20:26.23800,1933.250,2
09:20:27.61700,1933.000,1
09:20:29.23800,1933.250,10
09:20:29.35500,1933.250,1
09:20:30.30800,1933.500,23
09:20:30.53500,1933.250,4
09:20:31.25300,1933.250,8
09:20:31.63200,1933.250,19
09:20:33.60900,1933.250,29
09:20:34.61700,1933.250,6
09:20:35.73800,1933.250,5
09:20:38.01100,1933.500,98
09:20:38.11700,1933.500,3
09:20:39.48800,1933.500,3
09:20:39.64000,1933.500,4
09:20:40.32000,1933.500,1
09:20:40.78100,1933.250,19
09:20:41.00300,1933.500,2
09:20:41.75300,1933.500,8
09:20:42.11700,1933.500,8
09:20:42.54200,1933.250,1
09:20:43.58900,1933.250,1
09:20:43.92500,1933.500,1
09:20:44.23000,1933.500,3
09:20:44.74200,1933.250,6
09:20:45.14000,1933.250,1
09:20:45.63600,1933.250,1
09:20:46.28100,1933.250,1
09:20:46.48400,1933.000,76
09:20:47.71800,1933.250,14
09:20:47.89800,1933.250,10
09:20:51.33200,1933.250,1
09:20:53.75000,1933.000,11
09:20:53.97200,1933.000,1
09:20:54.40200,1933.250,1
09:21:04.01500,1933.000,5
09:21:05.26100,1933.000,44
09:21:05.69500,1933.000,1
09:21:07.30800,1933.000,3
09:21:08.09300,1933.000,7
09:21:10.27700,1933.000,1
09:21:11.26500,1933.250,1
09:21:12.23400,1933.000,3
09:21:13.46800,1933.000,2
09:21:15.17100,1933.250,1
09:21:15.26900,1933.250,1
09:21:19.88600,1933.250,1
09:21:20.92500,1933.250,1
09:21:22.69900,1933.250,1
09:21:22.87500,1933.250,51
09:21:23.00000,1933.250,8
09:21:23.09300,1933.500,3
09:21:23.32800,1933.250,5
09:21:24.87500,1933.250,2
09:21:25.29200,1933.500,1
09:21:29.23400,1933.500,38
09:21:30.12800,1933.500,20
09:21:31.85100,1933.500,2
09:21:32.30400,1933.500,3
09:21:33.08900,1933.750,1
09:21:33.94100,1933.500,5
09:21:34.17500,1933.500,16
09:21:34.19500,1933.500,3
09:21:34.81600,1933.500,2
09:21:35.85100,1933.250,13
09:21:36.06200,1933.500,1
09:21:37.63600,1933.500,101
09:21:37.92900,1933.500,10
09:21:38.05800,1933.500,2
09:21:38.20700,1933.500,3
09:21:42.39800,1933.250,8
09:21:44.00700,1933.250,1
09:21:45.30400,1933.250,4
09:21:45.65200,1933.250,1
09:21:46.24200,1933.250,6
09:21:46.46000,1933.250,1
09:21:46.53900,1933.250,1
09:22:00.60100,1933.250,37
09:22:04.50300,1933.000,3
09:22:05.32400,1933.000,9
09:22:07.65600,1933.250,1
09:22:09.65600,1933.000,2
09:22:09.70300,1933.000,2
09:22:09.76900,1933.000,1
09:22:10.46000,1933.000,1
09:22:10.91000,1933.000,8
09:22:11.60900,1933.000,3
09:22:13.01100,1932.500,175
09:22:13.87100,1932.750,37
09:22:14.17900,1932.750,1
09:22:14.91000,1932.750,10
09:22:15.26100,1932.750,5
09:22:15.68300,1932.750,2
09:22:16.69900,1932.750,1
09:22:17.40600,1932.750,6
09:22:17.87100,1933.000,1
09:22:20.73400,1933.000,6
09:22:21.05000,1932.750,1
09:22:21.48000,1932.750,1
09:22:24.62100,1932.500,40
09:22:24.75000,1932.750,6
09:22:25.35900,1932.750,27
09:22:25.40200,1932.750,6
09:22:25.71400,1932.750,3
09:22:26.66700,1932.750,11
09:22:28.55000,1932.750,6
09:22:29.06200,1932.750,2
09:22:29.84300,1933.000,13
09:22:30.08900,1933.000,21
09:22:31.45700,1933.250,110
09:22:31.55800,1933.250,1
09:22:31.84700,1933.250,22
09:22:32.04200,1933.000,2
09:22:32.49600,1933.250,1
09:22:33.19900,1933.250,1
09:22:33.57400,1933.000,1
09:22:33.91700,1933.000,3
09:22:35.16400,1933.000,41
09:22:36.19500,1933.000,5
09:22:36.50000,1933.000,4
09:22:38.60500,1933.000,8
09:22:40.26100,1933.250,36
09:22:40.50700,1933.250,12
09:22:40.67900,1933.000,2
09:22:41.38200,1933.000,1
09:22:41.56600,1933.250,1
09:22:41.71800,1933.250,1
09:22:44.06200,1933.000,1
09:22:45.00300,1933.250,1
09:22:45.42500,1933.000,5
09:22:46.66700,1933.000,23
09:22:46.93700,1933.000,1
09:22:48.60900,1933.000,18
09:22:50.02700,1932.750,1
09:22:50.43300,1933.000,1
09:22:51.12100,1933.000,1
09:22:51.35900,1933.000,12
09:22:51.75000,1933.000,9
09:22:55.26500,1933.000,1
09:22:55.46400,1933.000,1
09:22:55.84300,1933.000,5
09:22:57.10100,1932.750,3
09:22:57.25000,1933.000,1
09:22:57.57800,1933.000,20
09:22:58.66700,1933.000,1
09:22:58.93300,1933.000,1
09:22:59.59300,1933.000,3
09:22:59.77300,1933.000,3
09:23:03.62100,1933.250,2
09:23:03.78500,1933.250,23
09:23:03.90600,1933.250,10
09:23:04.05000,1933.250,6
09:23:04.54200,1933.250,3
09:23:04.89000,1933.250,5
09:23:05.09300,1933.250,17
09:23:06.15200,1933.000,1
09:23:07.62800,1933.250,1
09:23:07.72600,1933.000,1
09:23:11.05000,1933.000,1
09:23:11.92100,1933.000,33
09:23:15.39000,1933.250,11
09:23:15.73000,1933.250,25
09:23:16.03100,1933.000,101
09:23:16.89400,1933.000,12
09:23:17.72200,1933.000,1
09:23:17.89000,1932.750,1
09:23:19.09700,1933.000,10
09:23:19.60100,1933.000,4
09:23:19.75000,1933.000,1
09:23:21.03500,1933.000,1
09:23:21.26500,1933.000,1
09:23:22.16700,1933.000,1
09:23:23.12800,1933.000,10
09:23:23.35100,1933.000,3
09:23:24.72200,1933.000,1
09:23:24.90600,1933.000,5
09:23:25.22600,1933.000,10
09:23:27.64400,1933.250,2
09:23:28.86300,1933.000,2
09:23:29.23800,1933.000,2
09:23:29.86700,1933.000,7
09:23:31.23400,1933.250,1
09:23:32.75000,1933.000,9
09:23:36.81600,1932.750,1
09:23:36.92500,1932.750,30
09:23:37.42100,1932.750,10
09:23:38.11300,1932.750,6
09:23:39.90200,1933.000,1
09:23:40.16700,1933.000,9
09:23:40.95700,1932.750,10
09:23:41.89000,1933.000,37
09:23:42.41700,1932.750,4
09:23:43.12100,1932.750,100
09:23:43.41000,1932.750,1
09:23:44.67500,1932.750,13
09:23:48.57800,1933.000,105
09:23:49.70700,1932.750,86
09:23:50.01900,1932.750,17
09:23:51.32400,1933.000,3
09:23:51.66400,1932.750,1
09:23:51.80000,1932.750,4
09:23:52.17900,1933.000,1
09:23:52.33200,1933.000,1
09:23:52.96800,1932.750,1
09:23:54.58500,1932.750,4
09:23:55.87100,1932.750,1
09:23:56.19900,1932.750,10
09:24:02.47600,1932.750,77
09:24:02.89800,1932.750,2
09:24:03.39800,1932.750,1
09:24:03.87500,1932.500,20
09:24:04.08200,1932.750,1
09:24:04.43700,1932.750,1
09:24:05.06200,1932.500,2
09:24:05.84700,1932.750,1
09:24:06.55000,1932.750,3
09:24:08.66400,1932.500,6
09:24:09.12100,1932.500,2
09:24:11.04600,1932.500,4
09:24:13.08500,1932.500,2
09:24:13.64400,1932.500,2
09:24:14.46000,1932.500,1
09:24:14.93300,1932.500,1
09:24:15.67900,1932.750,90
09:24:16.69100,1932.750,1
09:24:16.85900,1932.500,1
09:24:18.50000,1932.500,4
09:24:18.70700,1932.750,6
09:24:22.17500,1932.500,2
09:24:25.80000,1932.500,1
09:24:26.66400,1932.500,10
09:24:27.58900,1932.500,82
09:24:27.95300,1932.500,1
09:24:28.23800,1932.750,9
09:24:28.37800,1932.500,4
09:24:29.01100,1932.500,9
09:24:29.32000,1932.750,16
09:24:33.04600,1932.750,71
09:24:33.85500,1932.750,1
09:24:34.56600,1932.750,32
09:24:34.77700,1932.500,25
09:24:35.01900,1932.750,6
09:24:35.28900,1932.750,4
09:24:36.07000,1932.750,1
09:24:36.15600,1932.500,2
09:24:36.63200,1932.750,2
09:24:38.01100,1932.500,1
09:24:38.20700,1932.500,1
09:24:38.40600,1932.750,1
09:24:38.60100,1932.750,9
09:24:39.91000,1932.750,8
09:24:40.49600,1932.750,11
09:24:41.22600,1933.000,1
09:24:41.75300,1933.000,1
09:24:42.36300,1932.750,1
09:24:42.89800,1932.750,1
09:24:47.54600,1932.750,2
09:24:48.12500,1933.000,3
09:24:49.24600,1932.750,10
09:24:49.48000,1933.000,1
09:24:50.83500,1932.750,10
09:24:51.82800,1933.000,1
09:24:52.59300,1933.000,1
09:24:52.96000,1933.000,2
09:24:53.48400,1933.000,1
09:24:56.58900,1933.000,3
09:24:57.61300,1932.750,10
09:24:57.78900,1932.750,3
09:24:57.86700,1932.750,6
09:24:58.49600,1932.750,14
09:25:00.39000,1932.750,16
09:25:00.50300,1932.750,5
09:25:00.60100,1932.750,9
09:25:00.73800,1932.750,5
09:25:03.50700,1932.750,1
09:25:04.64800,1933.000,1
09:25:05.15600,1932.750,4
09:25:05.67500,1932.750,2
09:25:05.73800,1933.000,1
09:25:05.96800,1932.750,1
09:25:07.21000,1933.000,3
09:25:07.50700,1932.750,11
09:25:08.44500,1932.750,15
09:25:10.01100,1932.500,29
09:25:10.05000,1932.500,159
09:25:10.16400,1932.250,19
09:25:10.23000,1932.500,2
09:25:11.73000,1932.250,2
09:25:11.93700,1932.250,60
09:25:12.52300,1932.500,6
09:25:13.11300,1932.500,93
09:25:13.21000,1932.500,5
09:25:13.72600,1932.500,23
09:25:14.71400,1932.500,14
09:25:15.86700,1932.500,1
09:25:16.17500,1932.500,12
09:25:16.65600,1932.500,8
09:25:16.76500,1932.500,2
09:25:18.01900,1932.500,1
09:25:18.59300,1932.250,3
09:25:20.46000,1932.250,1
09:25:20.59700,1932.500,63
09:25:21.17100,1932.500,6
09:25:22.49200,1932.250,10
09:25:23.16400,1932.250,1
09:25:25.25000,1932.500,2
09:25:26.18700,1932.250,1
09:25:27.65200,1932.500,15
09:25:28.36700,1932.500,1
09:25:29.87800,1932.500,6
09:25:30.27300,1932.500,7
09:25:32.69900,1932.500,1
09:25:33.57400,1932.250,2
09:25:34.93700,1932.250,1
09:25:35.26900,1932.500,2
09:25:37.55000,1932.250,1
09:25:38.25300,1932.500,2
09:25:38.94500,1932.500,2
09:25:41.47200,1932.500,2
09:25:42.57000,1932.500,2
09:25:42.66400,1932.250,5
09:25:44.79600,1932.250,2
09:25:46.16700,1932.250,47
09:25:46.20300,1932.250,125
09:25:47.05400,1932.250,6
09:25:47.23000,1932.250,3
09:25:47.92500,1932.250,2
09:25:48.62800,1932.000,297
09:25:48.63200,1932.000,9
09:25:48.71000,1931.750,31
09:25:48.92100,1931.750,6
09:25:49.81600,1932.000,102
09:25:50.40200,1932.250,1
09:25:51.07400,1932.250,2
09:25:52.40200,1932.250,1
09:25:52.78500,1932.000,37
09:25:53.46400,1931.750,3
09:25:54.78500,1932.000,3
09:25:54.94900,1931.750,1
09:25:55.19100,1932.000,1
09:25:55.35100,1931.750,1
09:25:58.56200,1931.750,1
09:25:58.95700,1931.750,1
09:25:59.74600,1932.000,1
09:25:59.95700,1931.750,11
09:26:00.33900,1931.750,3
09:26:01.66000,1931.750,2
09:26:02.21400,1932.000,171
09:26:02.83500,1932.000,1
09:26:03.72200,1932.000,1
09:26:04.10900,1932.000,3
09:26:04.19900,1932.000,1
09:26:04.70300,1932.000,14
09:26:05.47600,1932.000,4
09:26:06.48400,1932.000,1
09:26:07.06600,1932.000,9
09:26:07.25000,1932.000,1
09:26:08.28100,1931.750,1
09:26:09.00700,1932.000,1
09:26:09.47200,1931.750,10
09:26:10.36700,1931.750,1
09:26:10.53100,1932.000,55
09:26:11.65600,1932.250,11
09:26:13.89400,1932.250,8
09:26:15.29200,1932.000,1
09:26:16.60500,1932.000,3
09:26:17.33900,1932.250,4
09:26:18.08200,1932.000,1
09:26:18.46400,1932.250,1
09:26:19.32000,1932.250,1
09:26:20.07800,1932.000,1
09:26:22.80800,1932.250,2
09:26:23.13600,1932.000,2
09:26:24.33500,1932.000,1
09:26:25.01900,1932.000,1
09:26:25.47200,1932.000,1
09:26:26.66700,1932.250,1
09:26:27.91700,1932.250,1
09:26:31.57400,1932.250,1
09:26:32.23000,1932.000,50
09:26:33.10100,1932.000,1
09:26:33.25700,1932.000,49
09:26:34.07800,1932.000,2
09:26:34.56200,1932.000,1
09:26:35.56600,1932.000,42
09:26:36.81200,1932.000,19
09:26:37.08500,1932.000,3
09:26:37.23400,1932.000,1
09:26:37.55800,1932.250,1
09:26:37.87100,1932.000,14
09:26:41.71000,1932.000,2
09:26:42.53100,1932.000,18
09:26:42.97200,1931.750,13
09:26:43.31200,1931.750,2
09:26:43.39000,1932.000,24
09:26:43.46000,1932.000,24
09:26:43.83200,1932.000,11
09:26:45.80000,1932.000,6
09:26:46.15600,1932.000,4
09:26:47.91000,1932.000,2
09:26:48.35100,1932.000,1
09:26:48.75300,1932.000,1
09:26:50.05400,1932.000,14
09:26:50.17100,1932.000,12
09:26:50.44100,1932.000,2
09:26:51.78100,1931.750,3
09:26:52.94500,1932.000,1
09:26:53.57800,1931.750,6
09:26:53.92900,1932.000,26
09:26:56.10900,1932.000,1
09:26:57.66700,1931.750,6
09:27:00.56200,1931.750,14
09:27:01.28900,1932.000,3
09:27:02.01900,1931.750,5
09:27:02.94100,1932.000,21
09:27:03.42900,1932.000,1
09:27:03.54600,1932.000,1
09:27:05.24600,1932.000,1
09:27:05.67100,1931.750,2
09:27:07.43700,1931.750,1
09:27:08.42900,1931.750,11
09:27:08.60900,1931.750,3
09:27:09.57000,1932.000,1
09:27:09.93300,1932.000,2
09:27:10.08200,1932.000,6
09:27:10.42900,1932.000,42
09:27:11.39400,1932.000,1
09:27:14.55400,1932.000,1
09:27:14.95700,1932.000,1
09:27:16.32000,1932.250,2
09:27:19.05400,1932.250,1
09:27:19.71000,1932.000,6
09:27:20.34300,1932.250,1
09:27:20.62100,1932.250,1
09:27:20.78500,1932.250,85
09:27:21.12800,1932.500,28
09:27:21.41400,1932.250,11
09:27:21.70700,1932.250,28
09:27:22.81200,1932.250,5
09:27:24.78900,1932.000,1
09:27:25.01500,1932.250,1
09:27:27.14800,1932.000,5
09:27:28.39400,1932.000,1
09:27:31.07000,1932.250,4
09:27:31.58500,1932.000,1
09:27:32.87800,1932.250,1
09:27:34.34700,1932.000,1
09:27:37.55800,1932.000,70
09:27:37.96400,1932.000,6
09:27:38.34300,1932.000,5
09:27:42.40200,1932.000,1
09:27:42.78900,1932.000,1
09:27:43.80000,1932.000,3
09:27:43.94900,1932.000,59
09:27:45.25000,1932.250,41
09:27:45.35500,1932.250,17
09:27:45.90600,1932.250,1
09:27:46.16000,1932.250,1
09:27:47.84700,1932.250,6
09:27:48.17900,1932.250,3
09:27:49.30400,1932.250,1
09:27:52.13600,1932.250,14
09:27:53.89000,1932.250,1
09:27:54.57400,1932.500,2
09:27:55.00700,1932.500,2
09:27:55.52300,1932.250,10
09:27:57.52700,1932.250,45
09:28:03.87800,1932.250,2
09:28:04.29200,1932.000,137
09:28:04.69900,1932.000,1
09:28:06.56200,1932.000,1
09:28:07.08200,1932.250,1
09:28:08.02700,1932.250,1
09:28:08.26500,1932.000,52
09:28:08.80800,1932.250,1
09:28:08.95700,1932.250,4
09:28:09.13600,1932.250,1
09:28:09.72600,1932.000,101
09:28:10.97200,1932.250,1
09:28:11.20300,1932.000,5
09:28:12.03100,1932.000,1
09:28:16.62800,1932.000,52
09:28:17.65600,1932.000,70
09:28:18.69100,1932.000,28
09:28:19.65600,1931.750,1
09:28:21.06600,1932.000,1
09:28:21.92500,1932.000,1
09:28:24.26100,1931.750,36
09:28:24.35900,1931.500,43
09:28:24.50700,1931.500,3
09:28:24.64800,1931.500,2
09:28:25.43700,1931.750,5
09:28:26.40600,1931.750,1
09:28:27.48800,1931.500,1
09:28:28.22200,1931.500,3
09:28:28.83200,1931.750,1
09:28:29.00700,1931.750,3
09:28:30.03100,1931.500,11
09:28:31.10100,1931.500,116
09:28:31.43700,1931.500,12
09:28:31.74200,1931.500,26
09:28:32.54200,1931.500,156
09:28:32.65600,1931.500,1
09:28:32.87800,1931.500,1
09:28:33.23400,1931.500,2
09:28:33.75000,1931.750,6
09:28:34.20700,1931.750,3
09:28:34.56200,1931.500,1
09:28:35.34300,1931.500,2
09:28:36.06200,1931.500,10
09:28:36.53500,1931.750,105
09:28:37.74200,1931.750,1
09:28:37.91700,1931.750,3
09:28:40.01500,1931.750,26
09:28:40.39800,1931.750,5
09:28:41.58900,1931.750,2
09:28:42.77300,1931.750,9
09:28:43.57800,1931.750,1
09:28:44.21800,1931.750,1
09:28:45.18700,1931.750,1
09:28:45.74200,1931.750,2
09:28:46.46000,1931.750,1
09:28:47.77300,1931.500,1
09:28:48.45700,1931.750,1
09:28:49.87100,1931.750,1
09:28:50.74600,1931.500,1
09:28:51.73000,1931.750,5
09:28:53.21000,1931.750,5
09:28:55.41700,1931.500,5
09:28:56.62500,1931.750,2
09:28:57.62100,1931.500,7
09:28:58.32800,1931.500,1
09:28:58.71400,1931.750,1
09:28:58.83500,1931.500,5
09:28:59.00700,1931.500,2
09:29:00.19500,1931.750,9
09:29:00.25300,1931.500,1
09:29:01.74200,1931.500,9
09:29:02.09300,1931.500,3
09:29:02.45300,1931.500,73
09:29:02.45300,1931.500,4
09:29:02.45300,1931.500,11
09:29:02.49600,1931.500,20
09:29:02.58900,1931.500,17
09:29:03.16400,1931.500,9
09:29:03.69500,1931.500,2
09:29:05.16400,1931.500,3
09:29:05.92100,1931.250,97
09:29:06.07400,1931.250,1
09:29:06.63200,1931.250,2
09:29:07.58500,1931.500,3
09:29:08.06600,1931.250,44
09:29:08.50700,1931.500,1
09:29:09.24600,1931.500,1
09:29:09.42500,1931.500,13
09:29:09.59700,1931.250,5
09:29:09.94900,1931.500,3
09:29:10.97200,1931.750,1
09:29:11.12500,1931.500,1
09:29:11.76500,1931.500,22
09:29:11.78100,1931.500,1
09:29:12.30400,1931.500,2
09:29:13.37100,1931.500,1
09:29:14.37500,1931.500,195
09:29:14.79600,1931.500,1
09:29:15.49200,1931.500,1
09:29:16.20700,1931.500,60
09:29:16.28500,1931.500,2
09:29:16.69100,1931.500,6
09:29:18.66700,1931.250,1
09:29:19.36300,1931.250,2
09:29:20.21800,1931.250,3
09:29:20.53100,1931.250,1
09:29:20.67900,1931.250,2
09:29:21.33500,1931.250,1
09:29:21.76100,1931.500,1
09:29:22.01100,1931.500,1
09:29:22.70700,1931.250,1
09:29:22.86700,1931.250,2
09:29:23.18300,1931.250,7
09:29:23.39400,1931.250,7
09:29:24.92900,1931.500,1
09:29:25.42100,1931.500,1
09:29:26.31200,1931.250,2
09:29:26.95300,1931.250,2
09:29:27.28900,1931.500,1
09:29:29.00700,1931.250,3
09:29:29.36700,1931.250,7
09:29:29.47200,1931.250,3
09:29:30.53900,1931.500,1
09:29:32.69500,1931.250,3
09:29:33.02300,1930.750,582
09:29:33.23400,1930.750,21
09:29:33.60900,1930.750,4
09:29:34.31200,1931.000,5
09:29:34.37800,1931.000,1
09:29:34.50000,1930.750,1
09:29:35.23400,1931.000,1
09:29:35.50700,1930.750,1
09:29:35.75300,1930.750,2
09:29:36.35500,1930.750,2
09:29:36.95700,1931.000,2
09:29:37.20300,1930.750,16
09:29:37.60100,1930.750,1
09:29:38.27700,1930.750,1
09:29:38.67900,1931.000,1
09:29:38.90200,1931.000,1
09:29:39.21000,1931.000,4
09:29:39.53100,1930.750,1
09:29:39.89400,1931.000,6
09:29:39.91400,1931.000,13
09:29:40.44500,1930.750,6
09:29:42.19100,1931.250,189
09:29:42.19900,1931.250,4
09:29:42.40600,1931.250,10
09:29:42.64400,1931.250,81
09:29:43.12100,1931.250,10
09:29:43.26500,1931.250,11
09:29:43.36300,1931.500,4
09:29:44.26100,1931.250,11
09:29:45.16700,1931.250,2
09:29:47.69100,1931.500,2
09:29:47.77700,1931.500,1
09:29:48.70700,1931.250,3
09:29:48.80000,1931.500,2
09:29:49.07800,1931.500,1
09:29:49.52300,1931.500,146
09:29:49.52300,1931.500,3
09:29:49.72600,1931.500,1
09:29:50.04600,1931.500,3
09:29:50.17100,1931.750,2
09:29:50.94900,1931.500,5
09:29:51.07000,1931.500,4
09:29:51.52300,1931.500,3
09:29:51.68700,1931.500,6
09:29:52.03900,1931.500,4
09:29:53.07000,1931.500,3
09:29:53.41000,1931.750,1
09:29:53.62500,1931.500,1
09:29:53.91400,1931.500,3
09:29:54.06600,1931.750,117
09:29:55.20300,1932.000,8
09:29:55.26500,1932.000,1
09:29:56.80400,1931.500,145
09:29:57.08200,1931.250,128
09:29:57.25300,1931.500,13
09:29:57.38600,1931.500,6
09:29:57.66400,1931.500,2
09:29:58.05000,1931.250,94
09:29:58.18300,1931.000,6
09:29:58.23400,1931.000,2
09:29:58.34300,1931.250,1
09:29:58.82800,1931.250,1
09:29:59.04600,1931.000,233
09:29:59.12100,1931.250,1
09:29:59.25700,1931.000,22
09:29:59.59700,1931.000,7
09:29:59.91000,1931.250,12
09:30:00.02300,1931.500,268
09:30:00.04600,1931.750,918
09:30:00.13600,1931.250,383
09:30:00.17100,1931.250,425
09:30:00.32400,1931.250,155
09:30:00.44500,1931.500,8
09:30:01.05400,1931.250,66
09:30:01.12800,1931.250,10
09:30:01.23400,1931.250,48
09:30:01.25700,1931.500,192
09:30:01.26900,1931.250,52
09:30:01.27300,1931.500,10
09:30:01.71800,1931.500,21
09:30:02.04600,1931.250,56
09:30:02.07000,1931.000,25
09:30:02.07400,1931.000,234
09:30:02.08200,1931.250,17
09:30:02.09300,1931.000,116
09:30:02.53100,1931.250,34
09:30:02.53100,1931.250,4
09:30:02.78900,1931.000,160
09:30:03.05800,1931.250,139
09:30:03.13200,1931.250,43
09:30:03.28100,1931.250,33
09:30:03.33200,1931.250,5
09:30:03.42100,1931.500,14
09:30:03.65200,1931.500,7
09:30:03.70300,1931.500,7
09:30:03.83200,1931.250,7
09:30:04.07000,1931.500,181
09:30:04.14800,1931.500,10
09:30:04.22600,1931.250,13
09:30:04.38200,1931.500,2
09:30:04.51100,1931.250,93
09:30:04.55400,1931.500,18
09:30:04.62800,1931.500,5
09:30:04.75000,1931.500,11
09:30:04.91000,1931.250,6
09:30:05.01900,1931.500,21
09:30:05.12500,1931.250,2
09:30:05.21400,1931.500,8
09:30:05.25700,1931.500,1
09:30:05.41000,1931.500,1
09:30:05.57400,1931.500,1
09:30:05.71800,1931.500,2
09:30:05.86300,1931.500,9
09:30:06.00300,1931.250,19
09:30:06.10100,1931.500,9
09:30:06.47600,1931.250,6
09:30:06.57400,1931.250,39
09:30:06.71800,1931.500,2
09:30:06.82000,1931.500,17
09:30:07.00300,1931.250,19
09:30:07.20300,1931.500,12
09:30:07.32800,1931.500,138
09:30:07.57000,1931.500,99
09:30:07.80400,1931.500,109
09:30:08.01100,1931.250,119
09:30:08.14800,1931.250,33
09:30:08.16700,1931.250,8
09:30:08.29600,1931.000,6
09:30:08.78900,1931.250,12
09:30:08.85100,1931.000,4
09:30:09.00300,1931.000,20
09:30:09.10900,1931.250,1
09:30:09.33900,1931.000,1
09:30:09.42900,1931.000,10
09:30:09.58900,1931.000,5
09:30:09.65200,1931.250,5
09:30:09.83900,1931.250,2
09:30:10.00700,1931.250,15
09:30:10.52300,1931.250,8
09:30:10.73000,1931.250,170
09:30:11.02700,1931.250,50
09:30:11.36300,1931.500,81
09:30:11.36300,1931.500,3
09:30:11.86300,1931.500,5
09:30:12.00300,1931.500,238
09:30:12.00700,1931.500,37
09:30:12.32800,1931.500,92
09:30:12.50300,1931.500,5
09:30:12.84700,1931.250,14
09:30:13.00000,1931.500,15
09:30:13.86300,1931.250,12
09:30:14.17100,1931.500,14
09:30:14.38200,1931.250,186
09:30:14.66000,1931.500,16
09:30:14.80400,1931.000,78
09:30:15.05000,1931.250,3
09:30:15.12100,1931.250,1
09:30:15.31200,1931.500,66
09:30:15.68300,1931.500,1
09:30:15.79200,1931.250,2
09:30:15.85900,1931.250,6
09:30:16.06200,1931.250,1
09:30:16.18700,1931.250,3
09:30:16.53900,1931.250,64
09:30:16.69900,1931.250,12
09:30:16.75300,1931.250,155
09:30:16.85500,1931.250,1
09:30:17.12500,1931.250,41
09:30:17.44100,1931.250,16
09:30:17.62100,1931.250,12
09:30:18.09700,1931.250,15
09:30:18.35500,1931.000,10
09:30:18.65200,1931.250,75
09:30:18.74600,1931.250,6
09:30:18.96000,1931.000,33
09:30:19.40600,1931.000,16
09:30:19.45300,1931.250,1
09:30:19.73000,1931.250,1
09:30:19.81200,1931.500,136
09:30:19.86300,1931.500,4
09:30:20.22200,1931.250,68
09:30:20.41000,1931.250,63
09:30:20.68300,1931.250,54
09:30:20.81200,1931.250,6
09:30:21.46000,1931.500,1
09:30:21.64400,1931.250,23
09:30:22.00700,1931.250,13
09:30:22.25700,1931.250,2
09:30:22.46400,1931.000,34
09:30:22.76900,1931.250,1
09:30:22.96000,1931.250,24
09:30:23.47600,1931.000,49
09:30:23.48800,1931.000,191
09:30:23.58900,1931.000,9
09:30:23.89000,1931.000,20
09:30:24.17900,1931.000,36
09:30:24.25700,1931.250,7
09:30:24.46800,1931.000,9
09:30:24.60900,1931.250,2
09:30:24.72600,1931.250,1
09:30:24.82000,1931.000,37
09:30:25.12800,1931.000,135
09:30:25.48400,1931.000,6
09:30:25.61700,1931.000,3
09:30:25.94100,1931.000,4
09:30:26.20700,1931.000,15
09:30:26.46800,1931.000,40
09:30:26.61300,1931.000,15
09:30:26.65200,1931.000,8
09:30:26.95300,1931.000,17
09:30:27.16400,1931.000,22
09:30:27.41000,1931.000,2
09:30:27.56600,1930.750,9
09:30:27.71000,1930.750,7
09:30:27.74200,1931.000,1
09:30:27.89000,1931.000,8
09:30:27.96800,1931.000,54
09:30:28.18300,1931.250,4
09:30:28.25300,1931.000,2
09:30:28.52700,1931.000,3
09:30:28.67900,1931.250,139
09:30:28.73400,1931.250,14
09:30:28.87500,1931.250,1
09:30:29.08900,1931.250,1
09:30:29.46800,1931.500,1
09:30:29.50000,1931.250,4
09:30:29.58900,1931.250,1
09:30:29.76500,1931.500,2
09:30:29.92900,1931.250,2
09:30:30.14400,1931.500,1
09:30:30.26900,1931.500,77
09:30:30.29200,1931.500,169
09:30:30.36300,1931.750,22
09:30:30.51100,1931.500,2
09:30:30.68700,1931.750,2
09:30:30.80400,1931.500,2
09:30:30.90600,1931.500,70
09:30:31.07000,1931.750,1
09:30:31.25000,1931.750,1
09:30:31.50000,1931.500,6
09:30:31.63200,1931.500,1
09:30:31.76900,1931.500,21
09:30:31.85100,1931.500,25
09:30:32.00700,1931.500,1
09:30:32.19500,1931.500,57
09:30:32.30400,1931.500,2
09:30:32.44500,1931.500,3
09:30:32.85900,1931.500,11
09:30:33.07800,1931.250,1
09:30:33.23800,1931.500,1
09:30:33.39800,1931.500,2
09:30:33.45700,1931.250,3
09:30:33.52700,1931.250,10
09:30:34.10100,1931.250,1
09:30:34.29200,1931.500,2
09:30:34.55800,1931.500,1
09:30:34.63200,1931.750,25
09:30:34.63600,1931.500,5
09:30:34.88600,1931.500,253
09:30:35.53100,1931.750,45
09:30:35.54600,1931.750,21
09:30:35.92900,1931.750,85
09:30:36.07400,1931.750,12
09:30:36.21400,1931.750,2
09:30:36.46800,1932.000,28
09:30:36.80400,1932.000,229
09:30:36.80800,1932.000,40
09:30:37.07400,1932.000,18
09:30:37.18300,1932.250,44
09:30:37.79600,1932.250,3
09:30:38.03100,1932.250,2
09:30:38.05000,1932.250,13
09:30:38.11300,1932.250,4
09:30:38.32800,1932.250,2
09:30:39.01900,1932.500,210
09:30:39.21400,1932.500,8
09:30:39.35500,1932.500,1
09:30:39.71400,1932.500,2
09:30:39.79200,1932.500,1
09:30:39.89400,1932.500,138
09:30:40.05800,1932.250,7
09:30:40.15600,1932.500,5
09:30:40.28100,1932.500,7
09:30:40.51900,1932.500,116
09:30:40.57000,1932.750,125
09:30:40.63600,1932.500,2
09:30:40.78100,1932.500,9
09:30:40.92500,1932.500,15
09:30:41.08500,1932.750,2
09:30:41.22200,1932.750,1
09:30:41.41000,1932.750,2
09:30:41.52700,1932.750,113
09:30:41.52700,1932.750,6
09:30:41.69500,1932.750,40
09:30:42.03500,1932.500,6
09:30:42.06200,1932.500,82
09:30:42.15200,1932.500,1
09:30:42.24200,1932.500,1
09:30:42.37800,1932.250,3
09:30:42.50300,1932.500,1
09:30:42.59700,1932.500,3
09:30:42.66000,1932.250,1
09:30:43.02700,1932.500,3
09:30:43.29600,1932.500,48
09:30:43.47600,1932.500,1
09:30:43.66700,1932.250,2
09:30:43.82000,1932.500,2
09:30:44.22600,1932.500,1
09:30:44.58900,1932.500,26
09:30:44.75700,1932.250,82
09:30:45.07400,1932.500,1
09:30:45.49200,1932.500,1
09:30:45.94100,1932.500,1
09:30:46.30800,1932.500,1
09:30:46.62500,1932.250,8
09:30:46.90200,1932.500,1
09:30:47.02700,1932.500,16
09:30:47.12100,1932.500,5
09:30:47.22200,1932.500,1
09:30:47.75000,1932.500,1
09:30:47.92500,1932.500,1
09:30:48.01500,1932.500,1
09:30:48.54200,1932.500,4
09:30:48.63200,1932.500,2
09:30:48.89400,1932.500,1
09:30:49.60100,1932.250,106
09:30:49.75000,1932.250,174
09:30:49.77300,1932.500,64
09:30:51.11700,1932.500,42
09:30:51.48000,1932.250,1
09:30:51.66000,1932.250,1
09:30:51.77300,1932.500,6
09:30:52.10900,1932.250,8
09:30:52.28500,1932.500,1
09:30:52.35500,1932.500,1
09:30:53.19900,1932.500,1
09:30:53.37100,1932.250,1
09:30:53.62100,1932.500,1
09:30:53.87100,1932.250,6
09:30:54.28500,1932.250,2
09:30:54.64400,1932.750,188
09:30:54.78500,1932.500,3
09:30:54.87500,1932.500,170
09:30:54.94900,1932.500,5
09:30:55.23000,1932.500,1
09:30:55.30800,1932.500,72
09:30:55.68300,1932.750,1
09:30:56.07800,1932.500,13
09:30:56.31200,1932.500,44
09:30:56.60900,1932.500,1
09:30:57.13600,1932.750,1
09:30:57.35900,1932.500,1
09:30:57.60500,1932.500,2
09:30:57.85100,1932.750,2
09:30:58.07000,1932.500,2
09:30:58.34700,1932.500,3
09:30:58.51100,1932.500,30
09:30:58.92100,1932.500,30
09:30:59.07000,1932.500,1
09:30:59.26500,1932.500,2
09:30:59.58900,1932.750,13
09:30:59.83500,1932.750,1
09:30:59.96800,1932.500,35
09:31:00.34300,1932.500,10
09:31:00.51100,1932.250,2
09:31:00.66700,1932.250,81
09:31:00.67100,1932.250,12
09:31:01.17500,1932.250,5
09:31:01.52700,1932.250,71
09:31:01.61700,1932.250,3
09:31:01.85500,1932.500,1
09:31:02.07800,1932.250,2
09:31:02.55000,1932.500,101
09:31:02.59300,1932.500,81
09:31:02.72200,1932.500,39
09:31:03.09300,1932.500,103
09:31:03.20300,1932.500,2
09:31:03.41700,1932.750,28
09:31:03.67900,1932.750,1
09:31:03.89800,1932.750,192
09:31:04.01100,1932.500,46
09:31:04.09300,1932.750,15
09:31:04.24200,1932.750,9
09:31:04.33200,1932.500,1
09:31:04.47200,1932.750,2
09:31:04.64800,1932.500,1
09:31:04.92500,1932.750,1
09:31:05.10500,1932.750,1
09:31:05.42900,1932.500,3
09:31:05.59700,1933.000,53
09:31:05.82800,1933.000,2
09:31:06.00300,1932.750,1
09:31:06.11700,1933.000,1
09:31:06.21000,1933.000,2
09:31:06.41700,1933.250,361
09:31:06.50000,1933.000,42
09:31:06.52700,1933.000,32
09:31:06.61700,1933.250,1
09:31:06.83500,1933.250,2
09:31:07.18300,1933.250,1
09:31:07.73000,1933.000,14
09:31:07.80400,1933.250,3
09:31:07.89800,1933.250,3
09:31:08.00700,1933.000,4
09:31:08.39000,1933.250,170
09:31:09.00000,1933.250,6
09:31:09.15600,1933.000,84
09:31:09.40600,1933.250,1
09:31:09.60100,1933.000,2
09:31:09.92900,1933.250,6
09:31:10.20700,1933.000,22
09:31:10.48400,1933.250,176
09:31:10.66700,1933.500,2
09:31:10.86300,1933.500,5
09:31:11.28100,1933.500,7
09:31:11.34700,1933.750,94
09:31:11.43300,1933.500,130
09:31:11.50000,1933.500,31
09:31:11.66400,1933.250,8
09:31:11.70700,1933.500,1
09:31:11.86300,1933.500,2
09:31:11.97200,1933.250,1
09:31:12.06200,1933.500,2
09:31:12.21400,1933.500,5
09:31:12.30400,1933.500,203
09:31:12.44900,1933.500,23
09:31:12.48000,1933.750,3
09:31:12.62100,1933.500,68
09:31:12.85900,1933.750,9
09:31:13.05800,1933.750,1
09:31:13.22200,1933.750,1
09:31:13.53100,1933.500,8
09:31:13.58900,1933.500,3
09:31:13.73400,1933.750,3
09:31:13.82000,1933.750,5
09:31:14.07800,1933.500,6
09:31:14.22600,1933.500,92
09:31:14.32000,1933.750,1
09:31:14.43300,1933.500,1
09:31:14.62800,1933.750,48
09:31:14.76100,1934.000,19
09:31:14.81200,1934.000,4
09:31:14.93700,1933.750,11
09:31:15.14000,1934.000,14
09:31:15.28100,1933.750,13
09:31:15.34300,1933.750,2
09:31:15.64400,1933.750,133
09:31:15.75000,1934.000,5
09:31:15.96000,1933.750,22
09:31:16.11300,1933.750,8
09:31:16.20300,1933.750,2
09:31:16.41000,1933.750,122
09:31:16.58900,1934.000,1
09:31:16.68300,1933.750,8
09:31:16.80000,1934.000,73
09:31:16.89000,1933.750,50
09:31:17.39000,1933.500,2
09:31:17.52700,1933.750,3
09:31:17.68700,1933.750,3
09:31:17.76900,1933.500,110
09:31:18.22200,1933.250,1
09:31:18.34700,1933.500,38
09:31:18.41700,1933.500,11
09:31:18.52700,1933.500,1
09:31:18.74600,1933.500,7
09:31:18.80800,1933.750,10
09:31:18.93700,1933.750,2
09:31:19.05400,1933.750,1
09:31:19.49600,1933.500,63
09:31:19.73000,1933.750,2
09:31:19.84700,1933.500,7
09:31:20.14400,1933.500,66
09:31:20.22200,1933.500,2
09:31:20.33500,1933.750,1
09:31:20.58500,1933.750,1
09:31:20.87800,1933.750,1
09:31:21.06600,1933.500,48
09:31:21.10500,1933.500,25
09:31:21.33900,1933.250,4
09:31:21.66400,1933.250,28
09:31:21.83500,1933.250,25
09:31:22.19100,1933.500,2
09:31:23.20700,1933.250,147
09:31:23.62500,1933.250,7
09:31:23.76900,1933.250,12
09:31:23.83200,1933.500,5
09:31:23.94500,1933.250,11
09:31:24.53500,1933.250,5
09:31:24.80800,1933.500,22
09:31:25.46000,1933.500,1
09:31:25.67100,1933.500,2
09:31:25.79200,1933.250,15
09:31:26.97200,1933.250,79
09:31:27.06200,1933.250,33
09:31:27.07400,1933.000,16
09:31:27.07400,1933.250,24
09:31:27.09300,1933.250,2
09:31:27.23800,1933.250,21
09:31:27.31200,1934.000,694
09:31:27.33200,1934.000,240
09:31:27.41400,1934.000,196
09:31:27.79600,1933.750,23
09:31:27.84700,1933.750,5
09:31:28.08200,1933.750,1
09:31:28.60100,1933.750,252
09:31:28.69900,1933.750,5
09:31:28.87800,1933.500,1
09:31:29.22200,1933.750,2
09:31:29.33500,1933.750,1
09:31:29.81200,1933.750,83
09:31:30.05400,1934.000,2
09:31:30.19500,1933.750,57
09:31:30.38600,1933.750,150
09:31:30.62800,1933.750,4
09:31:30.87800,1933.750,8
09:31:31.39400,1934.000,4
09:31:31.57000,1934.000,2
09:31:32.07400,1933.750,2
09:31:32.12100,1933.750,1
09:31:32.23400,1934.000,1
09:31:32.37100,1934.000,5
09:31:32.82000,1934.000,141
09:31:32.94500,1934.000,10
09:31:33.10100,1934.000,72
09:31:33.10900,1934.000,1
09:31:33.28900,1934.000,6
09:31:33.60900,1934.000,32
09:31:34.01100,1934.000,2
09:31:34.18300,1934.000,1
09:31:34.25700,1934.000,1
09:31:34.38200,1934.000,18
09:31:34.43300,1934.000,35
09:31:35.08200,1933.750,6
09:31:35.11300,1934.000,1
09:31:35.20700,1933.750,1
09:31:35.69500,1934.000,37
09:31:36.03900,1934.000,11
09:31:36.14000,1934.000,1
09:31:36.33200,1934.250,2
09:31:36.66000,1934.000,78
09:31:36.71400,1934.000,1
09:31:36.89800,1934.000,13
09:31:36.91000,1934.000,12
09:31:37.32000,1934.000,2
09:31:37.60500,1934.250,3
09:31:37.79200,1934.000,8
09:31:37.85500,1934.000,12
09:31:38.11300,1934.000,2
09:31:38.20700,1934.000,1
09:31:38.35500,1934.250,1
09:31:38.55800,1934.000,6
09:31:38.69500,1934.000,2
09:31:38.80400,1934.000,1
09:31:38.86700,1934.000,11
09:31:39.02700,1934.000,2
09:31:39.70700,1934.250,41
09:31:39.96400,1934.250,25
09:31:40.26100,1934.000,1
09:31:40.55800,1934.000,10
09:31:40.74600,1934.250,1
09:31:40.89800,1934.250,3
09:31:40.95300,1934.000,60
09:31:41.12500,1934.000,3
09:31:41.19500,1934.000,1
09:31:42.12500,1934.000,1
09:31:42.19500,1934.000,1
09:31:42.31600,1934.250,1
09:31:43.00000,1934.250,6
09:31:43.39800,1934.000,129
09:31:43.41700,1933.750,2
09:31:43.58900,1933.750,4
09:31:43.70700,1934.000,2
09:31:44.19100,1933.750,3
09:31:44.20700,1933.750,1
09:31:44.42100,1934.000,104
09:31:44.69500,1934.000,3
09:31:45.10900,1934.000,1
09:31:45.22200,1934.000,37
09:31:45.30000,1934.000,2
09:31:45.42100,1934.000,8
09:31:45.68700,1934.000,5
09:31:45.92900,1934.000,6
09:31:46.03900,1934.000,18
09:31:46.15200,1934.000,32
09:31:46.28100,1934.000,1
09:31:46.48000,1934.000,7
09:31:46.61300,1933.750,67
09:31:46.79600,1933.750,38
09:31:47.08500,1933.750,57
09:31:47.23800,1933.750,1
09:31:47.38200,1934.000,1
09:31:47.69100,1933.750,4
09:31:47.72600,1933.750,50
09:31:48.05000,1933.750,40
09:31:48.16400,1934.000,2
09:31:48.37500,1933.750,37
09:31:48.46000,1934.000,2
09:31:48.55400,1933.750,1
09:31:48.66700,1934.000,124
09:31:48.95300,1934.250,10
09:31:49.10100,1934.000,1
09:31:49.71000,1934.000,101
09:31:50.35500,1934.250,1
09:31:50.48400,1934.000,57
09:31:50.80400,1934.250,5
09:31:51.43300,1934.000,10
09:31:51.64400,1934.250,2
09:31:51.91700,1934.000,35
09:31:51.95300,1934.000,1
09:31:52.44500,1934.000,3
09:31:52.76900,1934.000,69
09:31:52.89000,1934.250,1
09:31:53.04200,1934.000,13
09:31:53.32000,1934.000,34
09:31:53.37800,1934.000,1
09:31:53.50300,1934.000,1
09:31:53.59300,1934.000,2
09:31:53.70300,1934.000,14
09:31:53.88200,1934.000,8
09:31:54.00000,1934.000,39
09:31:54.16400,1934.000,1
09:31:54.36300,1933.750,24
09:31:54.47600,1934.000,3
09:31:54.50700,1933.750,10
09:31:55.05800,1933.750,2
09:31:55.53100,1933.750,1
09:31:55.79600,1933.750,1
09:31:56.12800,1933.750,1
09:31:56.58200,1933.750,3
09:31:57.34300,1934.000,7
09:31:57.37800,1934.000,3
09:31:57.45300,1934.000,118
09:31:57.55400,1934.000,53
09:31:57.70700,1934.000,1
09:31:58.05800,1934.250,7
09:31:58.08900,1934.000,1
09:31:58.36300,1934.000,34
09:31:59.01500,1934.000,6
09:31:59.13600,1934.000,2
09:31:59.41700,1934.250,18
09:31:59.72600,1934.250,164
09:31:59.79200,1934.250,7
09:32:00.19100,1934.250,139
09:32:00.32800,1934.500,28
09:32:00.35100,1934.500,50
09:32:00.49200,1934.500,3
09:32:00.58500,1934.250,1
09:32:00.89000,1934.500,3
09:32:01.01100,1934.500,196
09:32:01.26500,1934.250,40
09:32:01.55000,1934.500,87
09:32:01.55000,1934.500,55
09:32:01.55000,1934.500,29
09:32:01.55000,1934.500,97
09:32:01.79200,1934.500,2
09:32:02.04600,1934.500,1
09:32:02.78500,1934.500,1
09:32:02.79600,1934.750,205
09:32:03.00700,1934.750,68
09:32:03.60100,1934.750,122
09:32:03.68700,1934.750,12
09:32:03.78900,1934.500,6
09:32:03.96000,1934.750,3
09:32:04.10100,1934.500,76
09:32:04.18300,1934.250,1
09:32:04.34700,1934.500,30
09:32:04.45700,1934.750,12
09:32:04.79200,1934.750,34
09:32:04.87500,1934.750,2
09:32:04.90600,1934.500,1
09:32:05.17500,1934.500,22
09:32:05.51500,1934.750,10
09:32:05.67900,1934.500,1
09:32:05.78100,1934.500,81
09:32:05.90600,1934.500,15
09:32:05.96800,1934.500,2
09:32:06.18300,1934.500,2
09:32:06.37500,1934.500,1
09:32:06.48800,1934.500,1
09:32:06.73800,1934.250,7
09:32:06.84300,1934.250,121
09:32:06.95700,1934.250,50
09:32:07.02700,1934.500,1
09:32:07.17100,1934.250,2
09:32:07.24600,1934.500,3
09:32:07.48400,1934.500,1
09:32:07.68700,1934.500,3
09:32:07.80800,1934.250,3
09:32:08.05000,1934.500,1
09:32:08.10900,1934.250,70
09:32:08.39000,1934.250,3
09:32:08.56200,1934.250,30
09:32:08.75300,1934.250,3
09:32:09.18700,1934.250,1
09:32:09.33500,1934.250,16
09:32:09.44500,1934.250,48
09:32:09.58900,1934.250,65
09:32:09.68300,1934.500,1
09:32:10.09700,1934.500,93
09:32:10.25700,1934.250,5
09:32:10.91400,1934.250,81
09:32:11.04600,1934.250,1
09:32:11.30400,1934.250,1
09:32:11.71800,1934.250,6
09:32:11.96800,1934.250,1
09:32:12.10500,1934.250,48
09:32:12.28500,1934.250,2
09:32:12.32000,1934.250,6
09:32:12.50300,1934.250,3
09:32:12.90600,1934.250,22
09:32:13.50000,1934.250,81
09:32:13.91000,1934.250,2
09:32:14.01500,1934.250,2
09:32:14.44500,1934.500,1
09:32:14.56600,1934.500,17
09:32:14.85500,1934.250,3
09:32:14.88600,1934.250,2
09:32:15.16400,1934.250,1
09:32:15.25700,1934.250,1
09:32:15.40200,1934.250,1
09:32:16.40200,1934.500,1
09:32:16.82800,1934.500,2
09:32:17.05800,1934.250,28
09:32:17.15600,1934.250,3
09:32:17.39800,1934.250,1
09:32:17.78500,1934.250,2
09:32:18.32400,1934.250,15
09:32:18.50300,1934.500,4
09:32:18.70700,1934.250,2
09:32:18.83900,1934.250,3
09:32:19.23800,1934.500,181
09:32:19.38200,1934.500,113
09:32:19.46400,1934.500,1
09:32:19.73800,1934.500,4
09:32:19.95700,1934.500,6
09:32:20.17500,1934.750,1
09:32:20.26900,1934.500,4
09:32:20.49600,1934.500,1
09:32:20.74600,1934.500,115
09:32:20.80800,1934.500,8
09:32:20.83900,1934.500,2
09:32:21.10900,1934.250,4
09:32:22.05800,1934.500,1
09:32:22.34700,1934.250,75
09:32:22.46000,1934.250,11
09:32:22.61700,1934.250,48
09:32:23.08900,1934.000,38
09:32:23.66700,1934.000,4
09:32:23.95300,1933.750,161
09:32:24.00700,1933.750,6
09:32:24.11300,1933.750,5
09:32:24.18300,1933.750,1
09:32:24.37500,1934.000,8
09:32:24.58900,1934.000,139
09:32:24.66700,1934.000,2
09:32:24.78900,1934.250,1
09:32:24.86700,1934.000,1
09:32:25.01500,1934.000,5
09:32:25.15200,1934.000,10
09:32:25.49200,1934.000,4
09:32:25.67100,1934.000,11
09:32:25.84700,1934.000,1
09:32:25.92100,1934.250,2
09:32:26.51900,1934.250,59
09:32:26.61300,1934.250,1
09:32:26.67500,1934.500,1
09:32:26.75000,1934.250,1
09:32:26.94500,1934.250,33
09:32:27.46400,1934.000,33
09:32:28.06200,1934.250,82
09:32:28.21000,1934.000,5
09:32:28.39400,1934.000,31
09:32:28.64800,1934.000,68
09:32:28.83500,1934.000,1
09:32:29.00300,1934.000,61
09:32:29.11700,1934.000,5
09:32:29.31200,1934.000,11
09:32:29.40600,1934.000,20
09:32:29.74600,1934.000,43
09:32:29.82000,1934.250,1
09:32:30.28900,1934.000,1
09:32:30.44900,1934.000,2
09:32:30.62500,1934.000,1
09:32:30.69900,1934.000,3
09:32:31.33500,1934.250,2
09:32:31.55000,1934.500,218
09:32:31.96000,1934.250,107
09:32:32.57000,1934.250,35
09:32:33.18300,1934.000,76
09:32:33.39800,1934.250,3
09:32:33.80400,1934.000,1
09:32:33.94500,1934.250,61
09:32:34.04200,1934.250,20
09:32:34.24600,1934.250,10
09:32:34.53500,1934.000,7
09:32:34.63600,1934.250,11
09:32:34.75000,1934.250,4
09:32:34.94500,1934.500,1
09:32:35.23000,1934.250,1
09:32:35.92900,1934.250,28
09:32:36.13600,1934.500,5
09:32:37.01100,1934.250,66
09:32:37.23800,1934.250,2
09:32:37.40200,1934.250,1
09:32:38.01500,1934.250,5
09:32:38.11700,1934.250,1
09:32:38.28500,1934.250,20
09:32:38.81600,1934.250,3
09:32:38.87100,1934.250,57
09:32:38.94900,1934.500,7
09:32:40.57400,1934.250,2
09:32:40.68700,1934.250,1
09:32:41.52300,1934.250,58
09:32:41.54200,1934.250,2
09:32:41.57000,1934.250,21
09:32:41.59300,1934.500,39
09:32:42.09700,1934.250,25
09:32:42.50700,1934.250,11
09:32:42.62800,1934.250,12
09:32:42.87500,1934.250,22
09:32:42.93300,1934.250,1
09:32:43.05000,1934.000,2
09:32:44.60500,1934.000,131
09:32:44.67500,1934.000,2
09:32:44.83900,1934.000,132
09:32:45.02300,1934.000,1
09:32:45.65200,1934.250,15
09:32:45.93700,1934.250,1
09:32:46.12500,1934.250,1
09:32:46.83500,1934.250,30
09:32:47.27700,1934.250,2
09:32:47.61300,1934.250,64
09:32:47.63200,1934.250,6
09:32:47.87800,1934.250,15
09:32:48.26900,1934.500,6
09:32:49.23800,1934.250,1
09:32:49.37800,1934.250,1
09:32:49.82000,1934.250,3
