06:00:00.67900,1931.500,0
06:00:00.90200,1931.500,1
06:00:01.32000,1931.500,18
06:00:02.46400,1931.500,1
06:00:02.77700,1931.500,1
06:00:03.09300,1931.500,1
06:00:03.44500,1931.500,3
06:00:03.93300,1931.750,10
06:00:05.93300,1931.750,1
06:00:08.26900,1931.500,1
06:00:09.16700,1931.500,4
06:00:09.34700,1931.750,1
06:00:09.55800,1931.500,1
06:00:10.96000,1931.500,1
06:00:11.12800,1931.500,2
06:00:11.83500,1931.750,106
06:00:13.09300,1931.750,1
06:00:15.16700,1931.750,1
06:00:15.57800,1931.750,1
06:00:15.72200,1932.000,1
06:00:15.89800,1931.750,2
06:00:16.15600,1931.750,2
06:00:16.36700,1931.750,2
06:00:16.58500,1931.750,1
06:00:16.89800,1932.250,97
06:00:17.37100,1932.000,31
06:00:18.27300,1932.000,1
06:00:21.07800,1931.750,1
06:00:21.66700,1931.750,1
06:00:22.03100,1931.750,2
06:00:23.58900,1931.750,1
06:00:25.12800,1932.000,1
06:00:25.62500,1931.750,1
06:00:26.33500,1931.750,3
06:00:27.87500,1932.000,2
06:00:29.05800,1932.000,29
06:00:29.42500,1932.000,3
06:00:29.92100,1932.000,5
06:00:30.00300,1932.000,12
06:00:32.81200,1932.000,106
06:00:33.35100,1932.000,25
06:00:34.50700,1932.000,8
06:00:35.51100,1931.750,8
06:00:37.46000,1932.000,29
06:00:41.01500,1932.000,25
06:00:41.55800,1932.250,1
06:00:45.26100,1932.250,2
06:00:46.14000,1932.000,1
06:00:47.35900,1932.250,1
06:00:48.19100,1932.000,1
06:00:48.69900,1932.250,1
06:00:51.65200,1932.250,2
06:00:53.91000,1932.000,1
06:00:55.44900,1932.000,2
06:00:55.61700,1932.000,1
06:00:56.03900,1932.000,1
06:00:56.35100,1932.000,1
06:00:56.68700,1932.000,1
06:00:57.11700,1932.000,1
06:01:01.38200,1932.000,9
06:01:01.73800,1932.000,1
06:01:03.61700,1932.000,1
06:01:04.28900,1932.250,4
06:01:04.80800,1932.000,1
06:01:05.42900,1932.250,55
06:01:06.53100,1932.000,5
06:01:06.58200,1932.000,1
06:01:07.48800,1932.000,2
06:01:07.93300,1932.000,1
06:01:08.07000,1931.750,14
06:01:08.31200,1932.000,1
06:01:08.47200,1932.000,1
06:01:10.96000,1932.000,2
06:01:11.29600,1932.000,1
06:01:11.47600,1932.000,1
06:01:11.74200,1932.000,1
06:01:12.10500,1932.000,25
06:01:12.26500,1932.000,1
06:01:12.56200,1932.000,1
06:01:13.08500,1932.000,1
06:01:14.97200,1932.000,5
06:01:15.37800,1932.000,6
06:01:15.92500,1932.000,1
06:01:16.60500,1932.000,1
06:01:17.79600,1932.250,128
06:01:17.92500,1932.250,1
06:01:18.16000,1932.250,1
06:01:20.17100,1932.250,1
06:01:20.36700,1932.250,1
06:01:24.53900,1932.000,6
06:01:27.23800,1932.250,5
06:01:28.21800,1932.000,46
06:01:29.23400,1932.000,4
06:01:29.58500,1932.250,2
06:01:37.83200,1932.000,1
06:01:38.92100,1932.000,1
06:01:40.74600,1932.000,3
06:01:41.70700,1932.000,1
06:01:42.18700,1932.000,1
06:01:42.55000,1932.000,4
06:01:43.49200,1932.000,1
06:01:43.67100,1932.000,1
06:01:44.02300,1932.000,2
06:01:44.19500,1932.000,1
06:01:44.37100,1932.000,2
06:01:44.55400,1932.000,2
06:01:45.52700,1932.000,68
06:01:45.80400,1932.000,6
06:01:47.76500,1932.000,1
06:01:48.06600,1932.000,2
06:01:51.54600,1932.000,1
06:01:52.42100,1932.250,10
06:01:53.03500,1932.250,2
06:01:55.22200,1932.250,21
06:01:55.55400,1932.000,1
06:01:59.40200,1932.000,1
06:02:01.43300,1932.250,3
06:02:01.83900,1932.000,4
06:02:05.31200,1932.250,1
06:02:09.69100,1932.000,5
06:02:11.42500,1932.000,1
06:02:14.49600,1932.000,1
06:02:16.03100,1932.250,2
06:02:19.01900,1932.000,6
06:02:21.17100,1932.000,1
06:02:21.94500,1932.000,2
06:02:24.25300,1932.000,85
06:02:30.90200,1931.750,2
06:02:32.74200,1932.000,30
06:02:34.96400,1932.000,30
06:02:37.78100,1932.000,3
06:02:38.06600,1931.750,17
06:02:38.39000,1931.750,3
06:02:39.32000,1931.750,1
06:02:40.03900,1931.750,2
06:02:41.23400,1931.750,1
06:02:43.30400,1931.750,1
06:02:44.11700,1931.750,1
06:02:44.92100,1931.750,1
06:02:45.82800,1931.750,1
06:02:47.03900,1931.750,1
06:02:48.20300,1931.750,47
06:02:48.69100,1931.500,5
06:02:49.07400,1931.500,1
06:02:49.88600,1931.500,1
06:02:50.10900,1931.500,1
06:02:51.60500,1931.750,32
06:02:54.76900,1932.000,1
06:03:03.82000,1931.750,38
06:03:05.08500,1931.750,2
06:03:07.69900,1932.000,1
06:03:08.91400,1932.000,1
06:03:11.01500,1932.000,60
06:03:11.14000,1932.000,15
06:03:11.54200,1932.000,1
06:03:13.54200,1932.000,1
06:03:13.73800,1932.250,1
06:03:14.35100,1932.000,1
06:03:16.12100,1932.000,1
06:03:16.55000,1932.000,1
06:03:23.52700,1932.000,27
06:03:25.72600,1932.250,26
06:03:26.16000,1932.250,7
06:03:28.96000,1932.000,6
06:03:32.25700,1932.000,1
06:03:36.31600,1932.000,1
06:03:37.69100,1932.250,21
06:03:38.58200,1932.500,1
06:03:38.89800,1932.250,10
06:03:40.67500,1932.250,19
06:03:43.93300,1932.250,19
06:03:44.48400,1932.250,1
06:03:49.50000,1932.250,1
06:03:52.10100,1932.250,2
06:03:52.24600,1932.500,2
06:03:53.01900,1932.250,1
06:03:55.18300,1932.500,226
06:03:55.53100,1932.500,65
06:03:56.11700,1932.500,5
06:03:56.29200,1932.500,1
06:03:56.44900,1932.500,1
06:03:56.58200,1932.500,1
06:03:56.69900,1932.500,5
06:03:56.93300,1932.500,2
06:04:00.17100,1932.500,18
06:04:00.41700,1932.500,2
06:04:01.08900,1932.500,6
06:04:03.27300,1932.500,3
06:04:06.19900,1932.500,1
06:04:09.00700,1932.750,2
06:04:11.21000,1932.750,1
06:04:13.18700,1932.500,1
06:04:14.20700,1933.000,78
06:04:14.25300,1932.750,1
06:04:15.07800,1933.000,1
06:04:17.89400,1933.000,2
06:04:18.26500,1933.000,1
06:04:19.24200,1932.750,1
06:04:19.51500,1933.000,3
06:04:20.01500,1933.000,1
06:04:20.16700,1933.000,180
06:04:20.24200,1933.000,4
06:04:20.36300,1933.000,1
06:04:21.15600,1933.000,1
06:04:21.93700,1933.000,1
06:04:22.20700,1933.000,2
06:04:22.56600,1933.000,1
06:04:23.08200,1933.250,54
06:04:23.12500,1933.500,20
06:04:23.72600,1933.500,2
06:04:23.94100,1933.500,1
06:04:24.28500,1933.500,1
06:04:25.03100,1933.500,1
06:04:25.14000,1933.500,1
06:04:25.60900,1933.250,1
06:04:25.87800,1933.500,4
06:04:26.07800,1933.500,3
06:04:26.57400,1933.500,1
06:04:28.44500,1933.500,5
06:04:29.05000,1933.500,1
06:04:29.55800,1933.500,1
06:04:30.00300,1933.500,3
06:04:30.31600,1933.500,1
06:04:30.97200,1933.500,8
06:04:31.92100,1933.500,1
06:04:32.11300,1933.500,1
06:04:33.76100,1933.500,8
06:04:34.19900,1933.250,1
06:04:34.60500,1933.500,1
06:04:35.38600,1933.500,5
06:04:36.60500,1933.500,10
06:04:36.85500,1933.500,1
06:04:37.37800,1933.500,2
06:04:37.86300,1933.500,1
06:04:38.34300,1933.500,1
06:04:38.70700,1933.500,5
06:04:48.19500,1933.000,117
06:04:48.20300,1933.000,24
06:04:49.41400,1933.250,4
06:04:50.21000,1933.250,1
06:04:51.07000,1933.250,13
06:04:53.41000,1933.250,34
06:04:56.76500,1933.000,23
06:05:01.58500,1933.250,3
06:05:01.94500,1933.000,2
06:05:03.51900,1933.000,1
06:05:05.79200,1933.000,1
06:05:07.62500,1933.250,1
06:05:07.94500,1933.000,1
06:05:17.40200,1933.000,24
06:05:17.50700,1933.000,2
06:05:18.03500,1933.000,25
06:05:20.82000,1933.000,5
06:05:22.18700,1932.750,25
06:05:22.38200,1932.750,4
06:05:24.67900,1932.750,1
06:05:25.41000,1932.750,3
06:05:25.74200,1932.750,2
06:05:26.81200,1932.750,2
06:05:28.62800,1932.750,1
06:05:29.69500,1932.500,4
06:05:30.11700,1932.500,3
06:05:33.18300,1932.750,1
06:05:34.06200,1932.750,3
06:05:35.19100,1932.500,6
06:05:39.45300,1932.750,23
06:05:39.89800,1932.500,4
06:05:42.31600,1932.750,2
06:05:47.62800,1932.750,5
06:05:49.54200,1932.500,1
06:05:49.82400,1932.750,1
06:05:54.27700,1932.500,1
06:05:55.19100,1932.750,69
06:06:03.19500,1932.750,62
06:06:04.13200,1932.750,1
06:06:05.86300,1933.000,113
06:06:05.92900,1933.000,11
06:06:06.32800,1933.000,3
06:06:08.60900,1933.000,13
06:06:11.46400,1933.250,1
06:06:12.48800,1933.250,32
06:06:13.37800,1933.250,1
06:06:13.49200,1933.250,1
06:06:19.34700,1933.250,9
06:06:20.27700,1933.250,25
06:06:21.23400,1933.250,1
06:06:27.02300,1933.250,1
06:06:27.34300,1933.250,1
06:06:27.53900,1933.250,1
06:06:30.01500,1933.250,1
06:06:30.24600,1933.250,62
06:06:30.95300,1933.250,1
06:06:31.91700,1933.500,19
06:06:33.22200,1933.500,51
06:06:33.34300,1933.750,5
06:06:33.42900,1933.500,3
06:06:33.51900,1933.500,2
06:06:34.16700,1933.500,20
06:06:34.23400,1933.500,2
06:06:35.00000,1933.500,8
06:06:35.50000,1933.500,3
06:06:35.67900,1933.500,1
06:06:36.16400,1933.500,27
06:06:37.86300,1933.500,1
06:06:43.37100,1933.250,6
06:06:46.93300,1933.250,3
06:06:47.49600,1933.250,5
06:06:47.67500,1933.250,4
06:06:49.13600,1933.250,1
06:06:50.02300,1933.500,32
06:06:50.77300,1933.500,1
06:06:52.13600,1933.500,7
06:06:53.95700,1933.500,1
06:06:56.37500,1933.500,3
06:06:57.87100,1933.500,1
06:06:58.73000,1933.250,1
06:07:01.90200,1933.500,45
06:07:02.19100,1933.500,2
06:07:02.75300,1933.500,1
06:07:03.35500,1933.500,20
06:07:04.17900,1933.500,1
06:07:04.59700,1933.500,23
06:07:06.26100,1933.500,2
06:07:07.16000,1933.500,10
06:07:07.32000,1933.500,1
06:07:07.81200,1933.500,1
06:07:07.91000,1933.500,1
06:07:08.91700,1933.750,2
06:07:09.54600,1933.500,1
06:07:11.43700,1933.500,20
06:07:12.49200,1933.500,2
06:07:14.06200,1933.250,1
06:07:21.57800,1933.250,2
06:07:22.53100,1933.250,1
06:07:23.05400,1933.250,2
06:07:23.19500,1933.250,1
06:07:23.51100,1933.250,1
06:07:24.60900,1933.000,37
06:07:25.76900,1933.250,4
06:07:28.69100,1933.250,20
06:07:29.36300,1933.250,17
06:07:29.71400,1933.250,1
06:07:33.77700,1933.250,5
06:07:37.15600,1933.250,2
06:07:37.66400,1933.250,36
06:07:39.94100,1933.000,20
06:07:41.77700,1933.000,4
06:07:42.80400,1933.000,1
06:07:43.87800,1933.000,2
06:07:44.75300,1933.000,3
06:07:46.16000,1933.000,2
06:07:47.49600,1933.000,1
06:07:48.33900,1933.000,3
06:07:50.06200,1933.000,1
06:07:51.16000,1933.000,1
06:07:51.91700,1933.000,90
06:07:52.13200,1933.000,16
06:07:52.69500,1933.000,2
06:07:53.03100,1933.000,1
06:07:57.37100,1933.250,107
06:07:57.46800,1933.000,3
06:07:59.22200,1933.250,1
06:08:01.64000,1933.250,25
06:08:02.37100,1933.250,2
06:08:03.20700,1933.250,1
06:08:04.31600,1933.250,1
06:08:04.53900,1933.500,34
06:08:06.48800,1933.750,2
06:08:10.02700,1933.750,1
06:08:10.17900,1933.750,1
06:08:16.20700,1933.500,2
06:08:16.68700,1933.750,74
06:08:17.35100,1933.750,1
06:08:18.08200,1933.500,5
06:08:19.34700,1933.500,2
06:08:20.35500,1933.750,46
06:08:20.69500,1933.750,4
06:08:22.22600,1933.750,16
06:08:22.78900,1933.750,11
06:08:23.34300,1933.750,1
06:08:24.25300,1933.750,2
06:08:26.29600,1933.750,1
06:08:27.00300,1933.500,1
06:08:29.95700,1933.500,2
06:08:34.68300,1933.500,1
06:08:36.45700,1933.500,26
06:08:36.82400,1933.500,1
06:08:38.02700,1933.500,1
06:08:41.82400,1933.500,25
06:08:43.18700,1933.500,1
06:08:45.78900,1933.750,82
06:08:46.20300,1933.500,1
06:08:47.20300,1933.500,4
06:08:49.37100,1933.750,57
06:08:50.47200,1933.750,7
06:08:51.47600,1933.750,2
06:08:51.82800,1934.000,4
06:08:51.92900,1934.000,1
06:08:53.33900,1933.750,16
06:08:55.23800,1934.000,1
06:08:56.28100,1933.750,1
06:08:56.51100,1934.000,1
06:08:56.61700,1934.000,1
06:08:57.48800,1934.000,1
06:08:58.06600,1934.000,1
06:08:58.62800,1934.000,1
06:08:59.32800,1934.000,1
06:08:59.86700,1933.750,1
06:09:01.89800,1933.750,4
06:09:04.01900,1934.000,2
06:09:10.73000,1934.000,1
06:09:11.76500,1934.000,1
06:09:12.54200,1933.750,26
06:09:12.80400,1933.750,56
06:09:14.16400,1933.750,1
06:09:15.03500,1933.750,44
06:09:16.84300,1934.000,1
06:09:21.76100,1934.000,1
06:09:23.40200,1934.000,8
06:09:24.57800,1934.000,2
06:09:26.57800,1933.750,1
06:09:30.83500,1934.000,1
06:09:31.03500,1934.000,39
06:09:31.09700,1933.750,16
06:09:32.05800,1933.750,1
06:09:32.48400,1933.750,22
06:09:34.88200,1933.750,1
06:09:35.89000,1933.500,30
06:09:38.18300,1933.750,1
06:09:39.09300,1933.500,1
06:09:39.48400,1933.500,10
06:09:52.85100,1933.500,45
06:09:53.88600,1933.500,5
06:09:56.66400,1933.250,5
06:09:57.61700,1933.250,2
06:09:59.14400,1933.500,2
06:09:59.59700,1933.250,1
06:09:59.67500,1933.500,17
06:10:05.21400,1933.250,148
06:10:09.49200,1933.000,3
06:10:09.89000,1933.000,8
06:10:10.66400,1933.250,103
06:10:12.16400,1933.500,2
06:10:12.68700,1933.250,1
06:10:12.95300,1933.500,1
06:10:15.41000,1933.250,24
06:10:16.41400,1933.000,2
06:10:18.17500,1933.250,37
06:10:18.91700,1933.500,1
06:10:26.46800,1933.500,1
06:10:27.21000,1933.250,1
06:10:28.80400,1933.500,53
06:10:29.79600,1933.500,3
06:10:30.18300,1933.250,1
06:10:30.68300,1933.500,2
06:10:35.54600,1933.500,15
06:10:37.56200,1933.500,1
06:10:37.79600,1933.500,4
06:10:38.14400,1933.500,10
06:10:38.84300,1933.500,11
06:10:47.94900,1933.500,14
06:10:48.89400,1933.500,6
06:10:50.69500,1933.750,1
06:10:51.43700,1933.500,7
06:10:51.96000,1933.500,5
06:10:52.48000,1933.500,5
06:10:55.34700,1933.500,16
06:10:59.82000,1933.500,11
06:11:08.20300,1933.250,4
06:11:12.20700,1933.500,23
06:11:13.03900,1933.500,2
06:11:17.94100,1933.500,6
06:11:19.96800,1933.500,5
06:11:22.70300,1933.500,1
06:11:27.95700,1933.500,1
06:11:29.90600,1933.500,3
06:11:35.15600,1933.500,6
06:11:37.28100,1933.500,7
06:11:42.27300,1933.250,7
06:11:42.87500,1933.250,1
06:11:53.24600,1933.500,1
06:11:55.35500,1933.500,1
06:12:13.26500,1933.500,28
06:12:16.81200,1933.250,154
06:12:19.49200,1933.000,1
06:12:20.51900,1933.000,5
06:12:20.71800,1933.000,3
06:12:21.96800,1933.250,65
06:12:25.63600,1933.250,1
06:12:27.60100,1933.500,26
06:12:27.67900,1933.500,15
06:12:28.54200,1933.500,3
06:12:30.21400,1933.500,9
06:12:30.74200,1933.250,2
06:12:35.67500,1933.250,1
06:12:36.25300,1933.500,41
06:12:37.80400,1933.500,4
06:12:38.16700,1933.250,25
06:12:46.94500,1933.500,1
06:12:47.68300,1933.250,5
06:12:55.54200,1933.500,1
06:12:59.71800,1933.250,1
06:13:12.00000,1933.250,149
06:13:12.18700,1933.250,1
06:13:15.94500,1932.750,48
06:13:19.37500,1933.000,41
06:13:20.27700,1933.000,2
06:13:20.45700,1933.250,1
06:13:24.93300,1933.250,100
06:13:28.77700,1933.250,1
06:13:32.71400,1933.500,25
06:13:35.42100,1933.500,1
06:13:41.79200,1933.250,1
06:13:44.05400,1933.500,1
06:13:45.17900,1933.500,3
06:13:46.44900,1933.500,1
06:13:46.84700,1933.250,1
06:13:49.60900,1933.500,1
06:13:50.85100,1933.500,1
06:13:53.07800,1933.500,1
06:13:53.25000,1933.500,1
06:13:54.73000,1933.250,74
06:13:55.05800,1933.250,17
06:13:58.88200,1933.250,50
06:13:58.95300,1933.250,11
06:14:01.15600,1933.250,53
06:14:01.83500,1933.250,4
06:14:02.82800,1933.250,51
06:14:18.41400,1933.250,1
06:14:22.68300,1933.500,50
06:14:25.03500,1933.500,2
06:14:25.97200,1933.500,7
06:14:26.14000,1933.500,24
06:14:28.13600,1933.500,3
06:14:28.37100,1933.500,1
06:14:31.19100,1933.500,4
06:14:33.66400,1933.500,32
06:14:33.92100,1933.500,14
06:14:35.34700,1933.500,14
06:14:35.86700,1933.500,1
06:14:38.72600,1933.500,1
06:14:47.67500,1933.500,5
06:14:55.08500,1933.750,2
06:14:55.71800,1933.500,1
06:14:56.57800,1933.500,1
06:15:02.35900,1933.750,56
06:15:04.82400,1933.500,51
06:15:05.82000,1933.750,5
06:15:08.56600,1933.750,1
06:15:12.61300,1933.750,1
06:15:14.32800,1933.750,34
06:15:15.69500,1933.750,3
06:15:21.14800,1933.750,30
06:15:22.94100,1933.750,2
06:15:24.19900,1933.750,1
06:15:26.08900,1933.750,5
06:15:26.90200,1933.500,22
06:15:28.27700,1933.750,4
06:15:33.66700,1933.750,8
06:15:35.12800,1933.750,2
06:15:36.69500,1933.750,4
06:15:37.30800,1933.750,4
06:15:38.05400,1933.750,4
06:15:38.52700,1933.750,1
06:15:39.36300,1934.000,256
06:15:39.51500,1934.250,4
06:15:41.87800,1934.250,1
06:15:43.19900,1934.250,2
06:15:48.07400,1934.000,11
06:15:48.66700,1934.250,24
06:15:48.82000,1934.250,1
06:15:49.56200,1934.250,1
06:15:49.76500,1934.250,1
06:15:50.15600,1934.500,18
06:15:50.32000,1934.500,1
06:15:50.82400,1934.500,1
06:15:51.17100,1934.250,1
06:15:52.23800,1934.250,1
06:15:56.05000,1934.250,2
06:15:57.54600,1934.250,31
06:15:58.45700,1934.250,3
06:15:58.63200,1934.250,42
06:15:58.78100,1934.250,13
06:15:59.64800,1934.500,1
06:16:00.37100,1934.250,3
06:16:00.79600,1934.250,1
06:16:01.26900,1934.500,1
06:16:02.00300,1934.250,9
06:16:03.34700,1934.250,1
06:16:03.52700,1934.250,8
06:16:04.53500,1934.250,4
06:16:07.61300,1934.250,1
06:16:08.40200,1934.000,1
06:16:08.84300,1934.250,1
06:16:09.24200,1934.250,63
06:16:11.21000,1934.250,1
06:16:17.57000,1934.250,1
06:16:17.82400,1934.250,1
06:16:18.19100,1934.250,2
06:16:18.65200,1934.500,2
06:16:22.71000,1934.500,1
06:16:24.17500,1934.500,1
06:16:25.28900,1934.500,185
06:16:25.75700,1934.500,3
06:16:26.27300,1934.500,2
06:16:26.72200,1934.500,1
06:16:27.79600,1934.250,158
06:16:28.28100,1934.250,1
06:16:28.44500,1934.000,1
06:16:29.39800,1934.000,131
06:16:29.94100,1934.000,14
06:16:30.87800,1934.000,34
06:16:31.38600,1934.000,1
06:16:32.42100,1934.000,2
06:16:33.33500,1934.000,2
06:16:36.93300,1934.000,1
06:16:37.11700,1934.000,14
06:16:37.65200,1934.250,3
06:16:39.68300,1934.000,30
06:16:41.05400,1934.000,3
06:16:42.86300,1934.250,1
06:16:46.57400,1934.250,5
06:17:10.08500,1934.000,9
06:17:22.71000,1934.000,4
06:17:26.90600,1934.000,2
06:17:29.74200,1934.000,2
06:17:33.45300,1934.000,1
06:17:38.41000,1934.250,74
06:17:38.64800,1934.250,14
06:17:38.83900,1934.250,55
06:17:39.07000,1934.250,5
06:17:39.21800,1934.250,11
06:17:39.53900,1934.250,1
06:17:42.85500,1934.250,1
06:17:43.71400,1934.250,15
06:17:45.23800,1934.500,217
06:17:45.33500,1934.750,43
06:17:45.40600,1934.750,2
06:17:45.53900,1934.500,2
06:17:45.79600,1934.750,15
06:17:46.23400,1934.500,1
06:17:46.78900,1934.750,1
06:17:47.87100,1934.500,1
06:17:50.37100,1934.500,16
06:18:07.48000,1934.250,4
06:18:08.26900,1934.250,40
06:18:12.27300,1934.000,46
06:18:12.75700,1934.000,1
06:18:13.19100,1934.000,3
06:18:13.82000,1934.000,4
06:18:16.46800,1934.000,4
06:18:20.33200,1934.000,1
06:18:22.00300,1934.000,1
06:18:23.47600,1934.000,1
06:18:32.39400,1934.000,9
06:18:35.37500,1934.000,31
06:18:37.34300,1934.000,10
06:18:38.18300,1934.000,8
06:18:39.75300,1934.000,3
06:18:40.09700,1933.750,1
06:18:42.75300,1933.750,1
06:18:43.28100,1933.750,2
06:18:46.21800,1933.750,2
06:18:47.56200,1933.750,1
06:18:48.37800,1933.750,85
06:18:48.81600,1933.750,1
06:18:49.60500,1933.500,3
06:18:49.78500,1933.750,1
06:18:53.21400,1933.500,1
06:18:54.51100,1933.750,48
06:18:54.58900,1933.750,1
06:18:55.14400,1933.750,5
06:18:57.94500,1934.000,5
06:19:00.82400,1934.000,2
06:19:03.84300,1934.000,28
06:19:04.12100,1934.000,3
06:19:04.24600,1934.000,13
06:19:06.13200,1934.000,11
06:19:08.33500,1934.000,1
06:19:08.69900,1933.750,1
06:19:09.28900,1934.000,6
06:19:10.08900,1934.000,13
06:19:10.61300,1934.000,5
06:19:11.75000,1934.000,4
06:19:14.83900,1933.750,1
06:19:18.17500,1934.000,44
06:19:18.79200,1934.000,2
06:19:22.35100,1934.000,12
06:19:22.80400,1934.000,1
06:19:25.44100,1934.000,1
06:19:31.38600,1934.000,1
06:19:36.55800,1934.000,16
06:19:37.93300,1934.000,1
06:19:40.46400,1934.250,1
06:19:41.41000,1934.250,31
06:19:41.62500,1934.250,4
06:19:42.32400,1934.250,25
06:19:44.45700,1934.250,2
06:19:46.70300,1934.250,7
06:19:48.91700,1934.250,20
06:19:54.08900,1934.250,1
06:19:56.03100,1934.250,2
06:19:56.79600,1934.500,1
06:19:59.23000,1934.250,11
06:20:03.55000,1934.500,2
06:20:05.13600,1934.250,62
06:20:05.51100,1934.250,4
06:20:06.19100,1934.250,52
06:20:07.29600,1934.500,51
06:20:12.09700,1934.250,17
06:20:17.02700,1934.250,8
06:20:19.03500,1934.250,1
06:20:20.16700,1934.250,5
06:20:20.61700,1934.250,7
06:20:21.57400,1934.250,6
06:20:22.20300,1934.000,1
06:20:22.31600,1934.250,12
06:20:25.94900,1934.250,1
06:20:27.83500,1934.250,1
06:20:38.13600,1934.250,11
06:20:38.72200,1934.000,5
06:20:40.89000,1934.250,1
06:20:50.46000,1934.000,59
06:20:52.59700,1934.250,1
06:20:53.12100,1934.250,30
06:20:53.45700,1934.500,5
06:20:53.53100,1934.500,4
06:20:54.62100,1934.250,4
06:20:56.69500,1934.500,53
06:20:59.26900,1934.500,1
06:21:00.35500,1934.750,4
06:21:02.85900,1934.250,199
06:21:03.61700,1934.250,3
06:21:03.69100,1934.250,24
06:21:06.43700,1934.250,15
06:21:08.14400,1934.250,9
06:21:12.61700,1934.250,6
06:21:23.51900,1934.500,1
06:21:25.02300,1934.500,73
06:21:25.21000,1934.500,7
06:21:26.56600,1934.500,55
06:21:26.96800,1934.750,1
06:21:28.83500,1935.000,633
06:21:28.89800,1935.000,20
06:21:29.00300,1935.000,38
06:21:29.20700,1935.250,4
06:21:29.37800,1935.250,23
06:21:29.96400,1935.000,10
06:21:30.06600,1934.750,1
06:21:30.57000,1935.000,1
06:21:30.73000,1935.000,1
06:21:31.01900,1935.000,1
06:21:31.25300,1935.000,4
06:21:31.35900,1935.000,1
06:21:34.03500,1935.000,1
06:21:35.21800,1934.750,27
06:21:35.69100,1934.750,1
06:21:37.13600,1934.750,16
06:21:39.79600,1934.750,1
06:21:42.83500,1934.750,1
06:21:43.81600,1934.750,8
06:21:45.91000,1934.750,36
06:21:47.57000,1934.750,66
06:21:49.25700,1934.750,10
06:21:49.64400,1934.750,5
06:21:51.13200,1934.750,21
06:21:53.76500,1935.000,2
06:22:00.63600,1935.000,28
06:22:03.55800,1934.750,1
06:22:05.18300,1934.750,19
06:22:05.81200,1934.750,2
06:22:05.92900,1934.750,6
06:22:06.58500,1934.750,35
06:22:08.19500,1934.500,3
06:22:12.47600,1934.750,2
06:22:12.58200,1934.750,14
06:22:13.35100,1934.750,19
06:22:14.11300,1934.500,81
06:22:14.87100,1934.500,9
06:22:15.36700,1934.500,1
06:22:16.53500,1934.500,8
06:22:17.01900,1934.500,3
06:22:18.26500,1934.500,13
06:22:18.83500,1934.250,6
06:22:19.73400,1934.250,3
06:22:19.95300,1934.250,41
06:22:20.01900,1934.250,3
06:22:20.20300,1934.250,5
06:22:21.20300,1934.250,12
06:22:22.24600,1934.250,6
06:22:26.44500,1934.250,1
06:22:30.61700,1934.250,10
06:22:30.78900,1934.250,1
06:22:30.88600,1934.500,1
06:22:32.10100,1934.250,10
06:22:32.25300,1934.000,2
06:22:32.48800,1934.250,1
06:22:33.12500,1934.250,3
06:22:33.94100,1934.250,10
06:22:36.67100,1934.500,50
06:22:36.79600,1934.250,1
06:22:40.96400,1934.250,2
06:22:41.26900,1934.500,61
06:22:44.83900,1934.250,1
06:22:50.71800,1934.250,1
06:22:55.19900,1934.250,1
06:22:56.63200,1934.250,2
06:23:09.47600,1934.250,4
06:23:16.10500,1934.250,2
06:23:16.85900,1934.250,58
06:23:24.60100,1934.250,25
06:23:26.30400,1934.250,1
06:23:29.68300,1934.250,2
06:23:46.60900,1934.250,1
06:23:49.63200,1934.250,49
06:23:50.33500,1934.000,3
06:23:51.42100,1934.250,21
06:23:51.94900,1934.250,2
06:23:52.13600,1934.250,5
06:23:52.58500,1934.000,1
06:23:55.60500,1934.000,1
06:23:56.39000,1934.250,1
06:24:09.55800,1934.000,2
06:24:10.08500,1934.000,2
06:24:12.80800,1934.000,2
06:24:13.17900,1934.250,50
06:24:14.14000,1934.250,10
06:24:14.45300,1934.000,113
06:24:14.45300,1934.000,7
06:24:16.03900,1934.000,1
06:24:16.30800,1934.000,1
06:24:17.81600,1934.000,1
06:24:21.66400,1934.000,10
06:24:24.92900,1934.250,1
06:24:27.02300,1934.000,3
06:24:27.67500,1934.250,1
06:24:29.11700,1934.250,40
06:24:31.69100,1934.250,1
06:24:40.64800,1934.500,1
06:24:43.71800,1934.500,65
06:24:51.16700,1934.500,2
06:24:56.21000,1934.500,1
06:24:57.01100,1934.500,1
06:24:59.25700,1934.500,5
06:25:35.18300,1934.250,33
06:25:37.66700,1934.000,52
06:25:38.79200,1934.000,2
06:25:39.00300,1934.000,32
06:25:45.49600,1934.000,36
06:25:45.93300,1934.000,1
06:25:47.65200,1934.000,1
06:25:50.23000,1934.000,1
06:25:56.94100,1934.000,38
06:26:01.01100,1934.000,35
06:26:02.07000,1933.750,5
06:26:05.68300,1933.750,51
06:26:08.38200,1934.000,21
06:26:09.51900,1934.000,4
06:26:09.80400,1934.000,4
06:26:15.23400,1934.000,1
06:26:20.14000,1934.000,4
06:26:21.74200,1934.000,1
06:26:22.35900,1934.000,1
06:26:29.39400,1934.000,4
06:26:29.53500,1934.000,4
06:26:29.66700,1934.000,8
06:26:33.05000,1934.000,1
06:26:34.34700,1934.000,1
06:26:34.84700,1934.000,2
06:26:35.52300,1934.000,11
06:26:39.35900,1934.000,3
06:26:39.86300,1934.250,1
06:26:40.31600,1934.000,2
06:26:41.89800,1934.250,1
06:26:42.14800,1934.000,8
06:26:42.97200,1934.000,12
06:26:45.21000,1934.000,4
06:26:46.07400,1934.000,14
06:26:47.01500,1934.000,1
06:26:51.38600,1934.250,138
06:26:53.91700,1934.500,2
06:26:56.16000,1934.250,33
06:26:56.38600,1934.250,14
06:26:56.39800,1934.250,2
06:26:56.47200,1934.250,2
06:27:02.39800,1934.250,3
06:27:02.67500,1934.250,3
06:27:06.82400,1934.250,7
06:27:07.61700,1934.250,2
06:27:09.96000,1934.250,9
06:27:11.82400,1934.250,5
06:27:13.17900,1934.250,7
06:27:14.44100,1934.000,8
06:27:16.77700,1934.250,7
06:27:19.25000,1934.000,1
06:27:21.64400,1934.000,60
06:27:22.58500,1934.000,2
06:27:24.32000,1934.000,21
06:27:25.14400,1934.000,1
06:27:25.42500,1933.750,2
06:27:28.26500,1934.000,1
06:27:29.14000,1934.250,2
06:27:30.94100,1934.000,1
06:27:42.95300,1934.000,8
06:27:43.48400,1934.250,1
06:27:44.82400,1934.000,52
06:27:47.16000,1934.000,2
06:27:47.94100,1934.000,1
06:27:59.62800,1934.000,1
06:28:01.75700,1934.000,12
06:28:03.12800,1934.000,14
06:28:04.16700,1934.000,6
06:28:04.69900,1934.000,4
06:28:06.51100,1934.000,1
06:28:07.41400,1933.750,20
06:28:09.53900,1934.000,10
06:28:10.90600,1933.750,2
06:28:11.14400,1934.000,4
06:28:12.81200,1934.000,2
06:28:13.17900,1933.500,643
06:28:13.19100,1933.500,7
06:28:13.43300,1933.750,90
06:28:13.43300,1933.750,76
06:28:13.50000,1933.500,2
06:28:13.74600,1933.750,8
06:28:14.25700,1933.750,5
06:28:17.91700,1933.500,54
06:28:18.80000,1933.500,2
06:28:20.65600,1933.500,2
06:28:24.48800,1933.500,1
06:28:26.48400,1933.750,1
06:28:31.12500,1933.750,4
06:28:32.03100,1933.750,16
06:28:32.28500,1933.750,6
06:28:34.05400,1933.750,2
06:28:37.24600,1933.750,5
06:28:39.09700,1933.750,1
06:28:39.26500,1933.750,1
06:28:41.39800,1933.750,2
06:28:43.85900,1933.750,1
06:28:45.19500,1933.500,33
06:28:47.82800,1933.500,9
06:28:50.72200,1933.500,6
06:28:56.19900,1933.500,15
06:28:56.94900,1933.500,26
06:29:01.05800,1933.250,62
06:29:03.75300,1933.500,1
06:29:04.39000,1933.500,14
06:29:05.03100,1933.500,1
06:29:07.13600,1933.500,4
06:29:08.61700,1933.500,5
06:29:10.53900,1933.500,7
06:29:12.54600,1933.500,16
06:29:13.04600,1933.500,1
06:29:13.24600,1933.500,4
06:29:14.18700,1933.500,12
06:29:16.06600,1933.500,4
06:29:17.81200,1933.250,13
06:29:18.65600,1933.500,3
06:29:21.56600,1933.500,2
06:29:21.73800,1933.500,2
06:29:23.10100,1933.500,1
06:29:23.67900,1933.250,2
06:29:23.92100,1933.500,1
06:29:27.25700,1933.500,4
06:29:29.23400,1933.500,3
06:29:30.36300,1933.500,1
06:29:35.58500,1933.500,1
06:29:36.55000,1933.500,8
06:29:38.53100,1933.500,2
06:29:39.23800,1933.500,63
06:29:39.80000,1933.500,1
06:29:58.05800,1933.500,10
06:29:58.31600,1933.500,2
06:29:59.95700,1933.500,1
06:30:01.23400,1933.500,2
06:30:02.51100,1933.500,12
06:30:03.85500,1933.500,4
06:30:04.91400,1933.500,2
06:30:05.36700,1933.500,1
06:30:07.08900,1933.250,1
06:30:07.44100,1933.500,2
06:30:11.13600,1933.250,1
06:30:15.40600,1933.500,1
06:30:15.91000,1933.250,1
06:30:16.37100,1933.250,1
06:30:18.19100,1933.500,27
06:30:18.64400,1933.500,11
06:30:18.76100,1933.500,3
06:30:19.64000,1933.500,1
06:30:25.07400,1933.500,1
06:30:30.05800,1933.250,1
06:30:35.48400,1933.500,15
06:30:56.16400,1933.250,1
06:30:58.39400,1933.250,1
06:30:58.76500,1933.250,1
06:31:02.83500,1933.250,148
06:31:13.00300,1933.250,46
06:31:13.24600,1933.250,6
06:31:13.47600,1933.250,4
06:31:14.11300,1933.250,2
06:31:14.26900,1933.250,14
06:31:15.37100,1933.250,4
06:31:15.96400,1933.250,3
06:31:16.42100,1933.250,1
06:31:20.14400,1933.250,1
06:31:21.75000,1933.250,19
06:31:22.15600,1933.250,131
06:31:22.78900,1933.250,3
06:31:25.62800,1933.250,57
06:31:27.37800,1933.250,65
06:31:27.86300,1933.250,1
06:31:30.91000,1933.250,1
06:31:31.23800,1933.250,60
06:31:32.19100,1933.250,1
06:31:33.66700,1933.250,16
06:31:33.84300,1933.250,1
06:31:35.23400,1933.250,50
06:31:36.05400,1933.250,17
06:31:38.00300,1933.250,101
06:31:39.81200,1933.500,2
06:31:43.35900,1933.500,117
06:31:43.52300,1933.500,1
06:31:45.54600,1933.500,1
06:31:45.84700,1933.500,70
06:31:46.60900,1933.500,3
06:31:47.57000,1933.500,1
06:31:49.74600,1933.500,20
06:31:49.95300,1933.500,2
06:31:51.32400,1933.500,2
06:31:52.58200,1933.500,6
06:31:52.96000,1933.500,8
06:31:59.46400,1933.500,1
06:32:05.91400,1933.500,13
06:32:07.58500,1933.250,1
06:32:11.62100,1933.500,1
06:32:16.75300,1933.250,1
06:32:21.44100,1933.500,1
06:32:27.77700,1933.500,1
06:32:28.81600,1933.500,30
06:32:29.32800,1933.500,2
06:32:30.26100,1933.500,14
06:32:34.69500,1933.500,35
06:32:34.91000,1933.250,22
06:32:36.23000,1933.250,12
06:32:40.01900,1933.500,20
06:32:44.08200,1933.250,1
06:32:48.29200,1933.500,4
06:32:49.37800,1933.500,9
06:33:13.00300,1933.500,10
06:33:17.61300,1933.500,15
06:33:21.01900,1933.500,1
06:33:31.76500,1933.250,20
06:33:32.79200,1933.500,5
06:33:33.19100,1933.500,1
06:33:48.06200,1933.500,26
06:33:50.80000,1933.500,3
06:33:51.83900,1933.500,25
06:33:52.44500,1933.750,2
06:33:53.35100,1933.500,4
06:33:54.36300,1933.750,1
06:33:54.92500,1933.750,1
06:33:55.34300,1933.750,1
06:33:55.54600,1933.500,15
06:34:01.10100,1933.500,5
06:34:02.97200,1933.500,53
06:34:04.79600,1933.500,36
06:34:07.46400,1933.500,15
06:34:09.19500,1933.500,3
06:34:11.67500,1933.500,9
06:34:12.30000,1933.500,3
06:34:14.00700,1933.500,9
06:34:15.94900,1933.250,3
06:34:20.40200,1933.250,1
06:34:25.97200,1933.500,22
06:34:27.26100,1933.500,12
06:34:27.78500,1933.750,1
06:34:35.94100,1933.500,77
06:34:38.16400,1933.500,30
06:34:39.55800,1933.500,1
06:34:39.75000,1933.500,3
06:34:41.41000,1933.500,9
06:34:41.75300,1933.500,1
06:34:43.96800,1933.500,2
06:34:44.55400,1933.250,3
06:34:45.48800,1933.500,2
06:34:45.75700,1933.750,1
06:35:06.65200,1933.500,44
06:35:08.80800,1933.500,3
06:35:16.08900,1933.500,30
06:35:18.12500,1933.500,1
06:35:19.76900,1933.500,6
06:35:27.26100,1933.500,1
06:35:29.84300,1933.500,3
06:35:45.23400,1933.250,1
06:35:48.39400,1933.500,92
06:35:48.80000,1933.500,2
06:35:50.08200,1933.500,4
06:35:52.38200,1933.500,7
06:35:54.93300,1933.500,1
06:35:58.52700,1933.500,34
06:36:11.37500,1933.250,10
06:36:11.55000,1933.500,76
06:36:11.68300,1933.500,6
06:36:12.13600,1933.500,1
06:36:26.72200,1933.500,1
06:36:27.01500,1933.500,1
06:36:27.85900,1933.500,1
06:36:30.02700,1933.500,25
06:36:30.56600,1933.750,2
06:36:36.27700,1933.750,1
06:36:43.47600,1933.500,85
06:36:45.64800,1933.250,1
06:36:50.07800,1933.250,1
06:36:51.06200,1933.250,1
06:36:56.23000,1933.250,1
06:36:59.07800,1933.500,1
06:37:13.65600,1933.500,23
06:37:14.92900,1933.250,1
06:37:15.28900,1933.250,2
06:37:16.71000,1933.250,77
06:37:17.01500,1933.250,2
06:37:20.40600,1933.250,33
06:37:20.93300,1933.500,2
06:37:21.29600,1933.500,10
06:37:23.03500,1933.500,30
06:37:31.67900,1933.500,1
06:37:34.25000,1933.500,87
06:37:34.50300,1933.500,1
06:37:38.06600,1933.500,78
06:37:41.52700,1933.500,1
06:37:43.55400,1933.500,1
06:37:46.11700,1933.500,4
06:37:47.87800,1933.500,26
06:37:49.27700,1933.750,38
06:37:53.82400,1933.750,39
06:38:02.05800,1933.750,149
06:38:03.23000,1933.750,4
06:38:06.07400,1933.750,1
06:38:07.89400,1934.000,58
06:38:10.31200,1934.000,9
06:38:10.51100,1934.000,5
06:38:10.80400,1934.000,1
06:38:12.07400,1934.000,25
06:38:13.81200,1934.000,80
06:38:20.55400,1934.000,2
06:38:21.22200,1934.000,2
06:38:21.35900,1934.250,14
06:38:21.91700,1934.000,2
06:38:25.05800,1934.250,2
06:38:25.21800,1934.250,71
06:38:25.25700,1934.250,1
06:38:25.75000,1934.250,1
06:38:26.19100,1934.250,5
06:38:27.71400,1934.250,6
06:38:31.58500,1934.000,124
06:38:33.71400,1934.000,2
06:38:36.90200,1934.000,59
06:38:41.06600,1934.000,1
06:38:45.32800,1934.000,1
06:38:46.86300,1934.000,99
06:39:00.63600,1934.250,10
06:39:03.42100,1934.250,1
06:39:06.37100,1934.250,1
06:39:11.94900,1934.250,36
06:39:13.81200,1934.250,3
06:39:24.26500,1934.250,72
06:39:24.61700,1934.000,1
06:39:31.54700,1934.250,3
06:39:45.46400,1934.000,5
06:39:53.50300,1934.500,64
06:39:53.86300,1934.500,2
06:39:58.65600,1934.250,87
06:39:59.85900,1934.250,7
06:40:03.14400,1934.500,2
06:40:06.21800,1934.250,17
06:40:11.17500,1934.500,1
06:40:12.21800,1934.250,1
06:40:12.58200,1934.500,1
06:40:12.76500,1934.250,1
06:40:13.06600,1934.500,1
06:40:20.78900,1934.250,35
06:40:21.01900,1934.250,3
06:40:21.11700,1934.250,5
06:40:22.70700,1934.250,3
06:40:24.32400,1934.250,9
06:40:30.78500,1934.250,7
06:40:33.34300,1934.250,1
06:40:33.97200,1934.250,4
06:40:35.61300,1934.250,7
06:40:37.29200,1934.500,1
06:40:39.71800,1934.250,1
06:40:39.96800,1934.250,3
06:40:44.01500,1934.000,25
06:40:44.23400,1934.000,5
06:40:45.71400,1934.000,5
06:40:51.81200,1934.000,26
06:41:07.42900,1934.000,2
06:41:10.50700,1934.000,39
06:41:11.52700,1934.000,5
06:41:12.62100,1934.000,3
06:41:14.59700,1934.000,1
06:41:16.34700,1934.000,1
06:41:18.58500,1934.000,1
06:41:20.31600,1934.000,1
06:41:23.35900,1934.250,2
06:41:32.85500,1934.000,1
06:41:33.76100,1934.000,1
06:41:41.04200,1934.000,1
06:41:47.15600,1934.000,1
06:41:54.17900,1934.000,10
06:42:09.66000,1934.000,3
06:42:13.09700,1934.250,2
06:42:17.58200,1934.000,1
06:42:21.60100,1934.000,58
06:42:24.48800,1933.750,1
06:42:25.34300,1933.750,40
06:42:26.30400,1933.750,4
06:42:26.83900,1933.750,3
06:42:28.28100,1933.750,4
06:42:30.96400,1933.750,1
06:42:38.24200,1933.750,1
06:42:39.07400,1933.500,1
06:42:41.72200,1933.750,1
06:42:42.86700,1933.500,1
06:42:44.37500,1933.500,23
06:42:45.28500,1933.500,1
06:42:45.43700,1933.500,2
06:42:46.32400,1933.500,32
06:42:46.47600,1933.500,17
06:42:46.61700,1933.500,4
06:42:47.27300,1933.500,11
06:42:48.65200,1933.500,2
06:42:53.81600,1933.500,119
06:42:54.36700,1933.750,6
06:42:56.94500,1933.500,1
06:43:18.50700,1933.750,132
06:43:23.33900,1933.500,1
06:43:39.35100,1933.500,2
06:43:42.24600,1933.500,2
06:43:42.32400,1933.750,1
06:43:46.46400,1933.500,2
06:44:24.51900,1933.750,3
06:44:31.44500,1933.750,1
06:44:39.42500,1933.750,3
06:44:43.87800,1933.750,30
06:44:49.23400,1933.750,5
06:44:56.44900,1933.750,18
06:44:57.51500,1933.500,1
06:44:57.74600,1933.750,32
06:44:58.78900,1933.750,5
06:45:02.56600,1933.750,3
06:45:02.78900,1934.000,40
06:45:04.45300,1934.000,1
06:45:07.64000,1934.250,3
06:45:08.62800,1934.000,126
06:45:09.29200,1934.000,1
06:45:11.92900,1934.000,3
06:45:13.33900,1934.000,2
06:45:13.63600,1934.000,65
06:45:14.07400,1934.000,4
06:45:14.90200,1934.000,2
06:45:15.68300,1934.000,4
06:45:16.00700,1934.000,4
06:45:22.15200,1933.750,60
06:45:23.08500,1933.750,1
06:45:27.65600,1933.750,5
06:45:27.78900,1933.750,1
06:45:29.69900,1933.500,3
06:45:31.51500,1933.500,1
06:45:33.97200,1933.500,1
06:45:35.63200,1933.750,39
06:45:35.77300,1933.750,2
06:45:38.35900,1933.750,1
06:45:42.08500,1933.750,3
06:45:43.38200,1933.750,1
06:45:52.74200,1933.750,3
06:45:54.62100,1933.750,26
06:45:54.71000,1933.750,7
06:45:57.14000,1933.750,1
06:45:59.10500,1933.750,1
06:45:59.87800,1933.750,1
06:46:03.96400,1933.750,3
06:46:09.34700,1933.500,2
06:46:12.89000,1933.500,2
06:46:15.97200,1933.500,1
06:46:18.47600,1933.500,39
06:46:18.71000,1933.500,1
06:46:18.85500,1933.500,18
06:46:20.02700,1933.250,4
06:46:21.13600,1933.250,6
06:46:21.35100,1933.250,6
06:46:21.49200,1933.250,4
06:46:23.32800,1933.250,1
06:46:23.65600,1933.250,1
06:46:27.50700,1933.250,1
06:46:32.94900,1933.250,3
06:46:35.57000,1933.250,3
06:46:40.10500,1933.250,1
06:46:40.57800,1933.000,152
06:46:40.69100,1933.000,1
06:46:40.71000,1933.000,4
06:46:41.33200,1933.250,21
06:46:41.44900,1933.000,1
06:46:42.35500,1933.250,8
06:46:42.89000,1933.250,5
06:46:47.06200,1933.250,1
06:46:47.49200,1933.250,1
06:46:50.10100,1933.500,4
06:46:55.00000,1933.250,3
06:46:57.10500,1933.250,5
06:46:57.94100,1933.250,1
06:47:10.06600,1933.250,7
06:47:25.27700,1933.500,5
06:47:26.71400,1933.500,2
06:47:29.51900,1933.500,44
06:47:29.80400,1933.500,2
06:47:29.88600,1933.500,4
06:47:30.33500,1933.500,2
06:47:31.64000,1933.500,3
06:47:32.00000,1933.500,3
06:47:32.69100,1933.500,8
06:47:36.76100,1933.500,1
06:47:37.43700,1933.500,23
06:47:38.75700,1933.500,11
06:47:39.44900,1933.500,3
06:47:40.15200,1933.500,1
06:47:41.41000,1933.500,1
06:47:42.06200,1933.500,5
06:47:43.69500,1933.500,5
06:47:47.03500,1933.500,16
06:47:48.00300,1933.500,3
06:47:58.79200,1933.500,41
06:48:08.51500,1933.500,6
06:48:08.53500,1933.500,4
06:48:10.62800,1933.500,1
06:48:11.62100,1933.500,5
06:48:18.85100,1933.500,22
06:48:22.09300,1933.500,4
06:48:22.81200,1933.500,1
06:48:26.33200,1933.500,2
06:48:26.70300,1933.500,2
06:48:27.01100,1933.500,1
06:48:30.91700,1933.500,12
06:48:31.44500,1933.500,9
06:48:31.78500,1933.500,1
06:48:42.41700,1933.750,1
06:48:43.61700,1933.500,7
06:48:46.15600,1933.500,3
06:48:48.14000,1933.500,9
06:48:48.75000,1933.750,2
06:48:49.79600,1933.500,12
06:48:50.00000,1933.750,2
06:48:52.33200,1933.250,15
06:48:52.41000,1933.250,3
06:48:52.58500,1933.250,6
06:48:52.75000,1933.250,1
06:48:57.17500,1933.250,1
06:48:59.85100,1933.250,4
06:49:11.89400,1933.250,2
06:49:36.10900,1933.250,10
06:49:38.55000,1933.250,3
06:49:46.41000,1933.250,26
06:49:49.72200,1933.250,2
06:49:50.91000,1933.250,17
06:49:51.06600,1933.250,4
06:49:54.95700,1933.250,1
06:50:01.75700,1933.250,4
06:50:05.66700,1933.000,7
06:50:06.39800,1933.250,6
06:50:09.68700,1933.250,41
06:50:10.23400,1933.250,1
06:50:13.03500,1933.000,1
06:50:14.33500,1933.000,2
06:50:16.53100,1933.250,56
06:50:18.88200,1933.250,37
06:50:24.27700,1933.250,2
06:50:25.75300,1933.250,1
06:50:26.09300,1933.250,1
06:50:34.35100,1933.250,10
06:50:40.76900,1933.250,12
06:50:42.26900,1933.250,7
06:50:42.54600,1933.250,10
06:50:43.77700,1933.250,1
06:50:49.81200,1933.000,4
06:50:50.05800,1933.250,2
06:50:55.44500,1933.250,1
06:50:57.16700,1933.000,1
06:51:06.01100,1933.250,43
06:51:06.16400,1933.250,2
06:51:17.37800,1933.000,1
06:51:18.19500,1933.000,1
06:51:20.10900,1933.000,51
06:51:22.32800,1933.000,61
06:51:22.41400,1933.000,1
06:51:22.90200,1933.000,1
06:51:27.59700,1933.000,25
06:51:29.01100,1933.000,24
06:51:30.39000,1933.000,6
06:51:31.06600,1933.000,1
06:51:31.50000,1933.000,2
06:51:32.57800,1933.000,6
06:51:35.01100,1933.250,13
06:51:39.17100,1933.000,2
06:51:44.17100,1933.000,2
06:51:49.53500,1933.000,3
06:51:52.06200,1933.250,8
06:51:55.05000,1933.000,2
06:51:56.55800,1933.000,1
06:52:01.29200,1933.000,4
06:52:03.69900,1933.000,11
06:52:04.84300,1933.000,2
06:52:07.58200,1933.000,40
06:52:15.01100,1933.250,10
06:52:16.81600,1933.000,1
06:52:18.84300,1933.000,18
06:52:25.42500,1932.750,12
06:52:25.51100,1932.750,10
06:52:28.88200,1933.000,1
06:52:33.00300,1932.750,219
06:52:33.02700,1932.750,3
06:52:39.23000,1932.500,15
06:52:40.03500,1932.750,16
06:52:40.69100,1932.750,1
06:52:43.30000,1932.500,4
06:52:44.23400,1932.500,1
06:52:44.81200,1932.500,1
06:52:49.21800,1932.750,99
06:52:49.90600,1932.750,4
06:52:52.73800,1932.750,15
06:52:53.09300,1932.750,2
06:52:57.07000,1932.750,10
06:52:58.21800,1933.000,38
06:52:58.96800,1932.750,1
06:52:59.56200,1932.750,40
06:52:59.65600,1932.750,4
06:53:05.65600,1932.500,10
06:53:06.74600,1932.500,1
06:53:08.53900,1932.750,1
06:53:08.80400,1932.500,1
06:53:09.01900,1932.750,82
06:53:10.37100,1932.750,1
06:53:12.15600,1932.750,2
06:53:12.26500,1932.750,1
06:53:12.94900,1932.750,4
06:53:15.20300,1933.000,2
06:53:16.69500,1932.750,16
06:53:17.26500,1932.750,5
06:53:19.01100,1933.000,32
06:53:21.46000,1933.000,1
06:53:21.54200,1932.750,10
06:53:29.01100,1933.000,34
06:53:33.81200,1932.750,1
06:53:34.09300,1933.000,37
06:53:36.05800,1933.250,2
06:53:38.48000,1933.000,10
06:53:42.46000,1933.000,18
06:53:43.01900,1933.000,5
06:53:50.01100,1933.250,35
06:53:54.21000,1933.000,30
06:53:54.68300,1933.250,42
06:53:55.78100,1933.250,1
06:53:56.89000,1933.500,26
06:53:57.08200,1933.250,3
06:53:59.19900,1933.000,10
06:54:00.25300,1933.000,2
06:54:02.01100,1933.250,38
06:54:06.04600,1933.000,2
06:54:07.82800,1933.250,2
06:54:13.18300,1933.250,1
06:54:15.62800,1933.000,14
06:54:22.29600,1933.000,1
06:54:23.84300,1933.250,1
06:54:23.93300,1933.250,12
06:54:26.88200,1933.500,1
06:54:27.03900,1933.500,1
06:54:27.17900,1933.500,2
06:54:27.37100,1933.500,3
06:54:35.21000,1933.500,55
06:54:35.35500,1933.500,11
06:54:37.01100,1933.750,28
06:54:40.18700,1933.500,9
06:54:40.51100,1933.750,2
06:54:41.37800,1933.500,1
06:54:41.74200,1933.750,44
06:54:45.03900,1933.500,7
06:54:45.13600,1933.500,1
06:54:45.31200,1933.500,1
06:54:45.85900,1933.750,1
06:54:46.08900,1933.500,2
06:54:46.18700,1933.500,3
06:54:48.00700,1933.750,35
06:54:50.19500,1933.500,19
06:54:53.57800,1933.500,19
06:54:54.49600,1933.750,2
06:54:56.08900,1933.250,20
06:54:56.65200,1933.250,1
06:54:57.04600,1933.500,52
06:55:05.38600,1933.250,4
06:55:05.48000,1933.250,6
06:55:05.53100,1933.500,65
06:55:10.37500,1933.500,2
06:55:12.21400,1933.500,8
06:55:12.30400,1933.500,2
06:55:13.21400,1933.500,3
06:55:15.01100,1933.750,31
06:55:19.17900,1933.500,1
06:55:20.38200,1933.500,4
06:55:20.95700,1933.500,18
06:55:21.76500,1933.500,5
06:55:23.19900,1933.500,5
06:55:23.56600,1933.500,5
06:55:24.73000,1933.500,2
06:55:25.67500,1933.500,1
06:55:28.64400,1933.250,18
06:55:31.01500,1933.250,1
06:55:31.26900,1933.250,25
06:55:32.38600,1933.250,1
06:55:32.72200,1933.250,2
06:55:34.01100,1933.500,39
06:55:37.26900,1933.250,21
06:55:37.60900,1933.250,1
06:55:41.65600,1933.250,5
06:55:46.39000,1933.250,1
06:55:49.17100,1933.250,31
06:55:49.32800,1933.250,21
06:55:54.01100,1933.500,42
06:55:55.32800,1933.250,3
06:55:55.83500,1933.250,22
06:55:56.64800,1933.250,2
06:55:57.02300,1933.250,1
06:55:57.79200,1933.000,2
06:55:59.21800,1933.000,26
06:56:03.01100,1933.250,42
06:56:13.56600,1933.000,66
06:56:15.06200,1933.000,10
06:56:17.19500,1933.000,13
06:56:20.08900,1933.000,13
06:56:23.01100,1933.250,49
06:56:25.53100,1933.250,1
06:56:28.83200,1933.250,6
06:56:30.33200,1933.000,4
06:56:36.11700,1933.250,2
06:56:36.85100,1933.000,3
06:56:43.46800,1933.000,1
06:56:43.66400,1933.250,23
06:56:51.45700,1933.000,1
06:56:51.90200,1933.000,1
06:56:54.10500,1933.000,5
06:56:56.90200,1933.000,1
06:56:57.50300,1933.000,50
06:56:58.85500,1933.000,1
06:56:59.20300,1933.000,4
06:57:01.62500,1933.000,8
06:57:07.21800,1932.750,5
06:57:07.45300,1932.750,1
06:57:07.84700,1933.000,115
06:57:08.01100,1933.000,5
06:57:08.71000,1933.000,3
06:57:09.01100,1933.250,34
06:57:10.23000,1933.250,31
06:57:11.22200,1933.250,1
06:57:11.53500,1933.250,1
06:57:12.95700,1933.250,11
06:57:21.85500,1933.500,29
06:57:24.53900,1933.500,1
06:57:25.67100,1933.250,1
06:57:28.00700,1933.500,31
06:57:28.55400,1933.500,1
06:57:29.30800,1933.250,65
06:57:29.57800,1933.500,2
06:57:30.00000,1933.250,1
06:57:30.69500,1933.500,2
06:57:31.00000,1933.500,4
06:57:32.54200,1933.500,1
06:57:35.75700,1933.250,5
06:57:42.07800,1933.500,1
06:57:44.08500,1933.500,6
06:57:48.60900,1933.250,5
06:57:49.92500,1933.500,34
06:57:53.62800,1933.250,1
06:58:11.17100,1933.250,43
06:58:11.21400,1933.250,1
06:58:11.90200,1933.000,3
06:58:15.36700,1933.250,32
06:58:16.31200,1933.000,1
06:58:17.64000,1933.250,34
06:58:19.10900,1933.000,5
06:58:20.95300,1933.250,2
06:58:22.89000,1933.250,2
06:58:24.59700,1933.000,1
06:58:28.80800,1933.250,4
06:58:30.62500,1933.250,7
06:58:34.79200,1933.250,3
06:58:36.46800,1933.250,5
06:58:40.00000,1933.000,1
06:58:55.18700,1932.750,214
06:58:56.53100,1932.750,47
06:58:56.54600,1932.750,8
06:58:56.61700,1932.750,2
06:58:57.28500,1933.000,1
06:59:00.83900,1932.750,6
06:59:02.83500,1932.750,1
06:59:10.29600,1933.000,27
06:59:10.58200,1932.750,37
06:59:11.57000,1933.000,7
06:59:13.47600,1933.000,39
06:59:14.82400,1933.000,11
06:59:15.37800,1933.000,9
06:59:19.07000,1933.250,33
06:59:23.40600,1933.000,36
06:59:23.50300,1933.000,1
06:59:24.91700,1933.000,1
06:59:25.59300,1933.000,7
06:59:27.82800,1933.000,5
06:59:29.71400,1933.000,4
06:59:31.10900,1933.000,4
06:59:33.37100,1933.000,4
06:59:34.61700,1933.000,4
06:59:37.40200,1933.000,1
06:59:37.53900,1933.000,1
06:59:39.87100,1933.000,5
06:59:40.43700,1933.000,1
06:59:41.75000,1933.000,1
06:59:47.36300,1933.000,2
06:59:49.84700,1933.000,1
06:59:50.19500,1933.250,180
06:59:55.28100,1933.250,74
06:59:55.93300,1933.500,54
06:59:57.30400,1933.750,42
06:59:58.20300,1933.750,4
06:59:58.56600,1933.750,10
06:59:58.63600,1933.750,1
06:59:59.82400,1933.750,2
07:00:00.01500,1933.500,0
07:00:00.10500,1933.750,1
07:00:00.71000,1933.500,1
07:00:00.94900,1933.750,2
07:00:01.14000,1933.500,1
07:00:01.95700,1933.750,2
07:00:04.01500,1933.750,2
07:00:04.41000,1933.500,5
07:00:05.37100,1933.500,2
07:00:08.57400,1933.750,20
07:00:10.47600,1933.500,1
07:00:14.62800,1933.500,5
07:00:20.59300,1933.500,2
07:00:22.11700,1933.750,7
07:00:24.19900,1933.500,1
07:00:27.48800,1933.750,3
07:00:29.82800,1933.750,88
07:00:29.92900,1933.750,12
07:00:30.35900,1933.500,1
07:00:31.25000,1933.750,12
07:00:31.63200,1933.750,65
07:00:32.03100,1933.750,15
07:00:32.42100,1933.500,1
07:00:33.53900,1933.500,9
07:00:34.42500,1933.750,15
07:00:36.41000,1933.750,52
07:00:36.77700,1934.000,13
07:00:37.01500,1934.000,5
07:00:37.64800,1934.000,1
07:00:37.78500,1934.000,20
07:00:40.44100,1934.000,1
07:00:41.12500,1934.000,1
07:00:41.44100,1934.000,12
07:00:41.83500,1933.750,75
07:00:41.88600,1933.750,1
07:00:45.34300,1933.500,6
07:00:45.40200,1933.500,1
07:00:46.16400,1933.500,60
07:00:46.18300,1933.750,6
07:00:46.28100,1933.500,15
07:00:46.51100,1933.250,1
07:00:47.93700,1933.500,16
07:00:50.90200,1933.500,1
07:00:54.14000,1933.500,39
07:00:54.58900,1933.500,2
07:00:56.00300,1933.500,2
07:00:57.72200,1933.500,6
07:00:57.84700,1933.500,11
07:01:01.60900,1933.250,5
07:01:01.82400,1933.500,1
07:01:02.30800,1933.500,2
07:01:04.65200,1933.500,18
07:01:07.03500,1933.750,49
07:01:12.14800,1933.750,11
07:01:13.28500,1933.750,1
07:01:15.02300,1933.750,20
07:01:15.23000,1933.750,6
07:01:17.28100,1933.750,1
07:01:20.42100,1933.750,13
07:01:20.64000,1933.750,6
07:01:24.81600,1933.750,1
07:01:27.48000,1934.000,2
07:01:32.66700,1934.000,1
07:01:33.46400,1934.000,1
07:01:33.96000,1934.000,12
07:01:34.76500,1934.000,2
07:01:35.09700,1934.000,9
07:01:39.54200,1934.000,21
07:01:41.80400,1934.000,1
07:01:42.48400,1934.000,1
07:01:43.29200,1934.500,92
07:01:43.48800,1934.250,9
07:01:44.38600,1934.500,2
07:01:47.60100,1934.500,28
07:01:48.39000,1934.500,2
07:01:49.67500,1934.500,1
07:01:50.69900,1934.500,1
07:01:51.57400,1934.250,1
07:01:53.01100,1934.500,87
07:01:54.52700,1934.500,1
07:01:55.00000,1934.500,1
07:01:55.31600,1934.250,41
07:01:55.69100,1934.250,9
07:01:56.59300,1934.250,6
07:01:58.44500,1934.250,1
07:02:02.45700,1934.000,19
07:02:02.83900,1934.000,1
07:02:03.44900,1934.000,1
07:02:03.88600,1934.000,5
07:02:05.09300,1934.000,9
07:02:05.53100,1934.000,6
07:02:12.63600,1934.250,53
07:02:14.08200,1934.250,3
07:02:19.88600,1934.500,1
07:02:20.44900,1934.250,13
07:02:20.55000,1934.250,1
07:02:22.25700,1934.500,1
07:02:22.96800,1934.250,1
07:02:23.90600,1934.500,1
07:02:27.19500,1934.500,29
07:02:28.89800,1934.500,11
07:02:29.05800,1934.500,2
07:02:31.14800,1934.500,5
07:02:31.46400,1934.250,1
07:02:31.65200,1934.250,2
07:02:34.72600,1934.500,1
07:02:35.39400,1934.250,1
07:02:38.91400,1934.500,3
07:02:39.27300,1934.500,1
07:02:40.40200,1934.000,132
07:02:40.64400,1934.000,6
07:02:41.30800,1934.250,18
07:02:44.61300,1934.500,5
07:02:46.04600,1934.250,1
07:02:48.29600,1934.500,1
07:02:49.67500,1934.500,1
07:02:52.28500,1934.250,1
07:02:57.94900,1934.500,1
07:02:58.55800,1934.500,1
07:02:58.80400,1934.250,10
07:03:03.29200,1934.500,5
07:03:04.66000,1934.500,50
07:03:06.30400,1934.500,63
07:03:06.80800,1934.500,4
07:03:07.17500,1934.500,5
07:03:07.50700,1934.500,2
07:03:08.24600,1934.500,2
07:03:09.73800,1934.500,2
07:03:10.29200,1934.500,9
07:03:11.29600,1934.500,9
07:03:11.58900,1934.500,5
07:03:13.13200,1934.500,3
07:03:15.44900,1934.750,35
07:03:16.07000,1934.750,13
07:03:16.26500,1935.000,2
07:03:16.37800,1934.750,3
07:03:16.66400,1934.750,6
07:03:18.27700,1935.000,1
07:03:19.96800,1935.000,1
07:03:22.23000,1935.000,1
07:03:22.91700,1935.000,1
07:03:24.04600,1935.250,94
07:03:24.14000,1935.250,1
07:03:24.59300,1935.000,3
07:03:25.32000,1935.000,3
07:03:27.02700,1935.000,2
07:03:29.59700,1935.000,1
07:03:29.76100,1935.000,1
07:03:34.07400,1935.000,1
07:03:35.04200,1935.250,73
07:03:36.24600,1935.250,51
07:03:36.44100,1935.000,2
07:03:36.59300,1935.250,2
07:03:36.68300,1935.000,3
07:03:36.82800,1935.000,7
07:03:36.92500,1935.000,3
07:03:39.30400,1935.000,22
07:03:39.57000,1935.000,14
07:03:40.79200,1935.000,17
07:03:41.12500,1934.750,4
07:03:43.39000,1935.000,4
07:03:43.79200,1935.000,8
07:03:45.13200,1935.000,4
07:03:45.32400,1935.000,24
07:03:45.81200,1935.000,8
07:03:46.02700,1935.000,3
07:03:46.40600,1935.250,1
07:03:46.89800,1935.000,4
07:03:48.02700,1935.000,36
07:03:48.51900,1935.000,3
07:03:48.74200,1935.250,1
07:03:49.26500,1935.000,1
07:03:49.83900,1935.250,281
07:03:50.05400,1935.250,15
07:03:55.94900,1935.250,31
07:03:56.76900,1935.250,26
07:03:57.22600,1935.250,4
07:03:59.96800,1935.250,6
07:04:01.59300,1935.250,2
07:04:01.86700,1935.500,39
07:04:01.92100,1935.500,11
07:04:02.10100,1935.500,2
07:04:02.19100,1935.500,1
07:04:02.38200,1935.250,4
07:04:04.03500,1935.250,1
07:04:07.33900,1935.250,3
07:04:08.96000,1935.250,1
07:04:14.43700,1935.500,5
07:04:14.50700,1935.500,5
07:04:14.67500,1935.500,2
07:04:16.32400,1935.250,8
07:04:16.64800,1935.500,18
07:04:17.32000,1935.500,43
07:04:17.35100,1935.500,1
07:04:17.78500,1935.500,21
07:04:19.00300,1935.250,112
07:04:20.39800,1935.250,13
07:04:21.26900,1935.500,10
07:04:21.45700,1935.250,61
07:04:21.66400,1935.250,1
07:04:21.82800,1935.250,1
07:04:24.83900,1935.000,1
07:04:26.86700,1935.250,6
07:04:28.25700,1935.250,16
07:04:29.59300,1935.250,10
07:04:30.01100,1935.000,60
07:04:30.29600,1935.250,2
07:04:30.79600,1935.000,31
07:04:30.93700,1935.250,1
07:04:32.47600,1935.250,33
07:04:32.61300,1935.250,1
07:04:33.35900,1935.250,1
07:04:34.04200,1935.500,1
07:04:34.85900,1935.250,10
07:04:36.90200,1935.250,1
07:04:39.46000,1935.250,41
07:04:41.07800,1935.250,5
07:04:41.65600,1935.250,2
07:04:46.13600,1935.250,1
07:04:48.65200,1935.250,1
07:04:50.24600,1935.000,1
07:04:53.07000,1935.000,1
07:04:54.20300,1935.250,20
07:04:56.23400,1935.250,11
07:04:56.60100,1935.000,1
07:05:00.72200,1935.000,48
07:05:00.84300,1935.000,6
07:05:01.51900,1934.750,2
07:05:02.05800,1935.000,2
07:05:03.48800,1934.750,5
07:05:05.97200,1935.000,1
07:05:06.86300,1934.750,1
07:05:07.63200,1935.000,3
07:05:10.65200,1935.000,55
07:05:11.32000,1935.000,4
07:05:11.32000,1935.000,10
07:05:11.58500,1935.000,1
07:05:11.67900,1935.000,2
07:05:12.35100,1934.750,1
07:05:14.45700,1935.000,7
07:05:15.75300,1935.000,21
07:05:20.27300,1935.000,8
07:05:21.51500,1935.000,1
07:05:23.62500,1935.000,12
07:05:26.86700,1935.000,7
07:05:28.19900,1935.000,8
07:05:28.84700,1935.000,3
07:05:30.10100,1935.000,3
07:05:30.45300,1935.000,1
07:05:30.61700,1935.000,1
07:05:33.05800,1935.000,3
07:05:33.69500,1935.000,1
07:05:35.55800,1935.250,1
07:05:35.93300,1935.000,1
07:05:37.67500,1935.250,1
07:05:41.32000,1935.000,1
07:05:44.59300,1935.250,1
07:05:45.57800,1935.000,61
07:05:46.39800,1935.000,21
07:05:48.60500,1935.000,20
07:05:49.81600,1935.000,1
07:05:50.05000,1935.000,2
07:05:52.92500,1935.250,34
07:06:00.06200,1935.000,3
07:06:04.60100,1935.000,2
07:06:05.46800,1935.000,11
07:06:05.94900,1935.000,4
07:06:08.70700,1935.000,3
07:06:11.00300,1935.250,6
07:06:12.05800,1935.250,1
07:06:18.38200,1935.250,1
07:06:19.19500,1935.250,1
07:06:19.80800,1935.000,2
07:06:20.23800,1935.250,1
07:06:23.39400,1935.250,1
07:06:24.53500,1935.000,1
07:06:26.85900,1935.000,8
07:06:27.95300,1935.000,2
07:06:28.17900,1935.000,2
07:06:28.42900,1935.000,1
07:06:29.35900,1935.000,1
07:06:29.54600,1935.000,3
07:06:29.92900,1935.250,50
07:06:30.76500,1935.000,1
07:06:32.63200,1935.000,2
07:06:36.06200,1935.000,1
07:06:39.46400,1935.000,1
07:06:41.77300,1935.250,3
07:06:43.96400,1935.250,4
07:06:49.09300,1935.000,2
07:06:58.97200,1935.250,57
07:06:59.11300,1935.250,2
07:07:04.57400,1935.250,30
07:07:05.58900,1935.250,52
07:07:05.63600,1935.250,17
07:07:09.67500,1935.250,1
07:07:11.82800,1935.250,1
07:07:13.08500,1935.250,2
07:07:13.53100,1935.250,16
07:07:14.28500,1935.250,3
07:07:15.17100,1935.250,1
07:07:16.96000,1935.250,10
07:07:17.35500,1935.250,1
07:07:18.44100,1935.250,17
07:07:19.26900,1935.250,5
07:07:19.41400,1935.500,1
07:07:19.97200,1935.500,2
07:07:21.08500,1935.500,6
07:07:22.78900,1935.500,67
07:07:23.26500,1936.000,263
07:07:23.37800,1936.000,6
07:07:23.54600,1936.000,4
07:07:23.87100,1936.000,3
07:07:24.01500,1936.000,1
07:07:24.65600,1935.750,5
07:07:25.15200,1936.000,1
07:07:25.44900,1935.750,13
07:07:25.73800,1935.750,5
07:07:25.96000,1935.750,1
07:07:26.58900,1935.750,8
07:07:27.50300,1935.750,30
07:07:29.44100,1935.750,1
07:07:29.82000,1936.000,20
07:07:31.02300,1935.750,68
07:07:31.10900,1935.500,1
07:07:31.34700,1935.750,2
07:07:33.23000,1935.750,3
07:07:33.42900,1935.750,24
07:07:33.63200,1935.750,7
07:07:35.39000,1935.750,4
07:07:35.54200,1935.750,17
07:07:36.26100,1936.000,200
07:07:36.26900,1936.000,5
07:07:37.94100,1936.000,68
07:07:38.35100,1936.000,11
07:07:38.51500,1935.750,1
07:07:39.75000,1936.000,3
07:07:42.71000,1936.000,1
07:07:46.33500,1936.000,2
07:07:46.81600,1936.000,2
07:07:47.97200,1936.000,1
07:07:48.19900,1936.000,1
07:07:49.61300,1936.000,1
07:07:52.80000,1936.000,73
07:07:53.23000,1935.750,56
07:07:53.55800,1936.000,53
07:07:54.76100,1936.000,1
07:07:55.22600,1935.750,4
07:07:55.43300,1935.750,81
07:07:55.89400,1935.750,14
07:07:56.78900,1935.750,4
07:07:57.19900,1936.000,8
07:07:58.91700,1935.750,1
07:08:01.50300,1936.000,36
07:08:02.54200,1935.750,22
07:08:03.17100,1935.750,5
07:08:06.69900,1935.750,3
07:08:16.13200,1935.750,1
07:08:16.45700,1936.000,1
07:08:20.47600,1936.000,6
07:08:21.88200,1935.750,2
07:08:22.46000,1935.750,10
07:08:22.91700,1936.000,3
07:08:23.26900,1936.000,3
07:08:23.56200,1936.000,1
07:08:24.82400,1935.750,1
07:08:25.05000,1935.750,1
07:08:28.61700,1935.750,1
07:08:30.03900,1935.500,112
07:08:30.60900,1935.500,5
07:08:31.03500,1935.750,1
07:08:35.33200,1935.750,1
07:08:38.23400,1935.750,51
07:08:39.35500,1935.750,4
07:08:42.02300,1935.500,52
07:08:49.23400,1935.500,1
07:08:52.55800,1935.750,1
07:09:01.75000,1935.750,9
07:09:06.72600,1935.500,10
07:09:08.42500,1935.500,2
07:09:08.62800,1935.500,2
07:09:12.38200,1935.500,10
07:09:15.25700,1935.750,2
07:09:19.77700,1935.750,170
07:09:20.04200,1935.750,5
07:09:21.11700,1935.750,1
07:09:21.37100,1935.750,8
07:09:24.24600,1936.000,2
07:09:24.60500,1935.750,20
07:09:26.44100,1935.750,48
07:09:26.91400,1935.750,1
07:09:30.65600,1935.750,2
07:09:30.94900,1935.750,2
07:09:33.28100,1935.750,11
07:09:35.07000,1935.750,12
07:09:35.23000,1935.750,2
07:09:36.37500,1935.750,1
07:09:40.10500,1935.750,1
07:09:51.75000,1935.750,1
07:09:52.47200,1935.750,1
07:09:52.82800,1935.750,1
07:09:57.05000,1935.500,2
07:09:57.68300,1935.500,3
07:09:58.10500,1935.500,2
07:10:00.21800,1935.500,53
07:10:00.35900,1935.500,1
07:10:03.39400,1935.750,121
07:10:05.51500,1935.750,1
07:10:06.79200,1935.500,180
07:10:06.85500,1935.500,18
07:10:07.12100,1935.500,33
07:10:09.03900,1935.500,30
07:10:10.25300,1935.500,3
07:10:10.55400,1935.750,1
07:10:16.88200,1935.500,52
07:10:17.01900,1935.750,29
07:10:21.21400,1935.500,61
07:10:21.30000,1935.500,1
07:10:24.77300,1935.500,17
07:10:26.36300,1935.500,1
07:10:28.06600,1935.500,6
07:10:28.62500,1935.500,23
07:10:31.74600,1935.500,1
07:10:33.92500,1935.500,1
07:10:43.01500,1935.250,11
07:10:43.89000,1935.500,4
07:10:44.92100,1935.000,100
07:10:44.92500,1935.000,22
07:10:45.05800,1935.250,64
07:10:48.04600,1935.250,1
07:10:48.33500,1935.250,1
07:10:49.22600,1935.500,59
07:10:49.25700,1935.500,5
07:10:49.58900,1935.500,1
07:10:52.35100,1935.500,1
07:10:54.11300,1935.250,1
07:10:56.09700,1935.500,13
07:10:59.75000,1935.250,1
07:11:17.13600,1935.250,6
07:11:28.20700,1935.250,1
07:11:28.61700,1935.250,1
07:11:29.39000,1935.250,10
07:11:32.44900,1935.500,3
07:11:36.55400,1935.500,1
07:11:42.00000,1935.500,63
07:11:42.44500,1935.500,5
07:11:42.85900,1935.500,10
07:11:43.71000,1935.500,1
07:11:45.48800,1935.750,1
07:11:54.82000,1935.500,1
07:12:03.13600,1935.500,82
07:12:08.34700,1935.500,4
07:12:08.96400,1935.500,19
07:12:11.50700,1936.000,49
07:12:12.25000,1935.750,2
07:12:14.42900,1935.750,1
07:12:14.67100,1936.000,1
07:12:17.23000,1935.750,2
07:12:18.04200,1935.750,3
07:12:18.25300,1936.000,1
07:12:18.89000,1935.750,2
07:12:19.16700,1935.750,1
07:12:23.21400,1936.000,2
07:12:24.01500,1935.750,1
07:12:24.26100,1935.750,1
07:12:24.39400,1935.750,16
07:12:24.79600,1935.750,8
07:12:24.96400,1935.750,4
07:12:25.06200,1935.750,2
07:12:25.25700,1935.500,1
07:12:25.60900,1935.750,11
07:12:26.50000,1935.750,7
07:12:35.41700,1935.750,1
07:12:36.34700,1935.750,1
07:12:37.42900,1935.750,7
07:12:38.80000,1935.750,6
07:12:42.42500,1935.500,1
07:12:43.32800,1935.500,1
07:12:47.66000,1935.750,26
07:12:48.22600,1935.750,3
07:13:07.37100,1935.500,2
07:13:16.15600,1935.500,133
07:13:16.30400,1935.500,17
07:13:17.14800,1935.250,20
07:13:18.74600,1935.250,1
07:13:20.80400,1935.250,1
07:13:23.69500,1935.250,22
07:13:23.76100,1935.250,1
07:13:24.21400,1935.250,1
07:13:30.66000,1935.250,44
07:13:30.92900,1935.000,5
07:13:31.19100,1935.250,75
07:13:31.26500,1935.000,7
07:13:31.35900,1935.000,35
07:13:31.39800,1935.000,2
07:13:31.68300,1935.250,6
07:13:37.56200,1935.000,1
07:13:38.30800,1935.000,69
07:13:38.74600,1935.000,36
07:13:38.84300,1935.000,1
07:13:39.86300,1935.000,62
07:13:40.56600,1935.000,45
07:13:42.66400,1935.000,9
07:13:45.64000,1935.000,4
07:13:46.02300,1935.000,2
07:13:46.47200,1935.000,13
07:13:48.74600,1935.000,4
07:13:52.03100,1935.000,1
07:13:54.03100,1935.000,3
07:13:55.91400,1935.000,11
07:14:03.29200,1935.000,2
07:14:06.62500,1934.750,2
07:14:06.88600,1934.750,1
07:14:12.34300,1935.000,5
07:14:17.52700,1935.000,55
07:14:24.30800,1935.000,1
07:14:24.97200,1935.000,2
07:14:26.14400,1935.000,1
07:14:27.10500,1935.000,7
07:14:29.25700,1935.000,5
07:14:32.75000,1935.000,2
07:14:33.06600,1935.000,1
07:14:37.39400,1935.250,1
07:14:38.64800,1935.000,124
07:14:47.29600,1935.000,14
07:14:56.07800,1935.000,1
07:15:01.59700,1935.000,167
07:15:04.60100,1935.000,170
07:15:07.03900,1934.750,7
07:15:07.74600,1934.750,1
07:15:09.55800,1935.000,33
07:15:09.66700,1935.000,6
07:15:09.81600,1935.000,3
07:15:10.10500,1935.000,1
07:15:11.73000,1935.000,11
07:15:12.77700,1935.000,1
07:15:16.40600,1935.250,86
07:15:16.54200,1935.250,2
07:15:22.23800,1935.500,1
07:15:22.33200,1935.500,1
07:15:24.72600,1935.500,1
07:15:25.59300,1935.500,33
07:15:26.00000,1935.500,9
07:15:27.33500,1935.500,6
07:15:29.75000,1935.500,8
07:15:32.19500,1935.500,10
07:15:34.51500,1935.500,37
07:15:35.64400,1935.500,7
07:15:38.78500,1935.500,17
07:15:38.90600,1935.500,1
07:15:43.32400,1935.500,1
07:15:44.73000,1935.250,1
07:15:45.89000,1935.500,1
07:15:47.52700,1935.500,7
07:15:48.13600,1935.500,4
07:15:48.82400,1935.500,7
07:15:50.26100,1935.500,1
07:15:52.24600,1935.500,7
07:15:56.04200,1935.500,16
07:15:58.67500,1935.500,4
07:15:59.17500,1935.500,16
07:16:03.58200,1935.500,21
07:16:04.27300,1935.250,33
07:16:06.15600,1935.250,21
07:16:07.15600,1935.250,21
07:16:08.88200,1935.000,1
07:16:09.19900,1935.000,1
07:16:15.46400,1935.000,5
07:16:15.94100,1935.000,33
07:16:18.82000,1935.000,36
07:16:20.50700,1935.000,7
07:16:21.78100,1935.000,5
07:16:29.54200,1935.250,7
07:16:39.62800,1935.250,6
07:16:41.96000,1935.000,5
07:16:46.42900,1935.000,1
07:16:51.42900,1935.250,6
07:16:54.07800,1935.250,1
07:16:55.43300,1935.250,36
07:16:55.60500,1935.000,1
07:17:03.01500,1935.000,35
07:17:15.91000,1935.250,40
07:17:16.68300,1935.250,2
07:17:18.94900,1935.250,3
07:17:20.50300,1935.250,23
07:17:28.71800,1935.250,25
07:17:29.76900,1935.250,12
07:17:38.97200,1935.250,1
07:17:44.89400,1935.250,2
07:17:46.30400,1935.250,1
07:17:47.06600,1935.500,2
07:17:49.09700,1935.250,1
07:17:49.26900,1935.250,1
07:17:49.87500,1935.250,13
07:17:52.24600,1935.250,16
07:17:58.17900,1935.250,2
07:18:07.60100,1935.250,18
07:18:09.96000,1935.250,18
07:18:16.03100,1935.250,1
07:18:16.62500,1935.250,13
07:18:20.91000,1935.250,1
07:18:27.75300,1935.500,27
07:18:34.89400,1935.250,1
07:18:37.71400,1935.500,5
07:18:39.60500,1935.500,53
07:18:49.19900,1935.500,30
07:18:49.61300,1935.750,26
07:18:50.81200,1935.750,1
07:18:51.89800,1935.500,1
07:18:55.78900,1935.500,1
07:18:55.92500,1935.750,93
07:18:56.01900,1935.750,1
07:18:57.14400,1935.750,1
07:18:58.28100,1935.750,8
07:19:03.41700,1936.000,10
07:19:08.36700,1936.000,5
07:19:09.46000,1936.000,2
07:19:11.77700,1936.000,2
07:19:12.54600,1935.500,43
07:19:13.17500,1935.750,80
07:19:13.17500,1935.750,9
07:19:13.19100,1935.750,19
07:19:13.35900,1936.000,1
07:19:13.55000,1936.000,2
07:19:15.19500,1935.750,1
07:19:18.12800,1935.750,30
07:19:19.94100,1935.750,1
07:19:20.41400,1935.500,11
07:19:23.17100,1935.500,1
07:19:28.01900,1935.500,23
07:19:31.06200,1935.500,47
07:19:32.27300,1935.750,7
07:19:33.32000,1935.500,10
07:19:35.35900,1935.750,8
07:19:37.12100,1935.750,2
07:19:40.62100,1935.750,4
07:19:42.28500,1935.500,1
07:19:43.28500,1935.500,15
07:19:47.25700,1935.750,27
07:19:48.42500,1935.750,5
07:19:55.12100,1935.750,1
07:19:57.02700,1935.750,36
07:19:59.25300,1936.250,737
07:19:59.44900,1936.250,18
07:19:59.69500,1936.250,13
07:20:00.73000,1936.000,11
07:20:01.21000,1936.000,41
07:20:01.64800,1936.250,1
07:20:03.31600,1936.000,5
07:20:05.80000,1936.000,18
07:20:06.14800,1935.750,1
07:20:09.92900,1935.750,2
07:20:13.79200,1935.750,27
07:20:14.57400,1936.250,18
07:20:18.02300,1935.750,90
07:20:18.82800,1935.750,2
07:20:19.28500,1935.750,1
07:20:20.42900,1935.750,18
07:20:23.69500,1936.000,7
07:20:27.19100,1936.000,27
07:20:27.52700,1936.000,134
07:20:34.43700,1936.000,1
07:20:38.07000,1936.000,2
07:20:39.30400,1935.750,2
07:20:41.03100,1936.000,27
07:20:41.56600,1936.000,15
07:20:42.55400,1936.000,1
07:20:42.64000,1936.000,1
07:20:42.72600,1936.000,1
07:20:44.67500,1936.250,34
07:20:44.96800,1936.250,9
07:20:45.60500,1936.000,1
07:20:47.55000,1936.000,2
07:20:47.83900,1936.000,1
07:20:50.55800,1936.250,3
07:20:51.07000,1936.250,1
07:20:52.94500,1936.000,91
07:20:53.14400,1936.250,1
07:20:53.23400,1936.000,2
07:20:54.79600,1936.000,1
07:20:57.10100,1936.250,1
07:21:02.85500,1936.000,115
07:21:03.36300,1936.000,1
07:21:04.45700,1935.750,7
07:21:04.66700,1935.750,1
07:21:06.07000,1935.750,1
07:21:08.44500,1935.750,1
07:21:12.02300,1935.750,12
07:21:14.51500,1935.750,6
07:21:16.73000,1935.750,9
07:21:16.94100,1935.750,1
07:21:18.53100,1935.750,4
07:21:19.03100,1936.000,26
07:21:19.73000,1936.000,11
07:21:20.40600,1935.750,2
07:21:27.67900,1936.000,1
07:21:30.09700,1936.000,5
07:21:30.82800,1935.750,9
07:21:31.73000,1935.500,27
07:21:32.75300,1935.750,1
07:21:37.03500,1935.750,1
07:21:41.54200,1935.500,1
07:21:44.53900,1935.500,1
07:21:44.76500,1935.750,25
07:21:46.38600,1935.750,7
07:21:48.44500,1935.750,3
07:21:53.40200,1935.500,1
07:21:56.03900,1935.500,1
07:21:56.60100,1935.500,2
07:21:59.88200,1935.750,1
07:22:04.39400,1935.500,27
07:22:04.66700,1935.500,13
07:22:05.63200,1935.500,5
07:22:07.03900,1935.500,1
07:22:07.52700,1935.750,1
07:22:10.19100,1935.750,103
07:22:12.42500,1935.750,20
07:22:14.13600,1935.500,5
07:22:20.56200,1935.750,16
07:22:25.95700,1935.750,1
07:22:26.25300,1935.750,1
07:22:28.89000,1935.750,16
07:22:32.93700,1935.750,2
07:22:33.47200,1935.750,24
07:22:37.45300,1935.750,1
07:22:39.78100,1936.000,1
07:22:48.83900,1936.000,5
07:22:55.50700,1936.000,2
07:23:03.64800,1935.750,16
07:23:03.82800,1935.750,19
07:23:05.60500,1935.750,32
07:23:18.40600,1935.750,2
07:23:20.41400,1935.500,2
07:23:20.71800,1935.750,5
07:23:26.75300,1936.000,1
07:23:28.85900,1935.750,5
07:23:30.86700,1935.750,25
07:23:42.19500,1935.750,1
07:23:51.04200,1935.750,1
07:23:52.29600,1936.000,1
07:23:54.43300,1936.000,2
07:23:55.83500,1936.000,1
07:24:03.12500,1935.750,6
07:24:04.82000,1935.750,5
07:24:04.92900,1935.750,5
07:24:06.24600,1935.750,21
07:24:06.78900,1935.750,12
07:24:06.85900,1935.750,2
07:24:11.53900,1935.500,2
07:24:14.31200,1935.500,1
07:24:21.12500,1935.500,1
07:24:21.56200,1935.750,3
07:24:24.27700,1935.750,91
07:24:29.57800,1935.750,1
07:24:30.59700,1935.750,16
07:24:41.27700,1935.750,2
07:24:51.71000,1935.750,1
07:24:55.87500,1935.750,2
07:24:58.04200,1935.750,29
07:24:58.04600,1935.750,2
07:25:02.33500,1935.500,2
07:25:05.69500,1935.750,2
07:25:07.17500,1935.750,1
07:25:11.67100,1935.750,20
07:25:13.06600,1935.500,1
07:25:24.27700,1935.500,7
07:25:25.56200,1935.500,4
07:25:26.44900,1935.500,58
07:25:26.85500,1935.250,7
07:25:28.02700,1935.500,5
07:25:30.30400,1935.250,1
07:25:30.73000,1935.500,3
07:25:33.74600,1935.250,3
07:25:34.18300,1935.500,46
07:25:35.94100,1935.500,22
07:25:36.53900,1935.250,1
07:25:39.09300,1935.250,1
07:25:39.78900,1935.250,2
07:25:42.47200,1935.250,2
07:25:42.76500,1935.250,2
07:25:43.21000,1935.250,2
07:25:45.74200,1935.250,1
07:25:50.28500,1935.250,5
07:25:53.02300,1935.500,16
07:25:56.18300,1935.500,1
07:25:57.12800,1935.500,4
07:26:06.10900,1935.500,9
07:26:09.60100,1935.250,1
07:26:14.75300,1935.250,1
07:26:15.71000,1935.500,6
07:26:19.12500,1935.500,28
07:26:20.37800,1935.500,6
07:26:22.18700,1935.500,1
07:26:22.81600,1935.500,7
07:26:26.42100,1935.500,1
07:26:34.49600,1935.250,6
07:26:35.69900,1935.500,46
07:26:36.46000,1935.250,1
07:26:36.87800,1935.500,68
07:26:37.38200,1935.500,1
07:26:38.03500,1935.500,102
07:26:38.07800,1935.250,17
07:26:38.28900,1935.250,7
07:26:38.55400,1935.250,2
07:26:41.13600,1935.250,1
07:26:41.27700,1935.250,2
07:26:43.22200,1935.250,1
07:26:43.61700,1935.250,1
07:26:44.28100,1935.250,1
07:26:45.10500,1935.250,1
07:26:46.28500,1935.500,3
07:26:47.83500,1935.250,1
07:26:48.56600,1935.500,8
07:26:49.43700,1935.250,5
07:26:50.93700,1935.500,6
07:26:51.46800,1935.500,41
07:26:52.02300,1935.500,1
07:27:05.02300,1935.250,28
07:27:05.59700,1935.500,15
07:27:08.12800,1935.500,4
07:27:11.63200,1935.750,23
07:27:12.66000,1935.750,4
07:27:13.15600,1936.000,1
07:27:13.46000,1935.750,1
07:27:17.91700,1935.750,1
07:27:18.35500,1935.750,7
07:27:19.21000,1936.000,1
07:27:20.53100,1936.000,1
07:27:25.22200,1935.750,2
07:27:26.04600,1935.750,1
07:27:27.23400,1935.750,2
07:27:29.82400,1935.750,1
07:27:32.70700,1936.000,2
07:27:37.89000,1935.750,110
07:27:44.66700,1935.500,1
07:27:46.85500,1935.500,1
07:27:49.13600,1935.500,1
07:27:49.91700,1935.750,2
07:27:51.44900,1935.500,1
07:27:52.63600,1935.750,3
07:27:56.89400,1935.500,1
07:28:01.13200,1936.000,220
07:28:03.85900,1936.000,88
07:28:10.11300,1936.000,1
07:28:12.46000,1936.000,7
07:28:12.96400,1936.250,4
07:28:16.33200,1936.000,1
07:28:19.10900,1936.000,1
07:28:20.48400,1936.000,32
07:28:25.55000,1936.250,5
07:28:26.89400,1936.000,7
07:28:29.05800,1936.000,2
07:28:42.42100,1936.000,2
07:28:42.50000,1936.000,1
07:28:52.37100,1936.000,3
07:28:53.92100,1936.000,1
07:28:54.15200,1936.000,47
07:29:00.52700,1935.750,3
07:29:04.05800,1935.750,52
07:29:08.50000,1935.500,2
07:29:08.80000,1935.750,1
07:29:11.31600,1935.750,21
07:29:13.64000,1936.000,2
07:29:17.96400,1935.750,2
07:29:18.49600,1936.000,6
07:29:23.26500,1935.750,1
07:29:24.13200,1935.750,8
07:29:29.49600,1935.750,3
07:29:35.64400,1935.750,12
07:29:37.59300,1935.750,12
07:29:39.55400,1935.750,9
07:29:46.86700,1936.000,2
07:29:56.64000,1935.750,1
07:29:57.24200,1935.750,1
07:29:57.78100,1935.750,6
07:30:01.36300,1936.000,10
07:30:01.72600,1935.750,1
07:30:01.96800,1935.750,2
07:30:02.79200,1935.750,1
07:30:05.26900,1935.750,1
07:30:08.22200,1935.750,2
07:30:09.96400,1935.750,17
07:30:17.00300,1935.750,1
07:30:19.40200,1935.750,2
07:30:20.87500,1935.750,18
07:30:21.48400,1935.750,5
07:30:27.27700,1935.500,61
07:30:28.15600,1935.500,1
07:30:30.56200,1935.500,2
07:30:38.02300,1935.500,1
07:30:40.30400,1935.750,25
07:30:41.57000,1935.750,3
07:30:41.85500,1936.000,2
07:30:42.67900,1935.750,1
07:30:46.66400,1936.000,1
07:30:46.94500,1935.750,1
07:30:52.14800,1935.750,29
07:30:54.40200,1935.750,10
07:30:54.90600,1935.750,1
07:30:56.60500,1935.750,1
07:31:03.61700,1935.750,15
07:31:05.07000,1936.000,3
07:31:06.34300,1936.000,1
07:31:07.77300,1935.750,1
07:31:08.19500,1935.750,3
07:31:08.61700,1935.750,2
07:31:09.12100,1935.750,2
07:31:10.60900,1935.750,5
07:31:12.33200,1936.000,1
07:31:15.10500,1935.750,7
07:31:16.51100,1935.750,1
07:31:17.84300,1935.750,51
07:31:21.01500,1935.750,5
07:31:22.42500,1935.750,1
07:31:24.11300,1935.750,8
07:31:24.30400,1935.750,2
07:31:28.41700,1935.750,2
07:31:29.14800,1935.750,3
07:31:30.23800,1935.750,76
07:31:30.76900,1935.750,1
07:31:32.41000,1935.750,2
07:31:33.54200,1935.750,1
07:31:40.72200,1936.000,1
07:31:47.05400,1936.000,1
07:31:47.92500,1936.000,4
07:31:51.39000,1935.750,3
07:31:58.81200,1936.000,1
07:32:14.55000,1935.750,52
07:32:16.68700,1936.000,6
07:32:17.44500,1935.750,56
07:32:19.07000,1935.750,2
07:32:19.55400,1935.750,3
07:32:23.33900,1935.750,3
07:32:24.53100,1935.750,18
07:32:29.53900,1935.750,15
07:32:39.24600,1935.750,1
07:32:48.13200,1935.500,33
07:32:48.44500,1935.500,6
07:32:49.12500,1935.500,14
07:32:59.83200,1935.500,1
07:33:00.52700,1935.500,7
07:33:01.19900,1935.500,2
07:33:02.43700,1935.500,5
07:33:03.28100,1935.750,12
07:33:06.34700,1935.750,1
07:33:07.15200,1935.750,10
07:33:07.72200,1935.750,1
07:33:09.63600,1935.500,1
07:33:12.17900,1935.750,1
07:33:12.50300,1935.750,28
07:33:13.57000,1935.750,26
07:33:14.75300,1935.750,10
07:33:15.19900,1935.750,1
07:33:17.64800,1935.750,47
07:33:17.67900,1935.750,5
07:33:21.62100,1935.750,2
07:33:23.31200,1935.750,5
07:33:25.47200,1935.500,1
07:33:25.63200,1935.500,35
07:33:25.68700,1935.500,6
07:33:28.87800,1935.500,2
07:33:31.03900,1935.500,1
07:33:32.04200,1935.500,3
07:33:39.38600,1935.750,1
07:33:39.55800,1935.500,1
07:33:42.10500,1935.500,4
07:33:43.38200,1935.500,21
07:33:48.04200,1935.500,1
07:33:52.16700,1935.750,27
07:33:52.31200,1935.750,1
07:33:52.40600,1935.750,1
07:33:56.05000,1935.750,5
07:33:57.76900,1935.750,1
07:34:10.87500,1935.750,7
07:34:18.94100,1935.500,1
07:34:24.72600,1935.500,1
07:34:33.45700,1935.750,56
07:34:37.89000,1935.750,1
07:34:39.44500,1935.750,1
07:35:00.89800,1935.750,14
07:35:02.11700,1935.750,3
07:35:03.15600,1936.000,1
07:35:05.97200,1936.000,2
07:35:08.46400,1935.750,1
07:35:11.83900,1936.000,2
07:35:13.50000,1936.000,3
07:35:23.39000,1936.000,2
07:35:23.67900,1936.000,37
07:35:25.58500,1936.000,12
07:35:29.79600,1936.000,1
07:35:35.80800,1935.750,1
07:35:44.68700,1935.750,13
07:35:45.28500,1935.750,36
07:35:47.80400,1935.750,6
07:35:47.94500,1935.750,3
07:35:52.95700,1935.750,1
07:36:01.23000,1935.500,26
07:36:05.95700,1935.500,1
07:36:14.90600,1935.750,1
07:36:17.67500,1935.500,1
07:36:19.08200,1935.750,1
07:36:20.85500,1935.500,1
07:36:21.30400,1935.500,20
07:36:24.17500,1935.500,1
07:36:25.62100,1935.750,26
07:36:25.77700,1935.750,1
07:36:26.71000,1935.750,2
07:36:30.67500,1936.000,25
07:36:31.53100,1935.750,1
07:36:32.55400,1935.750,1
07:36:34.36700,1935.750,6
07:36:52.62800,1936.000,31
07:36:57.63200,1936.000,2
07:37:01.42100,1936.000,37
07:37:04.09700,1936.000,3
07:37:06.05800,1936.000,12
07:37:06.87500,1936.250,1
07:37:09.93700,1936.000,15
07:37:11.82800,1936.000,14
07:37:14.32400,1936.000,30
07:37:14.81600,1936.000,1
07:37:22.11300,1936.000,1
07:37:24.85500,1935.750,3
07:37:26.47200,1936.000,1
07:37:36.17100,1935.750,32
07:37:36.35500,1935.750,7
07:37:39.50300,1935.750,1
07:37:40.76100,1935.500,2
07:37:45.14400,1935.750,1
07:37:48.95700,1935.750,15
07:37:49.89000,1935.750,6
07:37:54.37100,1935.750,3
07:38:15.26500,1936.000,2
07:38:18.95300,1935.750,5
07:38:21.70300,1935.750,4
07:38:26.82400,1936.000,2
07:38:32.73400,1936.000,1
07:38:34.85900,1935.750,1
07:38:37.32800,1935.750,25
07:38:37.45700,1935.750,1
07:38:43.67900,1935.750,13
07:38:47.30400,1935.750,3
07:38:49.57400,1935.750,4
07:38:53.80400,1935.750,1
07:38:58.05800,1935.750,8
07:39:12.35900,1935.500,13
07:39:15.44100,1935.500,1
07:39:16.42900,1935.500,20
07:39:16.58200,1935.500,5
07:39:18.62500,1935.500,1
07:39:20.15600,1935.500,2
07:39:21.74600,1935.500,14
07:39:22.33900,1935.500,11
07:39:25.11300,1935.500,1
07:39:26.75000,1935.500,3
07:39:35.39400,1935.500,51
07:39:38.76900,1935.500,1
07:39:40.20300,1935.500,10
07:39:41.42100,1935.500,6
07:39:41.82400,1935.500,1
07:39:43.50000,1935.500,1
07:39:46.18300,1935.500,7
07:39:51.24200,1935.500,18
07:39:53.21400,1935.500,1
07:39:55.76900,1935.500,1
07:40:04.30000,1935.250,2
07:40:05.84700,1935.250,51
07:40:07.54200,1935.250,1
07:40:07.89400,1935.500,6
07:40:15.58200,1935.500,3
07:40:22.37500,1935.250,1
07:40:23.91400,1935.250,1
07:40:25.85900,1935.250,1
07:40:29.19900,1935.250,1
07:40:30.02700,1935.250,2
07:40:31.48800,1935.500,1
07:40:33.12500,1935.500,1
07:40:35.19500,1935.500,67
07:40:35.70700,1935.500,5
07:40:36.70700,1935.750,1
07:40:37.76500,1935.500,5
07:40:38.80400,1935.500,14
07:40:39.22600,1935.500,2
07:40:40.78100,1935.500,2
07:40:40.86300,1935.500,3
07:40:41.70700,1935.500,4
07:40:41.86700,1935.500,2
07:40:42.63600,1935.500,1
07:40:46.73000,1935.500,1
07:40:48.86700,1935.500,1
07:40:52.56200,1935.500,1
07:40:52.80800,1935.500,9
07:40:59.93700,1935.750,6
07:41:04.16400,1935.750,31
07:41:04.33200,1935.750,1
07:41:07.53500,1935.750,12
07:41:08.37800,1935.750,2
07:41:09.33900,1935.750,5
07:41:09.57800,1935.750,2
07:41:09.87800,1935.750,2
07:41:11.62500,1935.750,2
07:41:15.55400,1935.750,10
07:41:19.14000,1935.750,4
07:41:20.53900,1935.500,5
07:41:21.03500,1935.750,2
07:41:24.27700,1935.500,2
07:41:24.90600,1935.500,4
07:41:32.43700,1935.500,23
07:41:36.67100,1935.500,22
07:41:41.81200,1935.500,1
07:41:44.00000,1935.500,1
07:41:48.73000,1935.500,2
07:41:49.18300,1935.250,2
07:41:49.71000,1935.250,74
07:41:49.84700,1935.250,23
07:41:51.46000,1935.250,7
07:41:51.58200,1935.250,1
07:41:54.03500,1935.500,2
07:41:54.32400,1935.250,25
07:41:57.41400,1935.250,44
07:41:57.82400,1935.250,1
07:41:58.32800,1935.250,13
07:42:03.05000,1935.000,118
07:42:03.44900,1935.000,4
07:42:03.67900,1935.000,8
07:42:04.87500,1935.000,1
07:42:05.10100,1935.000,1
07:42:05.55400,1935.000,1
07:42:06.00700,1935.000,32
07:42:07.61300,1935.000,1
07:42:08.87100,1935.000,1
07:42:09.10500,1935.000,53
07:42:09.32400,1935.250,2
07:42:10.52700,1935.250,1
07:42:13.19500,1935.250,38
07:42:14.13600,1935.250,1
07:42:15.74600,1935.250,1
07:42:16.86300,1935.250,1
07:42:20.55400,1935.250,4
07:42:20.75300,1935.250,5
07:42:24.39800,1935.250,1
07:42:28.28100,1935.250,1
07:42:32.55400,1935.250,5
07:42:34.68300,1935.000,5
07:42:35.75700,1935.000,1
07:42:37.07000,1935.000,1
07:42:39.84700,1935.250,2
07:42:41.57000,1935.000,22
07:42:42.94100,1935.000,5
07:42:44.95300,1935.000,12
07:42:45.35500,1935.250,1
07:42:47.16400,1935.000,22
07:42:49.10500,1935.000,3
07:42:49.39400,1935.000,9
07:42:51.85100,1935.250,15
07:42:52.07400,1935.250,6
07:42:54.94100,1935.250,24
07:42:55.60900,1935.250,2
07:42:59.00000,1935.250,1
07:42:59.62500,1935.250,2
07:43:02.19500,1935.250,2
07:43:04.57000,1935.250,1
07:43:05.00700,1935.250,3
07:43:07.54600,1935.250,7
07:43:09.00300,1935.250,5
07:43:09.84300,1935.000,2
07:43:12.72600,1935.250,2
07:43:13.14400,1935.250,10
07:43:20.79200,1935.000,1
07:43:24.43700,1935.250,10
07:43:26.23400,1935.250,1
07:43:35.70300,1935.250,8
07:43:37.39000,1935.250,1
07:43:37.53500,1935.250,20
07:43:38.16000,1935.250,1
07:43:41.00700,1935.250,1
07:43:45.52700,1935.250,23
07:43:46.17900,1935.250,1
07:43:47.28100,1935.250,1
07:43:47.73000,1935.500,151
07:43:48.27300,1935.750,8
07:43:49.27300,1935.500,7
07:43:50.72600,1935.500,31
07:43:51.67900,1935.500,5
07:43:53.05800,1935.500,1
07:43:53.16700,1935.500,1
07:43:53.27700,1935.500,1
07:43:54.81200,1935.500,6
07:43:55.52700,1935.500,24
07:43:56.35500,1935.500,1
07:44:00.86700,1935.750,10
07:44:01.92500,1935.500,1
07:44:02.33900,1935.500,1
07:44:02.76500,1935.500,4
07:44:03.28100,1935.500,7
07:44:05.96000,1935.500,5
07:44:06.26100,1935.750,1
07:44:15.86700,1935.750,32
07:44:16.05400,1935.750,10
07:44:16.87100,1935.750,7
07:44:17.37800,1935.750,39
07:44:18.94900,1935.750,2
07:44:19.63600,1936.000,1
07:44:20.31600,1935.750,5
07:44:21.26500,1935.500,2
07:44:22.63600,1935.500,5
07:44:23.29200,1935.500,9
07:44:23.78900,1935.500,1
07:44:30.35900,1935.500,1
07:44:31.58900,1935.500,4
07:44:33.53500,1935.250,2
07:44:36.23800,1935.750,100
07:44:45.22200,1935.500,1
07:44:49.23800,1935.750,33
07:44:49.55800,1935.750,2
07:44:53.00700,1935.750,1
07:44:55.01100,1935.750,1
07:44:57.01100,1935.750,1
07:45:00.62800,1935.500,43
07:45:02.57800,1935.500,4
07:45:03.64400,1935.500,8
07:45:09.67500,1935.500,53
07:45:16.86700,1935.500,41
07:45:22.25000,1935.500,1
07:45:26.87100,1935.500,1
07:45:29.85500,1935.500,1
07:45:31.89000,1935.500,1
07:45:37.13200,1935.750,37
07:45:47.00000,1935.750,1
07:45:51.28100,1936.000,1
07:45:52.50000,1935.750,22
07:46:03.03500,1935.750,55
07:46:16.51900,1935.500,1
07:46:20.07000,1935.750,16
07:46:20.25300,1936.000,1
07:46:23.12500,1935.750,12
07:46:27.86700,1935.750,7
07:46:30.20300,1935.750,11
07:46:30.35100,1935.750,3
07:46:34.12100,1935.750,1
07:46:35.33500,1935.750,1
07:46:37.23000,1935.750,1
07:46:39.78100,1935.750,6
07:46:40.44500,1935.750,5
07:46:41.20700,1935.750,13
07:46:43.46000,1935.750,8
07:46:43.83900,1935.750,29
07:46:45.40600,1935.750,4
07:46:49.75700,1935.750,1
07:46:53.50000,1935.750,7
07:46:54.22200,1935.750,1
07:46:56.20700,1935.750,2
07:47:07.57000,1935.500,25
07:47:07.64000,1935.500,1
07:47:12.19100,1935.250,1
07:47:19.13600,1935.500,1
07:47:27.75300,1935.250,1
07:47:29.83900,1935.500,5
07:47:36.42500,1935.250,32
07:47:36.83200,1935.250,30
07:47:38.10900,1935.000,2
07:47:41.73400,1935.250,64
07:47:43.53900,1935.000,80
07:47:48.21800,1935.000,10
07:47:49.03900,1935.000,1
07:47:54.08200,1935.000,75
07:47:54.93300,1935.000,55
07:47:55.39000,1934.750,9
07:47:55.55000,1935.000,2
07:47:57.82400,1935.000,1
07:47:58.27300,1935.000,12
07:47:58.80400,1935.000,1
07:48:00.77700,1935.000,4
07:48:01.01500,1935.000,8
07:48:03.37500,1934.750,3
07:48:03.71400,1935.000,16
07:48:06.05400,1935.000,10
07:48:08.09700,1935.000,1
07:48:10.18700,1934.750,1
07:48:11.35900,1934.750,2
07:48:12.40600,1935.000,1
07:48:13.78100,1935.000,16
07:48:14.17900,1934.750,8
07:48:16.68700,1935.000,17
07:48:16.84300,1935.250,1
07:48:17.45700,1935.000,5
07:48:17.58900,1934.750,1
07:48:18.78100,1935.000,2
07:48:19.05800,1935.000,7
07:48:19.68700,1934.750,1
07:48:22.10900,1934.750,6
07:48:23.48800,1934.750,3
07:48:24.78100,1935.000,1
07:48:24.95700,1935.000,2
07:48:28.16000,1935.000,4
07:48:28.35100,1934.500,173
07:48:28.48400,1934.500,4
07:48:28.57800,1934.500,20
07:48:30.63600,1934.500,1
07:48:34.19100,1934.750,19
07:48:34.67500,1934.750,4
07:48:38.40200,1934.500,1
07:48:40.16000,1934.750,1
07:48:40.59700,1934.750,1
07:48:40.91000,1934.750,1
07:48:42.65600,1934.750,5
07:48:43.51100,1934.750,1
07:48:46.94100,1934.500,1
07:48:48.30000,1934.500,3
07:48:49.02700,1934.500,1
07:48:51.69100,1934.750,1
07:48:51.92900,1934.500,1
07:48:52.55800,1934.500,2
07:48:53.70300,1934.500,1
07:48:56.06600,1934.500,2
07:48:57.06600,1934.500,1
07:48:57.30800,1934.750,2
07:49:02.55400,1934.500,11
07:49:03.54600,1934.500,2
07:49:03.74600,1934.500,1
07:49:03.92100,1934.500,1
07:49:04.10900,1934.500,145
07:49:04.26500,1934.500,17
07:49:04.46800,1934.250,8
07:49:07.79200,1934.250,1
07:49:08.62500,1934.250,1
07:49:11.03500,1934.500,27
07:49:11.67900,1934.500,1
07:49:13.80000,1934.250,1
07:49:14.41700,1934.500,5
07:49:17.06600,1934.500,5
07:49:17.58500,1934.500,2
07:49:19.43300,1934.500,1
07:49:19.86300,1934.500,1
07:49:21.39000,1934.500,11
07:49:28.59700,1934.500,1
07:49:31.71400,1934.500,42
07:49:34.84700,1934.250,205
07:49:38.16000,1934.500,56
07:49:38.40200,1934.500,1
07:49:38.73800,1934.750,1
07:49:41.76100,1934.500,1
07:49:42.61300,1934.500,1
07:49:49.29200,1934.500,46
07:49:51.78500,1934.500,14
07:49:54.37500,1934.500,6
07:49:56.19500,1934.250,25
07:49:58.47200,1934.250,1
07:50:00.80400,1934.250,10
07:50:02.41000,1934.500,2
07:50:04.57800,1934.250,1
07:50:06.96000,1934.250,29
07:50:07.15600,1934.250,40
07:50:08.02700,1934.250,4
07:50:08.47200,1934.250,2
07:50:09.21000,1934.250,3
07:50:09.68300,1934.250,7
07:50:09.81200,1934.250,5
07:50:10.50300,1934.250,5
07:50:10.62100,1934.250,3
07:50:11.08900,1934.250,2
07:50:11.26500,1934.250,1
07:50:12.22600,1934.250,1
07:50:12.50000,1934.250,9
07:50:13.25000,1934.250,3
07:50:14.00000,1934.250,1
07:50:14.91400,1934.250,1
07:50:19.80000,1934.250,13
07:50:24.28500,1934.250,2
07:50:27.76900,1934.250,3
07:50:30.61700,1934.500,2
07:50:31.71800,1934.250,1
07:50:34.07000,1934.250,10
07:50:34.89800,1934.250,15
07:50:36.64800,1934.250,1
07:50:39.59300,1934.250,8
07:50:40.86700,1934.250,5
07:50:44.24600,1934.000,6
07:50:45.83500,1934.000,1
07:50:48.12500,1934.250,1
07:50:51.57000,1934.000,1
07:50:53.94500,1934.000,100
07:50:54.69900,1934.000,46
07:50:55.82800,1934.000,1
07:50:58.71000,1934.000,1
07:50:59.10900,1933.750,10
07:50:59.33900,1933.750,1
07:50:59.94900,1933.750,21
07:51:00.85900,1934.000,2
07:51:01.04600,1933.750,1
07:51:01.28500,1934.000,40
07:51:05.33900,1933.750,14
07:51:09.55800,1933.750,1
07:51:11.50700,1933.750,1
07:51:13.31200,1934.000,14
07:51:14.66400,1933.750,5
07:51:16.26500,1933.750,2
07:51:17.35500,1933.750,1
07:51:18.10900,1934.000,4
07:51:19.71400,1933.750,21
07:51:20.32000,1933.750,1
07:51:22.59700,1933.750,1
07:51:22.84700,1933.500,7
07:51:23.93300,1933.750,1
07:51:24.56600,1933.750,1
07:51:25.34300,1933.750,1
07:51:25.52700,1933.500,10
07:51:25.80800,1933.500,1
07:51:28.63600,1933.500,2
07:51:28.90200,1933.500,1
07:51:29.14400,1933.500,1
07:51:31.21800,1933.750,12
07:51:33.39000,1933.750,1
07:51:34.27300,1933.500,10
07:51:35.24200,1933.750,1
07:51:36.12800,1933.500,165
07:51:36.27300,1933.500,2
07:51:37.19900,1933.250,11
07:51:38.23400,1933.250,1
07:51:38.37100,1933.250,25
07:51:41.93700,1933.500,101
07:51:43.06600,1933.500,1
07:51:45.64400,1933.750,2
07:51:45.89400,1933.750,1
07:51:47.10900,1933.750,10
07:51:47.53100,1933.500,2
07:51:47.85900,1933.500,2
07:51:50.04200,1933.750,1
07:51:51.78500,1933.500,1
07:51:52.03500,1933.750,91
07:51:52.76100,1933.750,40
07:51:54.73000,1933.500,25
07:51:55.09700,1933.500,1
07:51:55.58200,1933.750,1
07:51:56.65200,1933.500,2
07:51:58.76500,1933.500,1
07:52:02.31600,1933.750,2
07:52:03.56200,1933.500,1
07:52:03.83500,1933.750,18
07:52:04.72200,1933.750,4
07:52:05.91400,1933.500,12
07:52:07.12500,1933.500,25
07:52:07.85100,1933.500,1
07:52:09.46800,1933.750,3
07:52:10.28500,1933.500,63
07:52:12.53100,1933.500,1
07:52:14.01900,1933.500,5
07:52:16.63200,1933.750,1
07:52:17.07400,1933.500,40
07:52:17.18700,1933.500,2
07:52:17.57400,1933.250,1
07:52:18.19100,1933.500,4
07:52:19.80800,1933.750,1
07:52:20.48800,1933.500,1
07:52:21.37800,1933.500,30
07:52:21.44900,1933.500,4
07:52:23.88200,1933.500,27
07:52:24.87800,1933.500,6
07:52:25.97200,1933.500,2
07:52:26.31200,1933.500,2
07:52:27.94500,1933.500,7
07:52:28.05400,1933.500,1
07:52:29.61300,1933.500,1
07:52:31.11700,1933.500,5
07:52:32.34700,1933.500,77
07:52:38.35500,1933.500,4
07:52:39.76100,1933.750,2
07:52:39.89800,1933.750,1
07:52:40.26100,1933.500,1
07:52:40.80800,1933.750,5
07:52:44.06200,1933.500,47
07:52:44.95300,1933.750,2
07:52:45.11700,1933.500,1
07:52:45.60500,1933.500,1
07:52:46.26100,1933.500,21
07:52:46.32800,1933.500,33
07:52:46.39400,1933.500,11
07:52:48.00000,1933.500,5
07:52:48.35900,1933.000,183
07:52:48.48000,1933.250,12
07:52:48.66400,1933.250,1
07:52:49.00700,1933.250,19
07:52:49.46000,1933.250,30
07:52:49.81200,1933.000,20
07:52:50.63200,1933.250,2
07:52:50.96800,1933.000,22
07:52:52.08900,1932.750,280
07:52:52.17100,1932.750,1
07:52:52.37500,1933.000,1
07:52:52.90600,1933.000,75
07:52:53.31200,1933.000,5
07:52:54.38200,1933.000,14
07:52:54.80400,1933.000,1
07:52:55.09700,1933.000,1
07:52:55.41700,1932.750,1
07:52:56.88600,1932.750,4
07:52:59.93300,1932.750,1
07:53:02.08200,1933.000,21
07:53:02.89800,1932.750,100
07:53:03.21400,1933.000,2
07:53:04.66000,1932.750,28
07:53:04.87500,1932.750,22
07:53:06.50300,1932.750,1
07:53:07.48000,1933.000,5
07:53:08.24600,1932.750,1
07:53:10.33900,1933.000,81
07:53:10.60500,1933.000,3
07:53:11.00300,1933.000,1
07:53:11.40600,1933.000,1
07:53:11.66400,1932.750,1
07:53:12.74200,1933.000,17
07:53:13.24600,1933.250,1
07:53:13.48800,1933.000,1
07:53:14.82000,1933.000,5
07:53:15.71400,1933.000,55
07:53:16.56600,1933.000,26
07:53:16.63200,1933.000,5
07:53:17.16000,1932.750,3
07:53:17.42100,1933.000,12
07:53:19.55000,1933.000,9
07:53:19.69900,1933.000,10
07:53:20.54600,1933.000,65
07:53:20.95700,1933.000,3
07:53:22.10100,1933.250,5
07:53:22.78100,1933.000,4
07:53:24.91000,1933.000,1
07:53:25.45300,1933.000,1
07:53:27.08200,1933.250,101
07:53:28.20300,1933.000,1
07:53:30.87800,1933.000,51
07:53:31.15200,1933.250,7
07:53:32.32000,1933.250,1
07:53:32.51500,1933.250,41
07:53:32.65200,1933.250,9
07:53:34.55800,1933.250,1
07:53:34.94900,1933.250,1
07:53:35.78900,1933.250,52
07:53:40.54200,1933.250,12
07:53:41.37800,1933.250,5
07:53:43.06200,1933.250,1
07:53:43.80800,1933.250,3
07:53:44.51500,1933.250,5
07:53:45.12800,1933.250,4
07:53:45.53900,1933.500,5
07:53:46.05400,1933.250,5
07:53:46.89800,1933.250,1
07:53:47.49600,1933.250,5
07:53:50.59700,1933.250,3
07:53:50.80800,1933.500,3
07:53:52.44500,1933.250,2
07:53:56.42100,1933.250,3
07:53:56.94500,1933.250,12
07:53:57.37500,1933.250,2
07:53:58.41000,1933.250,3
07:53:59.28100,1933.250,1
07:54:02.53100,1933.000,26
07:54:02.77300,1933.000,1
07:54:04.28100,1933.250,5
07:54:05.68700,1933.000,1
07:54:08.05800,1933.250,1
07:54:10.26900,1933.250,10
07:54:10.35100,1933.250,10
07:54:11.43700,1933.500,5
07:54:11.93700,1933.500,5
07:54:16.83500,1933.250,12
07:54:18.03100,1933.250,3
07:54:18.33200,1933.500,2
07:54:19.21400,1933.250,2
07:54:20.84300,1933.250,12
07:54:23.87800,1933.250,1
07:54:24.44100,1933.250,1
07:54:26.45700,1933.500,1
07:54:31.88200,1933.500,1
07:54:32.14000,1933.250,8
07:54:35.45700,1933.250,1
07:54:35.65600,1933.250,16
07:54:36.31600,1933.250,2
07:54:36.83500,1933.250,2
07:54:37.80800,1933.250,4
07:54:38.87800,1933.250,2
07:54:40.37800,1933.250,1
07:54:40.80800,1933.500,1
07:54:41.00000,1933.250,2
07:54:41.24600,1933.250,29
07:54:41.53900,1933.250,3
07:54:42.18300,1933.250,1
07:54:43.66400,1933.250,2
07:54:50.12500,1933.250,92
07:54:50.18700,1933.250,7
07:54:57.58900,1933.250,1
07:54:59.03900,1933.250,29
07:54:59.45700,1933.000,4
07:54:59.79200,1933.250,1
07:55:01.82400,1933.500,2
07:55:06.18300,1933.500,1
07:55:06.92100,1933.500,1
07:55:09.45300,1933.000,6
07:55:09.93300,1933.250,10
07:55:10.09300,1933.250,1
07:55:10.93700,1933.250,2
07:55:11.45300,1933.250,3
07:55:11.66400,1933.250,5
07:55:13.51100,1933.250,5
07:55:18.25700,1933.500,1
07:55:20.71400,1933.500,1
07:55:22.33900,1933.500,1
07:55:23.91700,1933.500,1
07:55:28.60100,1933.250,10
07:55:29.44500,1933.500,1
07:55:31.01900,1933.250,1
07:55:36.56200,1933.250,4
07:55:37.41400,1933.250,3
07:55:38.27700,1933.250,41
07:55:38.44100,1933.250,6
07:55:44.64800,1933.250,1
07:55:50.88600,1933.250,1
07:55:52.58200,1933.250,1
07:55:56.50300,1933.500,2
07:56:04.70700,1933.500,2
07:56:07.54200,1933.250,36
07:56:09.92500,1933.250,8
07:56:10.11700,1933.250,3
07:56:10.71800,1933.250,4
07:56:10.96400,1933.250,2
07:56:13.54200,1933.250,17
07:56:14.91700,1933.250,1
07:56:15.80000,1933.500,1
07:56:16.71000,1933.250,12
07:56:17.63200,1933.000,13
07:56:18.45300,1933.000,1
07:56:20.30800,1933.000,65
07:56:20.82800,1933.000,1
07:56:21.20700,1933.000,1
07:56:24.12100,1933.000,1
07:56:30.68300,1933.000,20
07:56:35.03500,1933.000,1
07:56:36.10500,1933.000,1
07:56:37.76500,1933.000,1
07:56:40.73800,1933.250,2
07:56:44.26900,1933.000,10
07:56:44.43700,1933.000,12
07:56:45.36700,1933.250,1
07:56:48.46400,1933.250,1
07:56:57.35100,1933.250,1
07:56:57.73800,1933.250,125
07:56:57.83200,1933.250,3
07:56:58.59300,1933.250,12
07:57:03.32800,1933.250,110
07:57:07.35500,1933.250,38
07:57:07.51900,1933.250,2
07:57:17.39400,1933.250,1
07:57:21.18700,1933.250,3
07:57:29.15600,1933.250,2
07:57:31.65600,1933.250,1
07:57:35.48000,1933.250,1
07:57:35.89400,1933.250,1
07:57:37.41400,1933.250,1
07:57:39.82000,1933.250,1
07:57:39.93700,1933.250,1
07:57:40.44500,1933.250,5
07:57:40.66000,1933.250,46
07:57:41.63200,1933.250,4
07:57:44.62800,1933.500,89
07:57:44.79600,1933.500,1
07:57:45.07400,1933.500,1
07:57:45.56200,1933.500,5
07:57:48.28500,1933.500,1
07:57:53.47200,1933.750,1
07:57:53.62800,1933.750,1
07:57:54.55400,1933.750,1
07:57:55.66700,1933.750,1
07:57:56.46400,1933.750,37
07:57:57.42900,1933.750,1
07:57:58.06200,1934.000,8
07:57:58.46400,1933.750,22
07:57:59.67100,1933.500,2
07:58:02.94500,1933.750,3
07:58:03.32800,1933.750,1
07:58:08.76500,1933.500,47
07:58:10.00700,1933.500,12
07:58:11.77700,1933.500,5
07:58:12.93700,1933.500,6
07:58:14.41700,1933.500,6
07:58:16.64800,1933.500,1
07:58:17.53500,1933.500,4
07:58:18.24600,1933.500,1
07:58:21.12800,1933.500,1
07:58:22.37800,1933.250,3
07:58:24.45300,1933.250,1
07:58:24.78900,1933.250,1
07:58:30.83200,1933.500,29
07:58:31.92100,1933.500,1
07:58:32.52300,1933.500,2
07:58:33.96000,1933.500,4
07:58:36.35500,1933.500,1
07:58:38.12800,1933.750,2
07:58:40.06600,1933.750,2
07:58:42.39400,1933.750,1
07:58:47.10100,1933.750,78
07:58:47.59300,1933.750,2
07:58:48.55400,1933.750,1
07:58:51.43700,1933.750,1
07:58:53.69100,1934.000,2
07:58:54.46800,1933.750,1
07:58:54.82000,1933.750,3
07:58:57.66000,1934.000,1
07:59:00.00300,1933.750,21
07:59:00.41700,1933.750,4
07:59:00.71400,1933.750,2
07:59:00.93700,1933.500,220
07:59:01.04200,1933.500,19
07:59:05.14000,1933.500,1
07:59:09.00700,1933.750,17
07:59:09.01500,1933.750,55
07:59:10.43300,1934.000,3
07:59:11.37800,1933.750,28
07:59:15.25700,1934.000,1
07:59:22.56600,1933.750,44
07:59:29.52700,1933.750,6
07:59:30.78500,1933.750,38
07:59:32.28900,1933.750,4
07:59:33.50300,1933.750,11
07:59:36.73000,1934.000,3
07:59:39.92100,1934.000,1
07:59:43.10500,1934.000,1
07:59:44.96800,1933.750,1
07:59:49.40600,1933.750,29
07:59:51.96800,1933.750,3
07:59:54.78500,1933.750,2
07:59:56.87100,1933.750,14
07:59:57.22600,1933.750,1
07:59:59.83500,1933.750,8
08:00:00.24200,1933.750,0
08:00:00.45300,1933.500,2
08:00:00.74600,1933.500,2
08:00:03.08900,1933.750,16
08:00:03.41700,1933.500,2
08:00:11.10100,1933.500,2
08:00:11.24200,1933.500,3
08:00:11.63600,1933.750,1
08:00:12.17500,1933.750,2
08:00:12.33500,1933.750,1
08:00:12.64400,1933.500,1
08:00:19.12500,1933.500,1
08:00:29.78500,1933.500,1
08:00:33.78900,1933.500,4
08:00:34.76100,1933.500,75
08:00:34.81600,1933.500,6
08:00:34.95700,1933.500,7
08:00:35.05800,1933.500,13
08:00:36.36300,1933.500,15
08:00:42.21400,1933.250,70
08:00:43.17900,1933.250,2
08:00:44.60100,1933.250,8
08:00:44.72600,1933.250,1
08:00:46.60100,1933.250,1
08:00:49.16000,1933.250,1
08:00:56.35100,1933.250,3
08:01:01.62100,1933.250,66
08:01:02.58200,1933.250,1
08:01:04.25000,1933.250,1
08:01:04.44100,1933.250,1
08:01:08.78900,1933.250,31
08:01:10.21800,1933.250,32
08:01:10.68300,1933.250,28
08:01:10.92100,1933.250,4
08:01:11.55400,1933.250,4
08:01:13.32000,1933.250,1
08:01:14.30000,1933.250,1
08:01:16.52700,1933.250,6
08:01:19.23000,1933.000,139
08:01:20.65200,1932.750,19
08:01:21.17100,1932.750,1
08:01:21.31600,1933.000,1
08:01:22.51500,1932.750,1
08:01:23.03500,1932.750,36
08:01:23.67100,1932.750,29
08:01:23.78100,1932.750,9
08:01:23.91700,1932.750,1
08:01:24.94100,1932.750,13
08:01:25.42100,1932.750,2
08:01:26.29200,1932.500,17
08:01:26.54600,1932.750,63
08:01:27.07400,1932.500,2
08:01:27.14400,1932.750,2
08:01:27.62800,1932.750,18
08:01:27.79600,1932.750,1
08:01:28.90200,1932.750,22
08:01:29.12100,1932.500,1
08:01:29.27700,1932.500,12
08:01:30.02700,1932.500,2
08:01:31.49600,1932.750,6
08:01:32.66000,1932.750,2
08:01:39.62500,1932.750,2
08:01:40.73000,1932.500,5
08:01:41.07800,1932.750,1
08:01:41.60500,1932.500,1
08:01:41.93300,1932.500,2
08:01:43.33500,1932.500,157
08:01:44.01900,1932.500,1
08:01:45.09300,1932.500,2
08:01:47.23000,1932.750,2
08:01:47.91400,1932.750,65
08:01:48.47200,1932.500,1
08:01:48.60900,1932.500,3
08:01:49.76500,1932.500,1
08:01:50.51100,1932.500,1
08:01:53.47200,1932.750,1
08:01:54.92900,1932.500,7
08:01:55.60100,1932.500,55
08:01:55.91700,1932.500,12
08:01:56.00000,1932.500,4
08:01:56.24600,1932.500,11
08:01:56.79200,1932.000,477
08:01:56.90600,1932.250,3
08:01:57.78900,1932.000,1
08:01:58.50700,1932.250,119
08:01:58.78100,1932.000,2
08:01:58.89000,1932.250,3
08:01:59.08900,1932.250,17
08:01:59.23800,1932.250,1
08:01:59.38200,1932.250,2
08:02:02.25000,1932.250,26
08:02:02.68700,1932.250,15
08:02:04.57400,1932.000,1
08:02:05.76100,1932.000,5
08:02:07.35100,1932.250,2
08:02:08.25700,1932.000,1
08:02:08.40600,1932.000,1
08:02:09.69900,1932.250,3
08:02:11.30400,1932.000,12
08:02:11.67500,1932.000,1
08:02:11.93300,1932.000,1
08:02:13.07000,1932.250,5
08:02:13.41700,1932.000,1
08:02:14.73000,1932.250,3
08:02:14.94900,1932.250,1
08:02:15.82800,1932.250,1
08:02:16.05400,1932.250,2
08:02:17.93700,1932.250,8
08:02:18.12800,1932.250,2
08:02:19.45700,1932.250,1
08:02:19.83500,1932.250,5
08:02:21.75000,1932.000,50
08:02:23.46400,1932.250,1
08:02:24.13600,1932.000,3
08:02:24.35900,1932.000,1
08:02:24.49600,1932.000,3
08:02:26.14000,1932.250,6
08:02:30.76100,1932.000,5
08:02:31.41400,1932.000,2
08:02:32.53500,1932.000,1
08:02:33.57400,1932.000,1
08:02:34.92900,1932.250,61
08:02:35.26500,1932.250,2
08:02:35.96000,1932.500,1
08:02:36.96800,1932.250,1
08:02:38.42500,1932.500,1
08:02:39.66700,1932.000,51
08:02:40.00000,1932.250,20
08:02:40.58500,1932.250,6
08:02:41.31200,1932.000,1
08:02:41.54600,1932.250,7
08:02:41.86700,1932.250,8
08:02:43.43700,1932.500,18
08:02:44.29600,1932.250,78
08:02:44.51100,1932.250,2
08:02:45.12800,1932.250,5
08:02:45.19500,1932.250,2
08:02:47.08900,1932.250,1
08:02:47.62800,1932.250,1
08:02:48.61700,1932.500,69
08:02:48.95300,1932.250,1
08:02:50.76900,1932.250,1
08:02:51.49200,1932.250,33
08:02:52.21000,1932.250,2
08:02:54.48400,1932.250,45
08:02:54.91700,1932.250,5
08:02:56.51100,1932.500,2
08:02:58.31200,1932.250,1
08:03:00.43700,1932.250,2
08:03:00.62800,1932.500,1
08:03:01.92100,1932.500,5
08:03:02.18700,1932.500,55
08:03:02.97200,1932.500,47
08:03:03.42100,1932.500,1
08:03:04.92100,1932.500,46
08:03:04.92900,1932.500,5
08:03:05.43300,1932.750,2
08:03:06.55000,1932.500,52
08:03:06.96000,1932.500,18
08:03:09.85900,1932.500,1
08:03:10.07800,1932.500,47
08:03:10.23400,1932.500,62
08:03:12.44100,1932.500,1
08:03:12.85900,1932.500,7
08:03:14.25700,1932.500,20
08:03:14.67100,1932.500,1
08:03:16.44100,1932.000,258
08:03:16.52300,1932.250,109
08:03:16.67900,1932.250,10
08:03:16.93300,1932.250,6
08:03:18.85100,1932.250,12
08:03:18.94900,1932.250,5
08:03:19.06600,1932.250,1
08:03:19.78900,1932.250,1
08:03:21.69900,1932.000,2
08:03:24.00300,1932.000,99
08:03:24.37500,1932.000,32
08:03:24.78500,1932.000,6
08:03:25.17100,1932.000,23
08:03:25.21800,1932.000,3
08:03:25.58900,1932.000,2
08:03:26.15200,1932.000,3
08:03:26.58200,1932.000,9
08:03:27.71400,1931.750,14
08:03:28.07400,1932.000,5
08:03:28.69500,1932.000,1
08:03:29.01100,1932.000,18
08:03:29.25300,1932.000,1
08:03:29.45700,1932.000,2
08:03:29.62100,1932.000,11
08:03:29.75000,1932.000,5
08:03:30.72200,1932.000,1
08:03:33.25000,1932.000,5
08:03:33.75700,1932.000,1
08:03:34.26900,1932.000,1
08:03:36.55000,1932.000,6
08:03:36.92100,1932.250,146
08:03:37.15600,1932.250,73
08:03:37.23800,1932.250,12
08:03:38.41000,1932.250,2
08:03:38.57800,1932.250,15
08:03:38.80000,1932.250,25
08:03:39.12800,1932.500,3
08:03:39.32400,1932.500,142
08:03:39.42900,1932.500,1
08:03:39.52700,1932.500,1
08:03:40.02700,1932.750,2
08:03:41.23400,1932.500,1
08:03:41.96400,1932.500,1
08:03:43.37100,1932.500,55
08:03:43.69900,1932.500,1
08:03:48.26900,1932.500,34
08:03:48.66000,1932.500,1
08:03:50.15600,1932.500,69
08:03:50.33500,1932.500,2
08:03:50.77300,1932.500,1
08:03:51.06200,1932.500,4
08:03:55.32000,1932.250,49
08:03:56.46800,1932.500,1
08:03:56.89000,1932.500,16
08:03:58.58200,1932.250,44
08:03:58.64400,1932.250,12
08:03:58.95300,1932.250,6
08:04:00.50300,1932.250,21
08:04:01.46800,1932.000,51
08:04:02.01500,1932.250,5
08:04:05.23800,1932.000,63
08:04:05.28900,1932.000,10
08:04:05.52300,1932.000,5
08:04:05.58900,1932.000,1
08:04:08.28500,1932.000,1
08:04:08.72600,1932.250,29
08:04:09.08200,1932.000,1
08:04:09.33500,1932.000,2
08:04:09.86700,1932.000,1
08:04:10.01100,1932.000,1
08:04:11.59300,1932.250,1
08:04:12.53900,1932.000,75
08:04:12.64000,1932.000,4
08:04:13.72600,1931.750,1
08:04:14.64000,1932.000,1
08:04:14.97200,1932.000,7
08:04:15.39000,1932.000,1
08:04:15.44500,1932.000,2
08:04:15.68300,1932.000,1
08:04:17.05000,1932.000,1
08:04:17.49600,1932.000,5
08:04:17.68700,1931.750,2
08:04:18.58900,1932.000,1
08:04:18.77300,1931.750,6
08:04:19.39400,1932.000,1
08:04:20.05800,1932.000,12
08:04:21.03900,1932.000,1
08:04:21.50700,1932.000,102
08:04:21.56600,1932.000,11
08:04:22.78500,1931.750,35
08:04:23.57400,1931.750,2
08:04:23.73800,1931.750,2
08:04:26.04600,1931.750,51
08:04:26.04600,1931.750,2
08:04:26.54200,1931.750,11
08:04:26.84300,1931.750,2
08:04:27.22600,1932.000,1
08:04:27.51500,1931.750,2
08:04:27.64800,1932.000,1
08:04:28.31200,1931.750,51
08:04:30.75700,1931.750,2
08:04:31.33200,1931.750,2
08:04:31.58500,1932.000,1
08:04:31.73800,1931.750,11
08:04:34.18300,1931.750,2
08:04:36.16000,1932.000,2
08:04:39.53900,1931.750,1
08:04:44.10900,1932.000,72
08:04:44.51900,1931.750,5
08:04:45.14800,1932.000,39
08:04:46.39800,1932.000,1
08:04:48.39000,1932.000,34
08:04:48.61700,1932.000,28
08:04:48.68300,1932.000,2
08:04:48.75000,1931.750,2
08:04:50.78500,1932.000,12
08:04:53.18300,1932.000,1
08:04:53.95700,1932.000,1
08:04:55.29200,1932.000,35
08:04:57.91700,1932.250,8
08:04:59.22600,1932.000,2
08:04:59.73400,1932.000,1
08:05:00.53100,1932.250,2
08:05:00.76900,1932.000,6
08:05:02.30800,1932.000,4
08:05:03.24600,1932.250,1
08:05:06.28100,1932.000,1
08:05:13.84700,1932.000,1
08:05:16.75000,1932.000,2
08:05:19.28100,1932.250,1
08:05:21.79200,1932.000,66
08:05:22.25300,1932.000,1
08:05:23.53900,1932.000,29
08:05:24.13200,1932.000,1
08:05:25.08900,1932.000,6
08:05:26.33900,1932.000,18
08:05:28.60900,1932.000,88
08:05:31.31200,1932.000,1
08:05:31.65600,1932.000,2
08:05:33.97200,1932.000,224
08:05:34.87500,1932.000,1
08:05:35.62100,1932.000,1
08:05:36.70300,1932.000,73
08:05:36.87800,1932.000,1
08:05:39.40600,1932.000,1
08:05:40.05800,1932.000,3
08:05:40.21800,1932.000,72
08:05:40.33500,1932.000,2
08:05:41.08900,1932.000,7
08:05:41.35900,1932.000,15
08:05:41.83500,1932.250,2
08:05:42.24600,1932.000,9
08:05:45.29200,1931.750,26
08:05:45.49600,1932.000,2
08:05:46.01900,1931.750,77
08:05:47.77700,1931.500,12
08:05:48.53500,1931.750,1
08:05:48.63200,1931.500,1
08:05:51.24600,1931.750,1
08:05:53.48800,1931.500,1
08:05:53.63600,1931.500,1
08:05:54.06600,1931.500,4
08:05:57.78900,1931.500,2
08:05:59.55000,1931.500,1
08:06:00.08200,1931.500,6
08:06:00.52300,1931.750,6
08:06:00.79200,1931.750,4
08:06:01.11300,1931.750,100
08:06:01.27700,1931.750,1
08:06:01.48800,1931.500,101
08:06:02.23000,1931.500,1
08:06:02.83500,1931.750,43
08:06:05.26900,1931.500,13
08:06:05.94100,1931.750,43
08:06:06.85100,1931.500,213
08:06:07.70700,1931.500,1
08:06:08.12100,1931.250,1
08:06:09.43300,1931.500,1
08:06:09.86700,1931.500,5
08:06:10.35500,1931.500,5
08:06:10.66000,1931.500,1
08:06:10.85500,1931.500,167
08:06:10.90600,1931.500,43
08:06:11.02700,1931.500,10
08:06:12.43700,1931.500,8
08:06:12.64000,1931.500,1
08:06:13.05000,1931.500,103
08:06:14.48000,1931.500,21
08:06:15.61300,1931.750,2
08:06:18.33900,1931.750,5
08:06:21.59700,1931.500,2
08:06:22.56200,1931.750,1
08:06:23.17100,1931.500,1
08:06:23.55000,1931.500,74
08:06:23.66000,1931.500,3
08:06:24.70700,1931.500,3
08:06:25.03500,1931.500,6
08:06:25.26500,1931.750,29
08:06:25.34300,1931.750,20
08:06:28.66400,1931.750,1
08:06:29.88200,1931.500,1
08:06:32.08500,1931.500,1
08:06:33.69100,1931.750,2
08:06:36.43300,1931.750,2
08:06:37.10500,1931.500,1
08:06:37.75300,1931.750,1
08:06:38.01100,1931.500,61
08:06:38.37500,1931.500,1
08:06:43.89000,1931.500,1
08:06:44.29600,1931.750,68
08:06:45.30400,1931.750,4
08:06:47.17900,1931.750,110
08:06:47.61300,1931.750,1
08:06:51.05400,1931.750,39
08:06:52.45700,1931.750,1
08:06:54.22600,1931.750,1
08:07:05.31200,1932.000,36
08:07:10.52700,1931.750,10
08:07:11.56200,1931.750,16
08:07:12.31600,1932.000,1
08:07:14.95700,1932.000,1
08:07:25.61300,1932.000,2
08:07:26.76900,1931.750,1
08:07:28.57000,1932.000,1
08:07:29.01100,1932.000,108
08:07:29.67500,1932.000,22
08:07:32.41000,1932.000,1
08:07:33.01500,1932.250,34
08:07:33.42900,1932.250,2
08:07:33.79600,1932.250,1
08:07:35.62800,1932.250,22
08:07:36.37500,1932.250,7
08:07:37.54600,1932.500,8
08:07:38.79200,1932.500,111
08:07:38.79200,1932.500,6
08:07:39.53500,1932.250,25
08:07:40.86700,1932.250,29
08:07:41.38600,1932.250,6
08:07:42.19100,1932.250,24
08:07:42.27300,1932.250,3
08:07:43.61300,1932.250,10
08:07:43.88200,1932.250,18
08:07:45.30400,1932.250,6
08:07:45.50700,1932.250,1
08:07:46.16000,1932.250,4
08:07:46.89000,1932.500,6
08:07:49.25700,1932.500,5
08:07:50.12100,1932.500,40
08:07:51.27300,1932.500,11
08:07:51.80400,1932.500,2
08:07:57.51900,1932.250,121
08:07:57.79200,1932.500,1
08:08:02.96400,1932.250,5
08:08:05.10900,1932.250,1
08:08:07.90200,1932.250,1
08:08:08.18300,1932.250,1
08:08:09.97200,1932.500,36
08:08:10.89000,1932.500,10
08:08:12.05000,1932.750,1
08:08:12.35500,1932.500,8
08:08:15.01100,1932.500,35
08:08:15.69900,1932.500,2
08:08:16.12500,1932.500,1
08:08:17.34300,1932.250,1
08:08:18.76500,1932.250,78
08:08:19.60900,1932.250,3
08:08:20.00700,1932.250,8
08:08:20.73400,1932.250,45
