13:00:00.25000,1937.500,0
13:00:00.51500,1937.250,3
13:00:01.96000,1937.250,1
13:00:02.15600,1937.250,68
13:00:02.15600,1937.250,4
13:00:02.89000,1937.250,10
13:00:03.10100,1937.250,1
13:00:03.65200,1937.250,15
13:00:03.76900,1937.250,25
13:00:04.71800,1937.250,20
13:00:12.72300,1937.500,7
13:00:12.72300,1937.250,103
13:00:12.72300,1937.250,1
13:00:12.72300,1937.250,1
13:00:12.72300,1937.250,113
13:00:12.72300,1937.250,3
13:00:12.72300,1937.250,2
13:00:12.72300,1937.250,1
13:00:12.96400,1937.250,1
13:00:14.85900,1937.250,1
13:00:15.03500,1937.250,3
13:00:15.27700,1937.250,51
13:00:15.58500,1937.250,1
13:00:17.07000,1937.250,1
13:00:17.20700,1937.250,29
13:00:17.39400,1937.250,37
13:00:18.10100,1937.250,13
13:00:18.49200,1937.250,16
13:00:18.63200,1937.250,1
13:00:18.78900,1937.250,10
13:00:19.78100,1937.250,18
13:00:20.70300,1937.250,25
13:00:21.14400,1937.500,1
13:00:22.10100,1937.500,1
13:00:22.27700,1937.250,29
13:00:22.44500,1937.250,20
13:00:23.29600,1937.500,1
13:00:24.07800,1937.250,7
13:00:24.45700,1937.500,7
13:00:25.00000,1937.250,1
13:00:26.46000,1937.500,1
13:00:26.68300,1937.250,50
13:00:35.38900,1937.250,77
13:00:35.38900,1937.000,5
13:00:35.38900,1937.000,1
13:00:35.38900,1937.250,20
13:00:35.38900,1937.000,10
13:00:35.38900,1937.250,6
13:00:35.38900,1937.250,167
13:00:35.38900,1937.250,2
13:00:35.38900,1937.250,36
13:00:35.38900,1937.500,2
13:00:35.38900,1937.250,1
13:00:35.38900,1937.250,48
13:00:36.06200,1937.250,3
13:00:36.69100,1937.000,3
13:00:38.19100,1937.250,58
13:00:39.46400,1937.250,1
13:00:39.78500,1937.250,2
13:00:40.57400,1937.250,1
13:00:41.82400,1937.500,27
13:00:42.33900,1937.250,1
13:00:43.15200,1937.250,5
13:00:43.35500,1937.250,5
13:00:43.76500,1937.250,10
13:00:44.22600,1937.250,5
13:00:45.39800,1937.250,1
13:00:47.03100,1937.250,5
13:00:49.29600,1937.500,258
13:00:49.45300,1937.500,77
13:00:49.49200,1937.500,9
13:00:49.60100,1937.750,2
13:00:49.75700,1937.500,15
13:00:49.86300,1937.500,12
13:00:50.22200,1937.750,2
13:00:58.05600,1937.500,7
13:00:58.05600,1937.500,2
13:00:58.30000,1937.500,4
13:01:00.36700,1937.750,136
13:01:00.45300,1937.750,30
13:01:00.56600,1937.750,43
13:01:02.30800,1938.000,3
13:01:02.47200,1938.000,63
13:01:03.46400,1937.750,2
13:01:04.04600,1937.750,2
13:01:05.55800,1938.000,1
13:01:06.58200,1938.000,376
13:01:06.78900,1938.000,1
13:01:07.84700,1938.000,69
13:01:07.86300,1938.000,8
13:01:08.31200,1938.000,1
13:01:08.88200,1938.000,12
13:01:09.19500,1937.750,1
13:01:09.89000,1938.000,15
13:01:10.60100,1938.000,1
13:01:11.02700,1938.000,1
13:01:12.29600,1938.000,1
13:01:12.62100,1938.000,2
13:01:14.02300,1938.000,2
13:01:14.91700,1938.000,1
13:01:15.51500,1938.000,34
13:01:15.91000,1938.250,70
13:01:16.12100,1938.250,117
13:01:16.85500,1938.000,1
13:01:17.26100,1938.250,2
13:01:19.45700,1938.250,2
13:01:20.36700,1938.250,2
13:01:22.44900,1938.250,4
13:01:23.27300,1938.000,4
13:01:23.49600,1938.000,1
13:01:23.79600,1938.250,1
13:01:24.69900,1938.250,1
13:01:24.88200,1938.250,1
13:01:27.58500,1938.250,34
13:01:27.93700,1938.000,1
13:01:28.56600,1938.250,102
13:01:28.89400,1938.250,29
13:01:28.96400,1938.250,12
13:01:29.24200,1938.500,6
13:01:29.92100,1938.500,1
13:01:30.31600,1938.250,2
13:01:30.72200,1938.500,3
13:01:31.23000,1938.500,1
13:01:31.51900,1938.250,48
13:01:31.95700,1938.250,4
13:01:34.26500,1938.250,104
13:01:34.26900,1938.250,16
13:01:35.01900,1938.000,1
13:01:35.15600,1938.000,1
13:01:35.81600,1938.250,1
13:01:36.33900,1938.250,2
13:01:37.36700,1938.000,2
13:01:37.83200,1938.250,1
13:01:40.33500,1938.000,1
13:01:41.56600,1938.000,1
13:01:41.77700,1938.250,40
13:01:51.14300,1938.000,6
13:01:51.14300,1938.000,8
13:01:51.14300,1938.000,1
13:01:51.14300,1938.250,65
13:01:51.14300,1938.250,1
13:01:51.14300,1938.250,1
13:01:51.14300,1938.250,1
13:01:51.14300,1938.250,1
13:01:51.14300,1938.250,1
13:01:53.26100,1938.250,139
13:01:53.33200,1938.250,51
13:01:59.66400,1938.250,132
13:01:59.74200,1938.500,3
13:01:59.84300,1938.250,2
13:02:01.76900,1938.250,2
13:02:02.81600,1938.250,1
13:02:04.14000,1938.500,18
13:02:04.52700,1938.250,2
13:02:06.93700,1938.500,1
13:02:08.36700,1938.250,1
13:02:10.08500,1938.250,2
13:02:10.76100,1938.250,1
13:02:11.04600,1938.250,75
13:02:11.05800,1938.250,2
13:02:12.00000,1938.250,32
13:02:14.09300,1938.250,1
13:02:14.70300,1938.250,2
13:02:20.75300,1938.250,117
13:02:21.48800,1938.250,5
13:02:22.23400,1938.000,5
13:02:22.60900,1938.250,5
13:02:25.41700,1938.250,38
13:02:26.14400,1938.250,8
13:02:27.36300,1938.000,1
13:02:28.43300,1938.000,10
13:02:31.84700,1938.250,73
13:02:34.65200,1938.250,1
13:02:35.03100,1938.000,1
13:02:40.57000,1938.000,5
13:02:41.17500,1938.000,3
13:02:41.58500,1938.000,214
13:02:41.79200,1938.000,34
13:02:42.59700,1938.000,15
13:02:46.38200,1938.000,1
13:02:46.72600,1938.000,8
13:02:48.88600,1938.250,1
13:02:53.62800,1938.000,1
13:02:56.78900,1938.250,89
13:02:56.83200,1938.250,81
13:02:56.87100,1938.250,21
13:02:59.83200,1938.250,18
13:03:03.55000,1938.250,74
13:03:05.30000,1938.250,3
13:03:07.31600,1938.250,1
13:03:07.68300,1938.250,15
13:03:08.65600,1938.250,1
13:03:09.01500,1938.250,1
13:03:09.68300,1938.250,6
13:03:11.58900,1938.500,7
13:03:12.15600,1938.250,1
13:03:14.16400,1938.500,2
13:03:16.32000,1938.250,106
13:03:16.82400,1938.500,1
13:03:18.93300,1938.500,3
13:03:20.58500,1938.250,38
13:03:21.24600,1938.250,135
13:03:21.75000,1938.000,76
13:03:21.93700,1937.750,6
13:03:22.07800,1938.000,2
13:03:22.40200,1938.000,2
13:03:25.75300,1938.000,2
13:03:25.94100,1938.000,5
13:03:26.88600,1938.000,122
13:03:27.33200,1938.000,20
13:03:27.84300,1938.250,14
13:03:28.96400,1938.250,46
13:03:31.87500,1938.250,144
13:03:36.00700,1938.000,2
13:03:37.41000,1938.000,1
13:03:44.31200,1938.250,52
13:03:44.57800,1938.250,28
13:03:44.68300,1938.250,25
13:03:44.92100,1938.250,18
13:04:02.85900,1938.250,6
13:04:03.57000,1938.250,1
13:04:07.89400,1938.500,154
13:04:09.49600,1938.500,3
13:04:10.65200,1938.500,5
13:04:10.87800,1938.500,5
13:04:11.27700,1938.500,1
13:04:11.79200,1938.500,6
13:04:12.19900,1938.250,11
13:04:12.49600,1938.500,2
13:04:15.13600,1938.500,50
13:04:15.54200,1938.500,1
13:04:16.35900,1938.500,5
13:04:17.47200,1938.500,1
13:04:25.88200,1938.250,106
13:04:26.65200,1938.500,1
13:04:29.47200,1938.250,2
13:04:32.14000,1938.250,119
13:04:33.10900,1938.250,1
13:04:34.89800,1938.250,1
13:04:37.63200,1938.250,10
13:04:40.86700,1938.250,1
13:04:49.60800,1938.500,6
13:04:49.60800,1938.500,1
13:04:49.60800,1938.500,1
13:04:49.60800,1938.500,1
13:04:49.84700,1938.500,1
13:04:55.10100,1938.250,54
13:04:56.59700,1938.250,1
13:04:58.71000,1938.250,92
13:04:59.87800,1938.250,1
13:05:02.11700,1938.250,4
13:05:03.77300,1938.250,4
13:05:04.32400,1938.250,3
13:05:07.26900,1938.000,1
13:05:07.42900,1938.250,1
13:05:08.04200,1938.000,1
13:05:08.18700,1938.250,1
13:05:09.28500,1938.250,84
13:05:10.33500,1938.250,1
13:05:11.16700,1938.250,10
13:05:11.87800,1938.250,15
13:05:12.32800,1938.250,1
13:05:12.47200,1938.250,44
13:05:13.03500,1938.250,2
13:05:13.70700,1938.250,10
13:05:14.42500,1938.250,5
13:05:27.25000,1938.500,15
13:05:27.25000,1938.500,10
13:05:27.25000,1938.500,1
13:05:27.25000,1938.500,377
13:05:27.25000,1938.500,59
13:05:27.32000,1938.750,1
13:05:28.75300,1938.750,235
13:05:28.78500,1938.750,22
13:05:28.92500,1938.750,11
13:05:29.60100,1938.750,1
13:05:30.00000,1938.500,218
13:05:30.30000,1938.500,2
13:05:30.73400,1938.750,2
13:05:31.28500,1938.500,83
13:05:31.32000,1938.500,12
13:05:33.08900,1938.750,4
13:05:34.67900,1938.750,1
13:05:35.87500,1938.500,1
13:05:36.26100,1938.750,1
13:05:36.87500,1938.750,2
13:05:39.19900,1938.750,1
13:05:42.46400,1938.500,1
13:05:51.29000,1938.500,6
13:05:51.29000,1938.500,106
13:05:51.29000,1938.500,14
13:05:51.30000,1938.500,34
13:05:51.42900,1938.500,10
13:05:52.26900,1938.500,3
13:05:52.48000,1938.500,13
13:05:53.05800,1938.500,37
13:05:53.39000,1938.500,5
13:05:53.89400,1938.500,11
13:05:54.24600,1938.500,13
13:05:54.44500,1938.750,1
13:05:54.89800,1938.500,2
13:05:57.08900,1938.750,5
13:05:59.19900,1938.750,5
13:05:59.73000,1938.750,1
13:06:01.97200,1938.750,6
13:06:02.88200,1938.750,4
13:06:04.66400,1938.750,1
13:06:06.86300,1938.500,62
13:06:07.55400,1938.500,1
13:06:15.39200,1938.750,5
13:06:15.39200,1938.750,1
13:06:15.39200,1938.750,1
13:06:20.56200,1938.500,10
13:06:20.70300,1938.750,4
13:06:22.29200,1938.500,22
13:06:23.10100,1938.750,1
13:06:23.46000,1938.500,1
13:06:24.80000,1938.750,2
13:06:25.34300,1938.750,1
13:06:26.80000,1938.750,1
13:06:34.64300,1938.750,6
13:06:34.64300,1938.500,1
13:06:34.64300,1938.500,1
13:06:34.64300,1938.500,1
13:06:38.83500,1938.750,8
13:06:39.14400,1938.750,5
13:06:41.00000,1938.750,1
13:06:41.43700,1938.750,25
13:06:41.53500,1938.750,172
13:06:42.02700,1938.750,60
13:06:42.85100,1938.750,20
13:06:43.20300,1938.750,29
13:06:45.05000,1938.750,97
13:06:45.12100,1938.750,48
13:06:53.89300,1938.750,8
13:06:53.89300,1939.000,417
13:06:53.89300,1938.750,130
13:06:53.89300,1939.000,8
13:06:53.89300,1939.000,1
13:06:53.89300,1939.000,71
13:06:53.89300,1938.750,110
13:06:53.89300,1939.000,2
13:06:55.10900,1938.750,18
13:06:55.12800,1938.750,25
13:06:55.21400,1938.750,38
13:06:56.92500,1938.750,1
13:06:57.76100,1938.750,84
13:06:58.04600,1938.750,25
13:06:59.41000,1939.000,1
13:06:59.49600,1938.750,1
13:07:00.47600,1939.000,3
13:07:00.57000,1939.000,5
13:07:01.54600,1939.000,1
13:07:01.70300,1939.000,50
13:07:02.62500,1939.000,1
13:07:03.69100,1939.000,1
13:07:04.25000,1939.000,32
13:07:04.75000,1939.000,1
13:07:04.90600,1938.750,158
13:07:05.08500,1938.750,54
13:07:05.35500,1939.000,1
13:07:09.55400,1939.000,1
13:07:10.61700,1939.000,1
13:07:11.77300,1939.000,2
13:07:15.42900,1939.000,11
13:07:16.21000,1938.750,1
13:07:16.49600,1939.000,2
13:07:17.05800,1939.000,3
13:07:17.28100,1939.000,8
13:07:17.50700,1939.000,3
13:07:17.82000,1939.250,201
13:07:18.16000,1939.000,1
13:07:18.39000,1939.250,8
13:07:18.69900,1939.000,2
13:07:19.55400,1939.000,1
13:07:20.70300,1939.000,11
13:07:21.25000,1939.250,2
13:07:21.83900,1939.000,190
13:07:22.89000,1939.000,1
13:07:25.50300,1939.000,1
13:07:25.70300,1939.000,87
13:07:26.14800,1939.000,1
13:07:26.58900,1939.000,1
13:07:26.87800,1939.000,10
13:07:29.22200,1939.000,43
13:07:29.53500,1938.750,1
13:07:29.62800,1939.000,1
13:07:30.13600,1939.000,1
13:07:33.39800,1938.750,2
13:07:34.75300,1938.750,1
13:07:35.59700,1938.750,99
13:07:35.97200,1938.750,4
13:07:37.00300,1939.000,2
13:07:37.84700,1938.750,3
13:07:38.19900,1938.750,2
13:07:41.48400,1939.000,3
13:07:41.64000,1939.000,1
13:07:42.29600,1938.750,39
13:07:42.30000,1938.750,15
13:07:42.48400,1939.000,3
13:07:45.33900,1939.000,5
13:07:50.57800,1938.750,1
13:07:51.64800,1939.000,1
13:07:57.95700,1938.750,1
13:07:59.69100,1938.750,1
13:08:02.27700,1938.750,2
13:08:04.12500,1938.750,2
13:08:08.78100,1938.750,5
13:08:10.21800,1938.750,2
13:08:12.96400,1938.750,1
13:08:14.71800,1939.000,25
13:08:22.00000,1939.000,1
13:08:31.82800,1938.750,159
13:08:32.32000,1938.500,252
13:08:32.39400,1938.250,7
13:08:32.53900,1938.500,1
13:08:34.96000,1938.500,2
13:08:37.83200,1938.500,1
13:08:38.76500,1938.250,1
13:08:39.00700,1938.500,1
13:08:39.92900,1938.250,3
13:08:40.39800,1938.250,1
13:08:40.58200,1938.250,1
13:08:41.35500,1938.500,3
13:08:43.33900,1938.250,1
13:08:44.87800,1938.500,1
13:08:48.34300,1938.500,2
13:08:48.51900,1938.500,101
13:08:49.05400,1938.250,1
13:08:49.34300,1938.250,2
13:08:49.58200,1938.500,138
13:08:49.58200,1938.500,18
13:08:50.11700,1938.500,2
13:08:51.40600,1938.500,1
13:08:51.86300,1938.250,38
13:08:52.04200,1938.250,1
13:08:54.41700,1938.250,1
13:08:56.55400,1938.250,1
13:08:58.12100,1938.500,1
13:09:08.10000,1938.500,7
13:09:09.89000,1938.250,147
13:09:10.04200,1938.250,49
13:09:10.19100,1938.250,5
13:09:11.65200,1938.250,1
13:09:12.38600,1938.250,2
13:09:13.70700,1938.250,10
13:09:16.52300,1938.250,78
13:09:19.42500,1938.500,128
13:09:19.56600,1938.500,38
13:09:19.71800,1938.500,8
13:09:22.71000,1938.500,2
13:09:22.88200,1938.500,53
13:09:24.04200,1938.500,28
13:09:31.64000,1938.500,20
13:09:31.64000,1938.500,8
13:09:31.64000,1938.750,1
13:09:32.83200,1938.500,33
13:09:36.05000,1938.500,79
13:09:38.20700,1938.500,5
13:09:38.36700,1938.500,5
13:09:39.11300,1938.500,1
13:09:40.65600,1938.500,1
13:09:43.36300,1938.500,1
13:09:44.74200,1938.500,3
13:09:51.75300,1938.250,95
13:09:51.90200,1938.250,69
13:09:52.32400,1938.250,5
13:09:59.95400,1938.000,11
13:09:59.95400,1938.000,3
13:09:59.95400,1938.250,100
13:09:59.95400,1938.500,1
13:10:05.43300,1938.500,2
13:10:06.02700,1938.250,1
13:10:08.50000,1938.250,1
13:10:14.15600,1938.250,3
13:10:16.00700,1938.500,1
13:10:20.58900,1938.250,10
13:10:28.33100,1938.500,6
13:10:28.33100,1938.250,145
13:10:28.33100,1938.250,21
13:10:29.32000,1938.250,1
13:10:30.10900,1938.250,102
13:10:32.66000,1938.250,28
13:10:33.61700,1938.250,1
13:10:35.80800,1938.500,1
13:10:40.92900,1938.500,1
13:10:43.00300,1938.250,27
13:10:43.32800,1938.500,13
13:10:44.04600,1938.250,4
13:10:51.93400,1938.250,8
13:10:51.93400,1938.250,2
13:10:53.69500,1938.250,4
13:10:56.39400,1938.250,3
13:10:56.55000,1938.250,6
13:11:02.73400,1938.250,85
13:11:03.23800,1938.250,58
13:11:03.49600,1938.250,94
13:11:03.56200,1938.250,17
13:11:05.54200,1938.250,3
13:11:05.94500,1938.250,1
13:11:11.76100,1938.000,2
13:11:12.92100,1938.250,116
13:11:14.48000,1938.000,1
13:11:16.23800,1938.000,2
13:11:20.94500,1938.250,256
13:11:21.10100,1938.250,136
13:11:21.23800,1938.250,14
13:11:21.58900,1938.250,1
13:11:22.35900,1938.000,1
13:11:25.00300,1938.000,1
13:11:25.72600,1938.250,102
13:11:27.09700,1938.250,3
13:11:29.03900,1938.000,2
13:11:29.95700,1938.000,1
13:11:30.71000,1938.250,1
13:11:30.96000,1938.250,53
13:11:31.68300,1938.250,1
13:11:32.86300,1938.250,1
13:11:37.36700,1938.250,7
13:11:40.30400,1938.250,1
13:11:41.29600,1938.250,1
13:11:42.05400,1938.250,1
13:11:43.45300,1938.250,1
13:11:44.35100,1938.250,1
13:11:45.41000,1938.250,1
13:11:47.34300,1938.250,1
13:11:49.41000,1938.500,1
13:11:50.90600,1938.250,1
13:11:52.71000,1938.250,1
13:11:54.21000,1938.500,79
13:11:54.24600,1938.500,172
13:11:54.80800,1938.250,1
13:11:56.35900,1938.250,1
13:11:59.10500,1938.250,96
13:11:59.31200,1938.000,1
13:11:59.55400,1938.250,2
13:12:00.91000,1938.250,55
13:12:01.06200,1938.250,9
13:12:01.18300,1938.250,6
13:12:01.34700,1938.250,3
13:12:03.00000,1938.250,51
13:12:04.27300,1938.000,1
13:12:06.03500,1938.000,1
13:12:08.14800,1938.000,1
13:12:10.00000,1938.000,1
13:12:12.07000,1938.000,2
13:12:13.19100,1938.000,1
13:12:18.73000,1938.250,54
13:12:19.28500,1938.000,7
13:12:23.14800,1938.000,1
13:12:24.17100,1938.000,4
13:12:25.59300,1938.250,77
13:12:26.20300,1938.000,1
13:12:28.08500,1938.000,1
13:12:28.93300,1938.250,117
13:12:29.22200,1938.250,2
13:12:29.40600,1938.250,2
13:12:29.78100,1938.250,1
13:12:31.71000,1938.250,1
13:12:34.12800,1938.250,1
13:12:37.05800,1938.250,1
13:12:40.10100,1938.250,1
13:12:41.08200,1938.250,1
13:12:43.08200,1938.250,1
13:12:46.92900,1938.250,1
13:12:50.02300,1938.250,1
13:12:50.80800,1938.250,1
13:12:51.70700,1938.250,1
13:12:54.10900,1938.500,202
13:12:57.00700,1938.500,25
13:13:03.53100,1938.250,171
13:13:07.62800,1938.250,6
13:13:09.05400,1938.500,1
13:13:12.25300,1938.250,1
13:13:15.20700,1938.250,34
13:13:16.28500,1938.250,10
13:13:17.42900,1938.000,1
13:13:19.09300,1938.000,1
13:13:19.39800,1938.250,1
13:13:20.76900,1938.000,1
13:13:21.48000,1938.250,1
13:13:22.62800,1938.000,1
13:13:23.13200,1938.000,1
13:13:24.35500,1938.000,1
13:13:26.14400,1938.000,1
13:13:27.55400,1938.250,3
13:13:27.69900,1938.000,2
13:13:29.63600,1938.000,1
13:13:31.11300,1938.000,1
13:13:32.23000,1938.000,1
13:13:32.66400,1938.250,1
13:13:32.85100,1938.000,1
13:13:34.85500,1938.000,2
13:13:35.63200,1938.250,2
13:13:35.92500,1938.000,2
13:13:37.54200,1938.250,3
13:13:39.90200,1938.000,270
13:13:40.00000,1938.000,63
13:13:40.10500,1938.000,4
13:13:41.24600,1938.000,1
13:13:41.85500,1937.750,4
13:13:42.59300,1937.750,11
13:13:42.72200,1937.750,241
13:13:42.73800,1937.750,43
13:13:44.16000,1937.500,7
13:13:44.35900,1937.500,1
13:13:44.41000,1937.500,1
13:13:44.74200,1937.500,1
13:13:44.90600,1937.500,1
13:13:45.23800,1937.750,1
13:13:45.90200,1937.500,1
13:13:46.71400,1937.750,86
13:13:47.38600,1937.500,1
13:13:47.49200,1937.500,10
13:13:48.49200,1937.500,1
13:13:49.65200,1937.500,3
13:13:50.23000,1937.750,5
13:13:51.29600,1937.500,1
13:13:52.91400,1937.500,1
13:13:53.46000,1937.500,50
13:13:54.39400,1937.750,1
13:13:54.64800,1937.500,1
13:13:55.16700,1937.500,1
13:14:02.70700,1937.500,7
13:14:02.70700,1937.500,1
13:14:02.70700,1937.500,1
13:14:02.70700,1937.500,1
13:14:02.70700,1937.750,1
13:14:02.70700,1937.500,1
13:14:02.70700,1937.500,1
13:14:02.70700,1937.750,2
13:14:04.20300,1937.500,2
13:14:04.71800,1937.500,1
13:14:05.01100,1937.500,1
13:14:06.17900,1937.500,1
13:14:09.37100,1937.750,1
13:14:11.38600,1937.500,1
13:14:12.47200,1937.750,1
13:14:13.36300,1937.750,10
13:14:14.75700,1937.500,6
13:14:16.39800,1937.750,1
13:14:16.81200,1937.500,3
13:14:17.12100,1937.500,1
13:14:17.79600,1937.500,1
13:14:19.31600,1937.500,1
13:14:19.54600,1937.500,2
13:14:20.47600,1937.500,120
13:14:20.74600,1937.500,3
13:14:21.07400,1937.500,75
13:14:21.65200,1937.500,2
13:14:22.04200,1937.500,12
13:14:22.57800,1937.500,2
13:14:22.91400,1937.500,1
13:14:24.44900,1937.500,1
13:14:27.10100,1937.500,2
13:14:29.41400,1937.500,1
13:14:33.08200,1937.500,1
13:14:34.26500,1937.500,1
13:14:36.38200,1937.500,1
13:14:37.12100,1937.750,1
13:14:37.81600,1937.500,1
13:14:38.75700,1937.750,1
13:14:39.84300,1937.500,5
13:14:40.35900,1937.750,1
13:14:40.84300,1937.500,1
13:14:42.03500,1937.750,1
13:14:42.75000,1937.750,1
13:14:43.17100,1937.750,247
13:14:44.21400,1938.000,1
13:14:44.61300,1937.750,1
13:14:44.75000,1937.750,1
13:14:44.97200,1937.750,2
13:14:46.19500,1937.750,1
13:14:46.96000,1937.750,1
13:14:47.73000,1937.750,84
13:14:47.85900,1937.750,4
13:14:48.39000,1937.750,2
13:14:48.93700,1937.750,1
13:14:49.19900,1937.750,1
13:14:49.77700,1937.500,1
13:14:51.37800,1937.500,1
13:14:52.03500,1937.750,144
13:14:52.22200,1937.750,23
13:14:52.63600,1937.750,1
13:14:54.59700,1937.750,1
13:14:58.48400,1938.000,1
13:15:00.23400,1938.000,14
13:15:00.42900,1937.750,1
13:15:02.76900,1938.000,139
13:15:02.81200,1938.000,4
13:15:03.41000,1938.250,2
13:15:03.93300,1938.250,1
13:15:06.83900,1938.250,1
13:15:07.68700,1938.000,1
13:15:11.46400,1938.000,20
13:15:12.55000,1938.000,1
13:15:14.67500,1938.000,1
13:15:16.08200,1938.000,1
13:15:17.24600,1938.000,5
13:15:20.06200,1938.000,1
13:15:21.49200,1938.000,1
13:15:30.75000,1938.000,102
13:15:32.18300,1938.250,2
13:15:40.23800,1938.000,15
13:15:40.23800,1938.000,17
13:15:40.23800,1938.000,16
13:15:40.23800,1938.000,2
13:15:40.23800,1938.000,4
13:15:43.03500,1937.750,1
13:15:44.08900,1937.750,99
13:15:45.15200,1937.750,1
13:15:45.40200,1937.750,1
13:15:45.78500,1937.750,1
13:15:46.07000,1937.750,1
13:15:48.61300,1937.750,1
13:15:49.77300,1937.750,1
13:15:50.92500,1937.750,1
13:15:51.38200,1937.750,4
13:15:52.58200,1938.000,7
13:15:52.79200,1937.750,1
13:15:52.93300,1938.000,2
13:15:53.58200,1937.750,1
13:15:54.85100,1937.750,10
13:15:56.20700,1937.750,1
13:15:57.13600,1937.750,1
13:15:58.26100,1937.750,1
13:15:59.32800,1937.750,1
13:16:02.19100,1937.750,4
13:16:04.52700,1937.750,1
13:16:12.79500,1937.750,6
13:16:12.79500,1937.750,1
13:16:12.79500,1938.000,178
13:16:12.79500,1937.750,2
13:16:13.45300,1937.750,1
13:16:14.75700,1938.000,3
13:16:15.04200,1938.000,37
13:16:18.12800,1938.000,3
13:16:18.42100,1938.000,4
13:16:22.05800,1938.000,1
13:16:24.46400,1938.000,1
13:16:27.35500,1938.000,1
13:16:27.61300,1938.000,51
13:16:28.07800,1938.250,2
13:16:28.25300,1938.250,176
13:16:28.47600,1938.250,1
13:16:28.89800,1938.500,185
13:16:30.12500,1938.750,10
13:16:38.64400,1938.500,1
13:16:38.78100,1938.500,1
13:16:40.26500,1938.750,3
13:16:40.52700,1938.750,108
13:16:40.80400,1938.750,1
13:16:41.28900,1938.750,1
13:16:41.59300,1938.750,41
13:16:41.72600,1938.750,14
13:16:41.88200,1938.750,30
13:16:41.89400,1938.750,1
13:16:42.03500,1938.750,2
13:16:42.30800,1939.000,52
13:16:42.67900,1938.750,45
13:16:42.88600,1938.750,5
13:16:43.12500,1939.000,1
13:16:43.43700,1938.750,1
13:16:44.42500,1939.000,2
13:16:45.21400,1939.250,134
13:16:45.46000,1939.250,1
13:16:45.86300,1939.250,2
13:16:53.49600,1939.000,71
13:16:53.49600,1938.750,10
13:16:53.49600,1939.000,6
13:16:53.49600,1939.000,10
13:16:53.49600,1938.750,2
13:16:53.49600,1938.750,1
13:16:53.49600,1938.750,60
13:16:53.49600,1938.750,9
13:16:53.49600,1938.750,5
13:16:53.49600,1938.500,1
13:16:53.49600,1938.500,1
13:16:53.49600,1938.500,44
13:16:53.49600,1938.500,10
13:16:53.49600,1938.250,25
13:16:53.49600,1938.250,1
13:16:53.49600,1938.500,17
13:16:53.49600,1938.500,23
13:16:53.49600,1938.500,11
13:16:53.49600,1938.500,8
13:16:53.49600,1938.500,1
13:16:53.49600,1938.500,79
13:16:53.49600,1938.500,1
13:16:53.49600,1938.500,1
13:16:54.79600,1938.750,67
13:16:55.29200,1938.750,27
13:16:55.40600,1938.750,7
13:16:55.66700,1939.000,2
13:16:55.83200,1938.750,1
13:16:56.34300,1939.000,3
13:16:56.42900,1939.000,45
13:16:57.28900,1939.000,1
13:16:57.67500,1939.000,1
13:16:57.73800,1939.000,24
13:16:57.89400,1939.000,79
13:16:58.43700,1939.250,2
13:16:58.67500,1939.250,3
13:16:59.12800,1939.000,18
13:16:59.39800,1939.000,2
13:16:59.60900,1939.250,1
13:17:00.66400,1939.250,26
13:17:01.06600,1939.000,2
13:17:01.42100,1939.250,2
13:17:01.66400,1939.250,2
13:17:02.20300,1939.250,1
13:17:02.74200,1939.000,1
13:17:02.92100,1939.000,2
13:17:02.96400,1939.000,3
13:17:03.08900,1939.000,1
13:17:04.43700,1939.250,2
13:17:04.72200,1939.000,58
13:17:04.87100,1939.000,10
13:17:05.60900,1938.750,3
13:17:06.35100,1939.000,1
13:17:06.76900,1939.250,50
13:17:06.78500,1939.000,1
13:17:07.19500,1939.000,55
13:17:07.34300,1938.750,5
13:17:07.42100,1939.000,5
13:17:08.07000,1938.750,22
13:17:09.14400,1938.750,1
13:17:11.24600,1938.750,77
13:17:12.12500,1939.000,6
13:17:13.07000,1938.750,1
13:17:13.27300,1939.000,5
13:17:14.10900,1939.000,1
13:17:14.40600,1938.750,1
13:17:15.16000,1938.750,60
13:17:15.52300,1938.750,24
13:17:15.91400,1938.750,14
13:17:16.17900,1938.750,70
13:17:16.67900,1938.750,41
13:17:16.77300,1938.750,1
13:17:16.86700,1938.750,1
13:17:17.04600,1938.750,45
13:17:17.25300,1938.500,10
13:17:18.33900,1938.750,16
13:17:18.39400,1938.750,35
13:17:18.76100,1938.750,6
13:17:18.82400,1938.750,11
13:17:18.85100,1939.000,1
13:17:18.97200,1938.750,18
13:17:24.13600,1938.750,36
13:17:24.14400,1938.750,2
13:17:24.43300,1938.750,3
13:17:26.03900,1939.000,2
13:17:26.82800,1939.000,1
13:17:27.29600,1938.750,2
13:17:27.68700,1938.750,8
13:17:27.94500,1938.750,3
13:17:28.33200,1939.000,1
13:17:30.09700,1939.000,2
13:17:30.40600,1938.750,5
13:17:30.71800,1938.750,31
13:17:31.04600,1938.750,2
13:17:32.19900,1938.750,1
13:17:32.46800,1938.750,1
13:17:33.19500,1938.500,1
13:17:33.39800,1938.750,2
13:17:33.84300,1938.500,2
13:17:34.88600,1938.750,1
13:17:35.00700,1938.500,1
13:17:35.18700,1938.750,54
13:17:35.21000,1938.750,1
13:17:36.53900,1938.500,1
13:17:37.05800,1938.750,28
13:17:37.47200,1938.750,10
13:17:39.52300,1938.500,3
13:17:40.75300,1938.500,133
13:17:40.75700,1938.500,142
13:17:41.58200,1938.750,1
13:17:42.27300,1938.500,2
13:17:43.05400,1938.750,3
13:17:43.49200,1938.750,72
13:17:43.91400,1938.750,1
13:17:44.21400,1938.750,4
13:17:45.27700,1938.500,1
13:17:45.66700,1938.500,1
13:17:46.33200,1938.500,1
13:17:47.29200,1938.750,1
13:17:47.53900,1938.500,48
13:17:47.64400,1938.500,65
13:17:47.64800,1938.500,27
13:17:48.37100,1938.250,1
13:17:48.52700,1938.500,2
13:17:48.90200,1938.250,2
13:17:49.17900,1938.250,65
13:17:49.24600,1938.250,1
13:17:49.57000,1938.250,29
13:17:49.68300,1938.250,3
13:17:49.75300,1938.500,2
13:17:49.87500,1938.250,3
13:17:51.09300,1938.500,1
13:17:51.62800,1938.250,37
13:17:52.71400,1938.500,2
13:17:53.63200,1938.500,1
13:17:55.66700,1938.500,47
13:17:56.27300,1938.500,106
13:17:57.01100,1938.500,17
13:17:57.30800,1938.750,1
13:17:58.09300,1938.500,63
13:18:00.52700,1938.500,53
13:18:00.65600,1938.500,2
13:18:00.96000,1938.500,7
13:18:03.18300,1938.500,54
13:18:03.56200,1938.500,5
13:18:03.96000,1938.500,18
13:18:05.26500,1938.500,15
13:18:07.47600,1938.750,1
13:18:08.48400,1938.500,1
13:18:11.49600,1938.750,1
13:18:15.02700,1938.750,1
13:18:15.39800,1938.750,2
13:18:16.38600,1938.750,68
13:18:16.50000,1938.750,3
13:18:16.82800,1938.750,1
13:18:19.04200,1938.750,3
13:18:19.52300,1938.750,35
13:18:21.71400,1938.750,1
13:18:23.11700,1938.750,95
13:18:23.13200,1938.750,16
13:18:24.27300,1938.750,2
13:18:26.96400,1938.750,75
13:18:27.05800,1938.750,21
13:18:27.16700,1938.750,31
13:18:27.21400,1938.750,33
13:18:27.26900,1938.750,7
13:18:27.60500,1939.000,1
13:18:28.43300,1939.000,2
13:18:28.62100,1938.750,21
13:18:29.04600,1939.000,1
13:18:31.45300,1938.750,35
13:18:32.51500,1938.750,1
13:18:34.37500,1938.750,7
13:18:35.32000,1938.750,63
13:18:35.45300,1938.750,4
13:18:36.08200,1938.750,1
13:18:36.43700,1938.750,6
13:18:37.23000,1938.750,1
13:18:37.39800,1938.500,97
13:18:37.63600,1938.500,12
13:18:38.00700,1938.500,1
13:18:38.68700,1938.500,14
13:18:47.05400,1938.500,2
13:18:47.46000,1938.750,2
13:18:48.81600,1938.500,1
13:18:49.82800,1938.500,5
13:18:50.31200,1938.750,84
13:18:50.70700,1938.500,1
13:18:52.69100,1938.500,1
13:18:54.25300,1938.500,202
13:19:01.00000,1938.500,56
13:19:02.23000,1938.500,38
13:19:03.14000,1938.500,17
13:19:05.18300,1938.250,55
13:19:06.87500,1938.250,3
13:19:14.83200,1938.250,62
13:19:14.83200,1938.000,4
13:19:14.83200,1938.000,92
13:19:14.83200,1938.000,1
13:19:14.83200,1938.000,204
13:19:14.83200,1938.000,18
13:19:14.83200,1938.000,70
13:19:14.83200,1938.000,14
13:19:14.83200,1938.000,17
13:19:14.83200,1938.000,1
13:19:16.50000,1938.250,1
13:19:17.19100,1938.000,3
13:19:19.95300,1938.250,59
13:19:20.04600,1938.250,26
13:19:20.23400,1938.250,1
13:19:20.33500,1938.000,1
13:19:21.07400,1938.000,55
13:19:21.24600,1938.250,1
13:19:22.00700,1938.000,2
13:19:22.28100,1938.000,1
13:19:24.00000,1938.000,2
13:19:25.69900,1938.000,1
13:19:27.58900,1938.000,1
13:19:29.38200,1938.250,1
13:19:29.63200,1938.250,26
13:19:29.72600,1938.500,4
13:19:30.03100,1938.250,16
13:19:38.87100,1938.250,94
13:19:38.87100,1938.000,1
13:19:38.87100,1938.250,1
13:19:38.87100,1938.250,39
13:19:38.87100,1938.250,22
13:19:38.92500,1938.250,19
13:19:39.31200,1938.250,41
13:19:39.76100,1938.250,5
13:19:40.41400,1938.250,1
13:19:45.45700,1938.500,4
13:19:48.02300,1938.500,24
13:19:49.17500,1938.250,1
13:19:49.78100,1938.500,3
13:20:02.95800,1938.250,103
13:20:02.95800,1938.250,21
13:20:02.95800,1938.250,35
13:20:02.95800,1938.500,1
13:20:03.13600,1938.500,124
13:20:03.61300,1938.500,5
13:20:05.16400,1938.750,118
13:20:05.53900,1938.750,12
13:20:05.76100,1938.750,26
13:20:09.26500,1938.750,1
13:20:15.15600,1938.750,1
13:20:16.17500,1938.750,130
13:20:16.39000,1939.000,2
13:20:16.89400,1938.750,2
13:20:17.51500,1939.000,2
13:20:18.64000,1938.750,1
13:20:26.98200,1939.000,11
13:20:26.98200,1938.750,1
13:20:26.98200,1938.750,1
13:20:26.98200,1939.000,1
13:20:26.98200,1938.750,1
13:20:26.98200,1938.750,1
13:20:26.98200,1938.750,1
13:20:26.98200,1938.750,1
13:20:26.98200,1938.750,1
13:20:26.98200,1938.750,1
13:20:26.98200,1938.750,2
13:20:27.66400,1938.750,1
13:20:28.48000,1938.750,1
13:20:29.74600,1938.750,108
13:20:30.28900,1938.500,11
13:20:30.82400,1938.750,10
13:20:31.85100,1938.500,1
13:20:32.26100,1938.500,2
13:20:33.25000,1938.750,1
13:20:35.72200,1938.750,1
13:20:36.32400,1938.500,1
13:20:37.08200,1938.750,123
13:20:37.36700,1938.750,5
13:20:37.48800,1938.750,10
13:20:38.04600,1938.500,1
13:20:39.57400,1938.500,1
13:20:40.23400,1938.750,263
13:20:41.13200,1938.750,55
13:20:41.35900,1938.500,1
13:20:42.13600,1938.750,3
13:20:42.35900,1938.500,2
13:20:42.88200,1938.500,1
13:20:44.30000,1938.500,1
13:20:44.57800,1938.500,7
13:20:45.59700,1938.500,1
13:20:46.10100,1938.750,54
13:20:46.20300,1938.750,1
13:20:46.80000,1938.500,1
13:20:48.51500,1938.750,30
13:20:49.07400,1938.750,13
13:20:50.16400,1938.750,1
13:20:52.03900,1938.750,1
13:20:53.68700,1938.750,1
13:20:54.01900,1938.750,5
13:20:54.90600,1938.750,1
13:21:03.08000,1938.750,7
13:21:03.08000,1938.750,1
13:21:03.08000,1939.000,1
13:21:03.08000,1938.750,2
13:21:03.08000,1938.750,2
13:21:03.08000,1938.750,4
13:21:03.72200,1938.750,1
13:21:03.91700,1938.750,107
13:21:05.34300,1938.500,1
13:21:06.60900,1938.750,83
13:21:06.74200,1938.500,1
13:21:08.03500,1938.500,1
13:21:09.20300,1938.750,1
13:21:09.37800,1938.500,1
13:21:09.71400,1938.750,6
13:21:10.80400,1938.500,1
13:21:11.43300,1938.500,1
13:21:12.19900,1938.500,1
13:21:13.41700,1938.500,1
13:21:13.71800,1938.500,164
13:21:14.89000,1938.250,1
13:21:15.19500,1938.250,1
13:21:15.59300,1938.500,13
13:21:15.80400,1938.500,1
13:21:16.07400,1938.500,12
13:21:16.14000,1938.500,58
13:21:16.94500,1938.500,1
13:21:18.01900,1938.500,1
13:21:20.02700,1938.500,1
13:21:21.38200,1938.750,10
13:21:24.34300,1938.500,1
13:21:26.01100,1938.750,1
13:21:32.29600,1938.500,3
13:21:32.72600,1938.500,1
13:21:34.70300,1938.500,1
13:21:34.96800,1938.750,1
13:21:36.07000,1938.750,72
13:21:41.32400,1938.250,195
13:21:41.37500,1938.500,13
13:21:41.69100,1938.500,1
13:21:43.26900,1938.750,1
13:21:44.80000,1938.500,1
13:21:45.77700,1938.500,1
13:21:46.60500,1938.750,34
13:21:47.33900,1938.750,1
13:21:49.00700,1938.750,1
13:21:49.86700,1938.750,1
13:21:50.53900,1938.750,1
13:21:52.07400,1938.750,1
13:21:52.84700,1939.000,1
13:21:53.71400,1938.750,1
13:21:53.90600,1939.000,1
13:21:55.33200,1938.750,1
13:21:56.28500,1938.750,2
13:21:57.01900,1938.750,1
13:21:58.50000,1938.750,1
13:22:01.55800,1939.000,2
13:22:01.87500,1939.000,2
13:22:02.58500,1938.750,1
13:22:03.55400,1938.750,1
13:22:05.15600,1939.000,1
13:22:05.28100,1938.750,1
13:22:06.85900,1938.750,1
13:22:07.17900,1938.750,1
13:22:08.60900,1938.750,1
13:22:09.22200,1938.750,1
13:22:09.49600,1939.000,1
13:22:10.92900,1938.750,1
13:22:12.17500,1938.750,1
13:22:14.02700,1938.750,1
13:22:14.60500,1939.000,233
13:22:15.82000,1938.750,133
13:22:16.13200,1938.750,1
13:22:17.25000,1938.500,1
13:22:18.82400,1938.500,1
13:22:20.21000,1938.500,1
13:22:20.38200,1938.750,2
13:22:21.52700,1938.500,16
13:22:22.86300,1938.500,1
13:22:24.39400,1938.500,1
13:22:25.82400,1938.500,1
13:22:27.21000,1938.500,1
13:22:28.04600,1938.750,1
13:22:28.71400,1938.500,139
13:22:29.55400,1938.500,1
13:22:30.21000,1938.250,1
13:22:30.60100,1938.500,48
13:22:31.45300,1938.750,76
13:22:33.48000,1938.750,6
13:22:34.90600,1938.750,60
13:22:36.61300,1938.500,1
13:22:37.55800,1938.750,2
13:22:38.87100,1938.750,1
13:22:40.72600,1938.750,4
13:22:41.34300,1938.750,1
13:22:41.79600,1938.750,1
13:22:42.42500,1938.750,1
13:22:44.26500,1938.750,1
13:22:44.89800,1939.000,137
13:22:45.15200,1939.000,1
13:22:45.23000,1939.000,19
13:22:45.33200,1939.000,5
13:22:46.07000,1938.750,1
13:22:47.75000,1938.750,1
13:22:49.47600,1938.750,1
13:22:50.03100,1938.750,129
13:22:51.01900,1938.750,1
13:22:52.34700,1939.000,1
13:22:52.48000,1939.000,1
13:22:52.78500,1938.750,1
13:22:53.40200,1938.750,1
13:22:54.60900,1938.750,1
13:22:55.44100,1939.000,14
13:22:56.17900,1939.000,4
13:22:56.35900,1938.750,1
13:22:56.62500,1939.000,1
13:22:57.10100,1939.000,1
13:22:58.03900,1938.750,1
13:22:59.90600,1938.750,1
13:23:03.33200,1938.750,2
13:23:04.05400,1938.750,62
13:23:04.09700,1938.750,1
13:23:04.21400,1939.000,1
13:23:05.21400,1938.750,1
13:23:06.20700,1938.750,44
13:23:06.69100,1938.750,32
13:23:06.95700,1938.750,1
13:23:08.46400,1938.750,2
13:23:08.67500,1938.750,1
13:23:10.05400,1938.750,1
13:23:10.55400,1938.750,13
13:23:11.03500,1938.750,43
13:23:11.39400,1938.750,1
13:23:11.77300,1938.750,1
13:23:12.44100,1938.750,42
13:23:12.54600,1938.750,2
13:23:13.38200,1938.500,1
13:23:13.58200,1938.500,1
13:23:13.82400,1938.750,1
13:23:15.19100,1938.500,1
13:23:15.73800,1938.750,1
13:23:16.77300,1938.500,1
13:23:17.12800,1938.500,1
13:23:18.51500,1938.500,1
13:23:19.59700,1938.750,11
13:23:21.14000,1938.500,1
13:23:24.58500,1938.750,10
13:23:31.71800,1938.750,114
13:23:31.78900,1938.750,4
13:23:33.37100,1938.750,10
13:23:34.13200,1938.750,16
13:23:34.25700,1938.750,6
13:23:34.46400,1938.750,6
13:23:35.78100,1938.750,17
13:23:35.88600,1938.750,1
13:23:36.82400,1938.750,1
13:23:41.70700,1938.500,315
13:23:49.59500,1938.500,158
13:23:49.59500,1938.750,227
13:23:50.07800,1938.750,66
13:23:52.58900,1938.500,1
13:23:53.24200,1938.750,51
13:23:56.67500,1939.000,163
13:23:56.72600,1939.000,1
13:24:03.28100,1938.750,165
13:24:03.74200,1938.750,26
13:24:03.95300,1938.750,10
13:24:04.46000,1938.750,4
13:24:11.01100,1938.750,47
13:24:11.96000,1939.000,1
13:24:13.94500,1938.750,1
13:24:24.14900,1939.000,13
13:24:24.14900,1938.750,42
13:24:24.14900,1938.750,14
13:24:24.14900,1938.500,1
13:24:24.14900,1938.750,2
13:24:24.14900,1938.750,377
13:24:24.14900,1939.000,1
13:24:25.03100,1939.000,2
13:24:25.51100,1939.000,1
13:24:27.14400,1939.000,4
13:24:27.72600,1938.750,1
13:24:28.19500,1939.000,1
13:24:29.15200,1939.000,66
13:24:30.44100,1939.000,1
13:24:33.60900,1939.000,30
13:24:33.85900,1939.000,56
13:24:34.25000,1939.000,10
13:24:34.42100,1939.000,5
13:24:35.44500,1939.000,62
13:24:35.75700,1939.000,1
13:24:35.91700,1939.000,1
13:24:36.74200,1938.750,94
13:24:37.10500,1938.500,10
13:24:41.63200,1938.750,10
13:24:44.71000,1938.750,5
13:24:46.29200,1938.750,1
13:24:47.03900,1938.750,1
13:24:47.80400,1938.750,2
13:24:51.48000,1938.750,1
13:24:55.39000,1938.750,1
13:24:55.91400,1938.500,2
13:24:56.58900,1938.500,1
13:24:58.60900,1938.750,65
13:24:58.62100,1938.750,14
13:24:58.92500,1938.750,1
13:25:07.29900,1939.000,7
13:25:07.29900,1939.000,2
13:25:07.29900,1938.750,8
13:25:07.94100,1939.000,1
13:25:08.85100,1939.000,1
13:25:12.64000,1939.000,381
13:25:12.68700,1939.000,1
13:25:14.42500,1939.000,114
13:25:14.55800,1939.000,35
13:25:14.58500,1939.000,11
13:25:14.64400,1939.000,2
13:25:14.92500,1939.000,13
13:25:15.57400,1939.000,1
13:25:16.93300,1939.000,1
13:25:17.55800,1939.000,130
13:25:21.74200,1939.000,1
13:25:22.41000,1939.000,2
13:25:23.92900,1939.250,12
13:25:24.44900,1939.250,165
13:25:24.45300,1939.250,9
13:25:24.45300,1939.250,35
13:25:24.90600,1939.250,15
13:25:25.86700,1939.250,1
13:25:27.00000,1939.250,1
13:25:27.26500,1939.250,1
13:25:28.00000,1939.250,1
13:25:29.09700,1939.000,8
13:25:29.26100,1939.000,2
13:25:29.80800,1939.250,1
13:25:33.21000,1939.250,2
13:25:35.25300,1939.000,122
13:25:35.31600,1939.000,27
13:25:35.42500,1939.000,22
13:25:35.77700,1939.000,14
13:25:36.00000,1939.000,3
13:25:36.34300,1938.750,2
13:25:39.52300,1938.750,1
13:25:41.60100,1939.000,5
13:25:49.68400,1939.000,6
13:25:49.68400,1939.000,2
13:25:49.68400,1938.750,1
13:25:51.71000,1939.000,1
13:25:52.50000,1938.750,158
13:25:52.51500,1938.750,10
13:25:52.88200,1938.750,27
13:25:53.58200,1939.000,1
13:25:58.71000,1939.000,1
13:25:59.03100,1939.000,1
13:26:01.94500,1939.000,184
13:26:03.35900,1938.750,1
13:26:03.50000,1939.000,3
13:26:04.08200,1938.750,113
13:26:05.64000,1938.750,3
13:26:06.20700,1938.750,20
13:26:09.97200,1939.000,2
13:26:16.18700,1939.000,1
13:26:17.74200,1938.750,91
13:26:27.06600,1939.000,10
13:26:27.65200,1939.000,1
13:26:28.48800,1938.750,2
13:26:29.77700,1938.750,170
13:26:29.77700,1938.750,5
13:26:29.77700,1938.750,31
13:26:29.80400,1938.750,43
13:26:29.81200,1938.750,2
13:26:29.89400,1938.750,2
13:26:30.00700,1938.750,9
13:26:30.33900,1939.000,1
13:26:31.27300,1938.750,1
13:26:34.61700,1939.000,101
13:26:34.72200,1938.750,1
13:26:42.67700,1938.750,6
13:26:42.67700,1938.750,1
13:26:42.67700,1938.750,89
13:26:42.67700,1939.000,3
13:26:42.67700,1939.000,98
13:26:44.67900,1939.000,46
13:26:44.71000,1939.000,3
13:26:44.76500,1939.000,1
13:26:45.00300,1939.000,44
13:26:45.21800,1939.000,17
13:26:45.41000,1939.000,1
13:26:48.15600,1939.000,1
13:26:53.25000,1938.750,2
13:26:54.25300,1938.750,123
13:26:54.51100,1938.750,5
13:26:54.79200,1938.750,14
13:26:55.15600,1938.750,1
13:26:56.44900,1938.750,29
13:26:58.51500,1938.750,3
13:27:01.80800,1938.750,16
13:27:01.91700,1938.750,1
13:27:03.27700,1939.000,10
13:27:04.33200,1938.750,30
13:27:04.58200,1939.000,1
13:27:05.03500,1938.750,21
13:27:05.60900,1938.750,1
13:27:06.46000,1938.750,2
13:27:06.67100,1938.750,5
13:27:12.57800,1938.750,143
13:27:15.89400,1938.750,1
13:27:16.86300,1938.750,2
13:27:19.40200,1938.750,76
13:27:19.41000,1938.750,45
13:27:19.55400,1938.750,13
13:27:20.45300,1938.750,9
13:27:20.70700,1938.750,2
13:27:22.21800,1939.000,1
13:27:22.51500,1938.750,1
13:27:23.03500,1938.750,1
13:27:23.64800,1939.000,2
13:27:24.14000,1939.000,114
13:27:32.72200,1939.000,27
13:27:34.42500,1939.000,5
13:27:35.73800,1939.000,1
13:27:37.55800,1939.000,6
13:27:39.42500,1939.000,5
13:27:41.53500,1938.750,16
13:27:42.00300,1939.000,156
13:27:43.72600,1939.000,5
13:27:52.00300,1939.000,10
13:27:53.05800,1938.750,2
13:27:56.48000,1939.000,116
13:27:59.36700,1939.000,24
13:28:00.09700,1939.000,69
13:28:00.35100,1939.000,7
13:28:01.80400,1939.000,4
13:28:02.76100,1939.250,3
13:28:04.32000,1939.250,4
13:28:04.52700,1939.250,1
13:28:05.07400,1939.000,3
13:28:05.40600,1939.000,94
13:28:06.07800,1939.000,38
13:28:06.70700,1939.250,1
13:28:07.32000,1939.250,1
13:28:09.18300,1939.250,2
13:28:10.30400,1939.000,94
13:28:10.39800,1939.250,10
13:28:13.13200,1939.000,1
13:28:14.18700,1939.000,6
13:28:15.18300,1939.000,17
13:28:16.02300,1939.000,68
13:28:16.24600,1939.000,67
13:28:17.93700,1939.000,26
13:28:18.26100,1939.000,5
13:28:19.81600,1939.000,3
13:28:29.60000,1939.000,7
13:28:32.40600,1939.000,1
13:28:33.88600,1939.000,1
13:28:36.44900,1939.000,1
13:28:37.66700,1939.000,3
13:28:38.42900,1939.250,1
13:28:39.32800,1939.250,2
13:28:41.51100,1939.000,8
13:28:41.54600,1939.000,134
13:28:42.91000,1939.000,1
13:28:45.91400,1939.000,1
13:28:47.61700,1939.250,4
13:28:51.46000,1939.250,1
13:28:56.25700,1939.250,1
13:28:57.28900,1938.750,61
13:28:57.35900,1939.000,2
13:28:58.20300,1939.000,16
13:28:58.67900,1939.000,1
13:28:59.60500,1939.000,1
13:29:00.30400,1939.000,5
13:29:04.07000,1939.250,1
13:29:06.35500,1939.250,1
13:29:11.06200,1939.000,15
13:29:16.29600,1939.250,457
13:29:22.29600,1939.000,161
13:29:22.41400,1939.000,26
13:29:23.07400,1939.000,13
13:29:23.79200,1939.000,11
13:29:24.23800,1939.000,1
13:29:24.60500,1939.000,4
13:29:25.35100,1939.000,46
13:29:26.49200,1939.250,10
13:29:27.45700,1939.250,3
13:29:27.58900,1939.250,3
13:29:27.87100,1939.000,5
13:29:30.75700,1939.250,3
13:29:30.95700,1939.250,1
13:29:31.65600,1939.000,102
13:29:33.34300,1939.000,24
13:29:35.00000,1938.750,2
13:29:37.91000,1938.750,1
13:29:38.71400,1938.750,1
13:29:40.49600,1938.750,185
13:29:41.11300,1938.750,1
13:29:41.56200,1938.750,7
13:29:42.33500,1938.750,13
13:29:48.82400,1938.750,1
13:29:51.08200,1938.750,1
13:29:52.07400,1938.750,1
13:29:54.54200,1938.750,1
13:29:57.45700,1938.750,1
13:30:00.22200,1939.000,4
13:30:00.27300,1939.000,2
13:30:00.83900,1939.000,30
13:30:08.63200,1939.000,1
13:30:10.50000,1939.000,89
13:30:10.55000,1939.000,41
13:30:11.00000,1939.000,23
13:30:11.55400,1939.000,49
13:30:14.17100,1939.000,1
13:30:16.84300,1939.000,1
13:30:17.52300,1939.250,300
13:30:17.56200,1939.250,41
13:30:17.64000,1939.250,2
13:30:17.92900,1939.250,22
13:30:18.37100,1939.250,2
13:30:18.56600,1939.500,44
13:30:18.71400,1939.500,4
13:30:18.75000,1939.500,3
13:30:19.90200,1939.250,1
13:30:20.17500,1939.500,1
13:30:20.56200,1939.500,1
13:30:21.31600,1939.250,2
13:30:21.45700,1939.500,5
13:30:21.59300,1939.500,1
13:30:21.82000,1939.250,5
13:30:22.80800,1939.500,1
13:30:23.94500,1939.500,1
13:30:24.55800,1939.250,20
13:30:24.90200,1939.500,7
13:30:25.68300,1939.500,3
13:30:26.23800,1939.500,101
13:30:27.85500,1939.500,186
13:30:28.52300,1939.500,1
13:30:29.32000,1939.500,123
13:30:29.39400,1939.500,26
13:30:29.45700,1939.500,2
13:30:30.09300,1939.500,8
13:30:33.02700,1939.500,1
13:30:33.42500,1939.750,22
13:30:33.45300,1939.750,1
13:30:33.92100,1939.500,94
13:30:34.64800,1939.500,1
13:30:36.12500,1939.750,1
13:30:36.31600,1939.500,137
13:30:36.57400,1939.750,8
13:30:36.89400,1939.500,67
13:30:37.26500,1939.750,1
13:30:37.41000,1939.500,2
13:30:37.74200,1939.750,33
13:30:38.57800,1939.500,1
13:30:38.79200,1939.750,2
13:30:38.93700,1939.500,13
13:30:41.44900,1939.500,2
13:30:41.92500,1939.500,68
13:30:42.22600,1939.500,1
13:30:42.49200,1939.500,1
13:30:44.41000,1939.500,1
13:30:44.73800,1939.250,102
13:30:45.24600,1939.250,5
13:30:46.10900,1939.500,2
13:30:47.61300,1939.500,1
13:30:49.63200,1939.500,1
13:30:49.85100,1939.500,90
13:30:49.96000,1939.500,62
13:30:50.02300,1939.500,2
13:30:51.85900,1939.500,1
13:30:52.57000,1939.500,129
13:30:52.80800,1939.750,1
13:30:53.85500,1939.500,1
13:30:57.87500,1939.500,1
13:30:59.26100,1939.750,5
13:31:00.78100,1939.750,1
13:31:02.31600,1939.500,6
13:31:03.02700,1939.750,1
13:31:03.42900,1939.750,1
13:31:04.08200,1939.750,1
13:31:04.64800,1939.500,1
13:31:05.30400,1939.500,2
13:31:05.50300,1939.500,2
13:31:06.86300,1939.750,1
13:31:07.51500,1939.750,2
13:31:15.47500,1939.500,9
13:31:15.47500,1939.500,1
13:31:15.47500,1939.750,1
13:31:15.47500,1939.750,1
13:31:15.47500,1939.500,1
13:31:15.47500,1939.750,2
13:31:15.47500,1939.500,2
13:31:15.47500,1939.500,8
13:31:15.47500,1939.750,1
13:31:15.47500,1939.750,1
13:31:15.47500,1939.750,263
13:31:15.47500,1939.750,45
13:31:15.47500,1939.750,3
13:31:15.47500,1939.750,2
13:31:15.91700,1940.000,828
13:31:16.09700,1940.500,426
13:31:16.12800,1940.250,603
13:31:16.19900,1940.500,5
13:31:16.44100,1940.250,1
13:31:16.64400,1940.500,1
13:31:16.94900,1940.500,12
13:31:17.36300,1940.500,1
13:31:17.72200,1940.500,21
13:31:17.76100,1940.500,2
13:31:17.87800,1940.500,2
13:31:17.97200,1940.500,10
13:31:18.48400,1940.500,40
13:31:18.62500,1940.500,40
13:31:18.78100,1940.250,26
13:31:19.01900,1940.500,63
13:31:19.08900,1940.500,1
13:31:19.57000,1940.250,2
13:31:20.06200,1940.250,8
13:31:20.89800,1940.500,3
13:31:21.19500,1940.250,1
13:31:22.21800,1940.500,7
13:31:22.42500,1940.250,10
13:31:23.48400,1940.500,1
13:31:24.03500,1940.500,2
13:31:24.43300,1940.500,5
13:31:24.75000,1940.500,3
13:31:24.96000,1940.250,31
13:31:25.20700,1940.500,1
13:31:25.28100,1940.500,1
13:31:25.45700,1940.250,2
13:31:25.87100,1940.250,1
13:31:26.51100,1940.250,1
13:31:26.82000,1940.250,6
13:31:27.67100,1940.500,1
13:31:28.19500,1940.000,362
13:31:28.46400,1940.250,1
13:31:28.78900,1940.250,102
13:31:28.79200,1940.250,157
13:31:28.94100,1940.250,1
13:31:29.43300,1940.500,1
13:31:29.47600,1940.500,3
13:31:29.53100,1940.250,1
13:31:30.44500,1940.500,1
13:31:30.79600,1940.500,1
13:31:31.49600,1940.500,1
13:31:31.61300,1940.500,1
13:31:32.05800,1940.500,1
13:31:32.15200,1940.500,1
13:31:32.70300,1940.500,1
13:31:33.48000,1940.500,9
13:31:35.05400,1940.500,6
13:31:35.22600,1940.250,2
13:31:35.60100,1940.500,1
13:31:35.61300,1940.500,1
13:31:36.35500,1940.250,1
13:31:36.77300,1940.500,1
13:31:37.94500,1940.500,6
13:31:38.93300,1940.500,1
13:31:39.21000,1940.500,1
13:31:40.22600,1940.500,3
13:31:40.39000,1940.500,1
13:31:40.67900,1940.250,12
13:31:41.06600,1940.250,2
13:31:42.33200,1940.500,1
13:31:43.26500,1940.250,262
13:31:44.58200,1940.250,1
13:31:45.78900,1940.000,231
13:31:45.87800,1939.750,2
13:31:46.19500,1940.000,1
13:31:46.73400,1940.000,200
13:31:46.89000,1940.000,4
13:31:47.36300,1940.000,3
13:31:48.27300,1940.000,1
13:31:49.04200,1940.000,51
13:31:49.34700,1940.000,6
13:31:49.48800,1940.000,5
13:31:50.12100,1940.000,2
13:31:50.41400,1939.750,6
13:31:50.48800,1940.000,5
13:31:58.12600,1939.750,8
13:31:58.12600,1940.000,7
13:31:58.12600,1940.000,138
13:31:58.12600,1940.000,5
13:31:58.12600,1940.000,11
13:31:58.12600,1940.000,36
13:31:58.12600,1939.750,1
13:31:58.12600,1939.750,1
13:31:58.12600,1940.000,11
13:31:58.25000,1940.000,102
13:31:58.25000,1940.000,45
13:31:59.48400,1940.000,4
13:31:59.77300,1940.250,3
13:31:59.82800,1940.000,1
13:32:02.46000,1940.000,206
13:32:02.59300,1940.000,110
13:32:02.69500,1940.000,92
13:32:02.71000,1940.000,2
13:32:02.85500,1940.000,15
13:32:03.42900,1940.000,10
13:32:03.63200,1940.000,2
13:32:05.32400,1939.750,5
13:32:07.41000,1939.750,1
13:32:08.90200,1939.750,1
13:32:09.33900,1939.750,1
13:32:09.50000,1940.000,2
13:32:10.29200,1940.000,1
13:32:10.66400,1940.000,20
13:32:11.49600,1939.750,1
13:32:12.11300,1940.000,111
13:32:12.20700,1940.000,58
13:32:12.44900,1940.250,1
13:32:12.56600,1940.250,42
13:32:12.80000,1940.000,26
13:32:13.58500,1940.000,79
13:32:14.03100,1940.000,1
13:32:14.68700,1940.250,1
13:32:15.42100,1940.250,1
13:32:16.28900,1940.000,1
13:32:16.69900,1940.250,1
13:32:18.56600,1940.250,1
13:32:18.67500,1940.000,3
13:32:26.50200,1940.000,5
13:32:26.50200,1940.250,1
13:32:26.50200,1940.250,190
13:32:26.50200,1940.250,24
13:32:26.50200,1940.000,5
13:32:26.50200,1940.000,1
13:32:26.50200,1940.000,6
13:32:26.78900,1940.000,3
13:32:27.23000,1940.000,1
13:32:28.30000,1940.250,3
13:32:29.47200,1940.250,1
13:32:30.19900,1940.250,3
13:32:32.29200,1940.000,1
13:32:34.48400,1940.000,308
13:32:34.62100,1940.000,49
13:32:37.75000,1939.750,2
13:32:38.50300,1940.000,2
13:32:43.59300,1939.750,2
13:32:45.40200,1939.750,1
13:32:54.98800,1939.750,6
13:32:54.98800,1940.000,1
13:32:54.98800,1940.000,1
13:32:58.27300,1940.000,157
13:32:58.35500,1940.000,1
13:33:00.83900,1939.750,658
13:33:01.05000,1939.750,24
13:33:03.73800,1939.750,1
13:33:03.86700,1939.500,2
13:33:04.03500,1939.500,2
13:33:04.47600,1939.500,1
13:33:06.42500,1939.500,1
13:33:07.30400,1939.500,343
13:33:07.50000,1939.500,1
13:33:07.70700,1939.500,1
13:33:08.38600,1939.500,47
13:33:09.11700,1939.500,31
13:33:09.37500,1939.500,1
13:33:13.41400,1939.500,1
13:33:14.23800,1939.500,2
13:33:14.67100,1939.500,1
13:33:18.29600,1939.750,2
13:33:19.37800,1939.750,1
13:33:21.04600,1939.750,157
13:33:23.70300,1940.000,265
13:33:24.42100,1940.000,3
13:33:24.64800,1940.000,14
13:33:24.78100,1940.000,71
13:33:25.10900,1940.000,1
13:33:26.02300,1940.000,1
13:33:26.86300,1940.000,112
13:33:27.29200,1940.000,9
13:33:27.76500,1940.000,74
13:33:28.19900,1940.000,3
13:33:28.60500,1940.000,2
13:33:29.05800,1940.250,10
13:33:30.46800,1940.000,43
13:33:30.82800,1940.000,1
13:33:31.87500,1940.000,20
13:33:36.29200,1940.000,1
13:33:36.37800,1940.250,18
13:33:37.56600,1940.000,1
13:33:38.10100,1940.250,71
13:33:39.41400,1940.250,1
13:33:39.84700,1940.250,1
13:33:40.56600,1940.250,2
13:33:40.68300,1940.250,8
13:33:44.91700,1940.250,28
13:33:45.16400,1940.250,17
13:33:45.45300,1940.250,1
13:33:46.30400,1940.500,7
13:33:46.63200,1940.250,1
13:33:47.57800,1940.250,1
13:33:48.51900,1940.250,1
13:33:50.26900,1940.500,1
13:33:50.43700,1940.250,1
13:33:51.76100,1940.250,163
13:33:53.25700,1940.250,1
13:33:53.62500,1940.250,3
13:33:54.09300,1940.250,20
13:33:56.58500,1940.250,1
13:33:56.84300,1940.250,90
13:33:59.08500,1940.250,1
13:33:59.28500,1940.250,1
13:34:00.50700,1940.000,19
13:34:07.62500,1940.500,193
13:34:08.39000,1940.250,1
13:34:09.32400,1940.250,1
13:34:09.55000,1940.250,1
13:34:09.80400,1940.250,2
13:34:10.42900,1940.500,2
13:34:10.81600,1940.250,1
13:34:11.03500,1940.500,8
13:34:11.60100,1940.500,1
13:34:11.81200,1940.500,181
13:34:11.95300,1940.500,28
13:34:12.09300,1940.500,12
13:34:12.53500,1940.500,14
13:34:15.00300,1940.750,5
13:34:15.15600,1940.750,1
13:34:16.35100,1940.500,1
13:34:16.58200,1940.750,2
13:34:16.75700,1940.500,1
13:34:18.21800,1940.500,1
13:34:18.96000,1940.500,209
13:34:19.34300,1940.500,1
13:34:19.65200,1940.500,5
13:34:21.15600,1940.250,3
13:34:22.12100,1940.250,1
13:34:23.70700,1940.250,3
13:34:28.58200,1940.250,311
13:34:28.67900,1940.250,1
13:34:29.05800,1940.250,86
13:34:29.34300,1940.250,6
13:34:29.71000,1940.250,1
13:34:30.81600,1940.500,2
13:34:31.12500,1940.250,2
13:34:31.28500,1940.250,71
13:34:31.48800,1940.250,5
13:34:31.89000,1940.250,1
13:34:32.41400,1940.250,1
13:34:39.24200,1940.250,74
13:34:39.25300,1940.250,14
13:34:39.34300,1940.250,1
13:34:39.91400,1940.250,1
13:34:40.03900,1940.250,18
13:34:40.15200,1940.250,2
13:34:41.30000,1940.250,2
13:34:41.82000,1940.000,1
13:34:41.97200,1940.000,1
13:34:43.23400,1940.000,1
13:34:43.96400,1940.250,6
13:34:45.78100,1940.000,2
13:34:49.12500,1940.000,1
13:34:49.51500,1940.000,1
13:34:49.81200,1940.000,1
13:34:51.96800,1940.250,2
13:34:54.26500,1940.250,1
13:34:56.04200,1940.000,1
13:34:57.28500,1940.000,123
13:34:57.44900,1940.000,1
13:34:58.26500,1940.000,1
13:34:58.40600,1940.000,42
13:34:58.46800,1940.000,1
13:34:59.83900,1940.000,10
13:35:00.47200,1939.750,28
13:35:01.47200,1940.000,39
13:35:01.75000,1940.000,1
13:35:02.82400,1940.000,25
13:35:04.09700,1940.000,74
13:35:05.06200,1939.750,1
13:35:05.21800,1940.000,1
13:35:06.00000,1940.000,45
13:35:06.05400,1940.000,2
13:35:07.63600,1940.000,40
13:35:09.02300,1940.000,338
13:35:10.01500,1940.000,2
13:35:11.26900,1940.000,1
13:35:12.13600,1940.250,146
13:35:12.86700,1940.250,96
13:35:13.08200,1940.250,1
13:35:13.34300,1940.000,2
13:35:13.54600,1940.000,1
13:35:16.19500,1940.250,107
13:35:16.62500,1940.250,18
13:35:18.09300,1940.250,33
13:35:19.56200,1940.000,2
13:35:28.12500,1940.000,1
13:35:28.54200,1940.000,153
13:35:28.67100,1940.250,1
13:35:28.80400,1940.000,23
13:35:30.72200,1940.000,12
13:35:30.89800,1940.000,35
13:35:31.42500,1940.000,15
13:35:32.07000,1939.750,1
13:35:33.50700,1940.000,2
13:35:40.33500,1940.000,10
13:35:44.14800,1940.000,2
13:35:44.33200,1940.000,180
13:35:46.00700,1940.000,1
13:35:46.20300,1940.000,20
13:35:46.51900,1939.750,1
13:35:47.43700,1939.750,3
13:35:50.12500,1940.000,2
13:35:51.41700,1939.750,1
13:35:52.49600,1940.000,1
13:35:53.12100,1940.000,62
13:35:55.04600,1940.000,5
13:35:55.37500,1940.000,37
13:35:56.12800,1940.000,6
13:35:57.14000,1940.000,27
13:35:58.21000,1940.000,9
13:36:00.02700,1940.000,13
13:36:02.49200,1940.000,24
13:36:04.95300,1940.250,1
13:36:06.01900,1940.250,156
13:36:06.05000,1940.250,83
13:36:06.28500,1940.250,42
13:36:06.50700,1940.250,25
13:36:08.32000,1940.250,1
13:36:09.04600,1940.250,3
13:36:10.58900,1940.250,12
13:36:12.05400,1940.500,1
13:36:13.12100,1940.500,1
13:36:15.31200,1940.250,1
13:36:18.22600,1940.500,190
13:36:18.32800,1940.500,3
13:36:18.66700,1940.500,3
13:36:19.25700,1940.500,28
13:36:20.61300,1940.250,3
13:36:22.16700,1940.500,58
13:36:22.66000,1940.500,5
13:36:23.07800,1940.500,21
13:36:23.14000,1940.500,152
13:36:25.28100,1940.500,21
13:36:25.66700,1940.500,1
13:36:25.88200,1940.750,14
13:36:26.83900,1940.750,2
13:36:27.76100,1940.500,1
13:36:27.91000,1940.750,1
13:36:28.46800,1940.500,2
13:36:29.05800,1940.750,1
13:36:29.23800,1940.500,50
13:36:29.64400,1940.750,2
13:36:31.88600,1940.500,1
13:36:32.07800,1940.750,1
13:36:32.69100,1940.500,1
13:36:33.44100,1940.500,7
13:36:34.63200,1940.750,14
13:36:35.13600,1940.500,2
13:36:35.48400,1940.500,1
13:36:36.26900,1940.750,1
13:36:36.40200,1940.750,6
13:36:37.83500,1940.750,25
13:36:38.68700,1940.750,1
13:36:41.48800,1940.750,233
13:36:41.62100,1940.750,30
13:36:42.19100,1940.750,43
13:36:42.30000,1940.750,3
13:36:43.20300,1940.750,1
13:36:43.74600,1940.750,8
13:36:44.27700,1940.750,4
13:36:44.96800,1940.750,1
13:36:45.10100,1940.750,4
13:36:45.24600,1940.750,5
13:36:45.57400,1940.750,29
13:36:45.75300,1940.750,2
13:36:45.82000,1940.750,1
13:36:46.29600,1941.000,38
13:36:46.45700,1940.750,1
13:36:46.72600,1941.000,1
13:36:47.30400,1940.750,149
13:36:47.89800,1940.750,22
13:36:48.24600,1940.750,46
13:36:48.35900,1940.750,20
13:36:48.69900,1940.750,1
13:36:50.27700,1940.750,75
13:36:50.29200,1940.750,1
13:36:50.70300,1940.750,5
13:36:50.87100,1940.750,10
13:36:51.30800,1940.750,68
13:36:51.90200,1940.750,2
13:36:52.21800,1941.000,309
13:36:52.27300,1941.000,179
13:36:52.34300,1941.000,8
13:36:53.85100,1941.250,25
13:36:53.93300,1941.250,1
13:36:54.06600,1941.250,4
13:36:54.24600,1941.000,1
13:36:54.52700,1941.000,1
13:36:55.28900,1941.250,2
13:36:55.51900,1941.250,101
13:36:56.36300,1941.250,40
13:36:56.42900,1941.000,26
13:36:57.05000,1941.250,10
13:36:58.61700,1941.250,1
13:36:58.80800,1941.250,2
13:36:59.36700,1941.250,2
13:36:59.83500,1941.000,3
13:37:00.15200,1941.250,264
13:37:00.31200,1941.250,18
13:37:00.43700,1941.000,2
13:37:00.53100,1941.250,1
13:37:00.60500,1941.250,14
13:37:00.74600,1941.250,50
13:37:00.80800,1941.000,1
13:37:01.01500,1941.500,85
13:37:01.06600,1941.500,4
13:37:01.13600,1941.500,3
13:37:01.31200,1941.500,2
13:37:01.61300,1941.500,6
13:37:01.66000,1941.500,2
13:37:01.77300,1941.250,21
13:37:01.95300,1941.250,1
13:37:02.30000,1941.500,1
13:37:02.62100,1941.500,1
13:37:03.02700,1941.500,2
13:37:03.67500,1941.250,82
13:37:03.71400,1941.250,140
13:37:03.91000,1941.500,10
13:37:04.14800,1941.250,22
13:37:04.33200,1941.250,3
13:37:04.51900,1941.500,11
13:37:04.70700,1941.500,11
13:37:04.81600,1941.250,25
13:37:04.92500,1941.250,1
13:37:05.03100,1941.500,1
13:37:05.16700,1941.500,11
13:37:05.28100,1941.250,1
13:37:05.59700,1941.500,2
13:37:05.67100,1941.500,2
13:37:06.95700,1941.250,44
13:37:07.12800,1941.500,1
13:37:07.22600,1941.500,4
13:37:07.62500,1941.250,1
13:37:07.79600,1941.250,15
13:37:07.87800,1941.500,1
13:37:08.16000,1941.500,3
13:37:16.58500,1941.500,6
13:37:16.58500,1941.500,241
13:37:16.58500,1941.250,1
13:37:16.58500,1941.500,22
13:37:16.58500,1941.250,1
13:37:16.58500,1941.250,126
13:37:16.58500,1941.250,1
13:37:16.58500,1941.500,5
13:37:16.58500,1941.500,8
13:37:16.58500,1941.250,206
13:37:16.58500,1941.500,9
13:37:16.58500,1941.500,3
13:37:16.58500,1941.500,109
13:37:16.58500,1941.250,1
13:37:16.58500,1941.500,75
13:37:16.58500,1941.500,5
13:37:16.58500,1941.500,117
13:37:16.58500,1941.500,51
13:37:16.58500,1941.500,16
13:37:16.58500,1941.500,25
13:37:16.58500,1941.500,1
13:37:16.89400,1941.500,7
13:37:17.12800,1941.500,36
13:37:17.19500,1941.750,162
13:37:17.28100,1941.750,8
13:37:17.37500,1941.500,9
13:37:17.62100,1941.500,29
13:37:17.71800,1941.500,2
13:37:18.06200,1941.500,4
13:37:18.12800,1941.500,3
13:37:18.35900,1941.500,32
13:37:18.56600,1941.500,242
13:37:18.66400,1941.750,96
13:37:19.07400,1941.750,1
13:37:19.30400,1941.750,7
13:37:19.41400,1941.750,77
13:37:19.54600,1942.000,125
13:37:19.55000,1942.500,1303
13:37:19.55000,1942.500,6
13:37:19.56600,1942.500,30
13:37:19.56600,1942.500,10
13:37:19.56600,1942.500,16
13:37:19.57000,1942.500,34
13:37:19.57000,1942.500,22
13:37:19.59300,1942.500,377
13:37:19.65600,1942.500,35
13:37:19.96000,1942.250,85
13:37:20.07400,1942.250,9
13:37:20.25000,1942.250,3
13:37:20.28500,1942.250,1
13:37:20.68700,1942.500,407
13:37:20.78500,1942.250,10
13:37:21.05800,1942.250,72
13:37:21.26100,1942.250,2
13:37:21.57400,1942.500,2
13:37:21.97200,1942.250,255
13:37:22.25000,1942.000,58
13:37:22.79200,1942.000,310
13:37:22.82800,1942.000,116
13:37:23.01100,1942.000,1
13:37:23.16000,1942.000,1
13:37:23.75000,1942.000,2
13:37:23.81600,1941.750,1
13:37:24.00300,1942.000,2
13:37:24.09700,1941.750,1
13:37:24.74200,1941.750,53
13:37:25.07400,1942.000,4
13:37:25.21000,1941.750,1
13:37:25.37500,1942.000,3
13:37:25.67900,1941.750,4
13:37:25.82400,1942.000,6
13:37:25.91000,1942.000,1
13:37:26.06600,1942.000,1
13:37:33.57300,1942.000,6
13:37:33.57300,1941.750,1
13:37:33.57300,1942.000,21
13:37:33.57300,1941.750,2
13:37:33.57300,1941.750,1
13:37:33.57300,1941.750,1
13:37:33.57300,1941.750,3
13:37:33.57300,1941.750,1
13:37:33.57300,1942.000,2
13:37:33.57300,1942.000,1
13:37:33.57300,1941.750,11
13:37:33.57300,1941.750,10
13:37:33.57300,1942.000,1
13:37:33.57300,1942.000,5
13:37:33.57300,1942.000,118
13:37:33.57300,1941.750,2
13:37:33.57300,1942.000,25
13:37:33.57300,1941.750,1
13:37:33.57300,1942.000,10
13:37:33.57300,1941.750,1
13:37:33.57300,1941.750,15
13:37:33.57300,1942.000,1
13:37:33.57300,1942.000,1
13:37:33.57400,1942.000,8
13:37:33.89400,1941.750,3
13:37:33.96400,1941.750,2
13:37:34.84300,1941.750,1
13:37:35.02700,1941.750,1
13:37:35.61700,1942.000,86
13:37:35.62800,1942.000,82
13:37:36.06600,1941.750,2
13:37:37.03100,1942.000,3
13:37:37.36300,1942.000,224
13:37:37.42900,1942.000,2
13:37:37.80400,1942.000,1
13:37:38.33500,1942.000,8
13:37:39.61700,1942.000,51
13:37:40.00000,1941.750,8
13:37:40.71800,1941.750,37
13:37:41.51500,1941.750,141
13:37:41.52700,1941.750,95
13:37:41.86300,1941.750,3
13:37:42.05800,1941.750,1
13:37:42.93700,1941.750,32
13:37:43.38600,1941.750,133
13:37:43.64400,1941.750,2
13:37:43.81600,1941.750,58
13:37:44.01900,1941.750,1
13:37:44.81600,1941.750,5
13:37:45.41400,1941.750,7
13:37:46.01500,1941.500,1
13:37:46.26100,1941.750,25
13:37:46.31200,1941.500,2
13:37:46.62500,1941.750,5
13:37:46.97200,1941.500,1
13:37:47.18700,1941.500,2
13:37:47.27300,1941.750,2
13:37:54.83600,1941.500,6
13:37:54.83600,1941.500,1
13:37:54.83600,1941.500,4
13:37:54.83600,1941.500,104
13:37:54.83600,1941.500,2
13:37:54.83600,1941.750,1
13:37:54.83600,1941.750,2
13:37:54.83600,1941.750,3
13:37:54.83600,1941.500,6
13:37:54.83600,1941.500,2
13:37:54.83600,1941.750,1
13:37:54.83600,1941.750,100
13:37:55.54600,1941.750,1
13:37:56.00000,1941.750,1
13:37:56.88200,1941.750,9
13:37:57.05400,1941.500,5
13:37:58.73800,1941.500,5
13:37:59.01500,1941.750,2
13:37:59.21000,1941.500,5
13:37:59.38600,1941.750,1
13:37:59.62500,1941.500,3
13:38:00.77300,1941.750,126
13:38:01.13600,1941.750,4
13:38:02.03100,1941.750,83
13:38:02.08500,1941.750,59
13:38:02.17500,1941.750,11
13:38:02.32800,1941.500,22
13:38:02.57000,1941.750,20
13:38:03.26100,1941.750,3
13:38:04.03500,1941.750,1
13:38:04.30400,1941.750,1
13:38:11.85500,1941.750,7
13:38:11.85500,1941.500,1
13:38:11.85500,1941.500,1
13:38:11.85500,1941.750,190
13:38:11.85500,1941.750,40
13:38:11.85500,1941.500,2
13:38:11.85500,1941.750,77
13:38:11.85500,1941.750,6
13:38:11.85500,1941.750,5
13:38:11.85500,1942.000,54
13:38:11.85500,1942.000,6
13:38:11.85500,1942.000,56
13:38:11.85500,1942.000,119
13:38:11.85500,1942.250,3
13:38:11.85500,1942.000,9
13:38:11.85500,1942.000,1
13:38:11.85500,1942.250,2
13:38:11.85500,1942.000,3
13:38:11.85500,1942.250,2
13:38:11.85500,1942.000,8
13:38:11.85500,1942.250,2
13:38:11.85500,1942.250,1
13:38:11.85500,1942.000,1
13:38:11.85500,1942.000,1
13:38:11.86300,1942.000,3
13:38:12.83900,1942.000,2
13:38:12.90200,1942.000,1
13:38:13.38600,1942.250,147
13:38:13.39800,1942.250,239
13:38:13.58500,1942.250,8
13:38:13.74600,1942.250,1
13:38:13.94900,1942.250,2
13:38:15.09300,1942.000,2
13:38:15.21800,1942.000,1
13:38:15.42900,1942.250,1
13:38:15.78900,1942.000,151
13:38:16.04600,1942.250,1
13:38:16.32000,1942.250,100
13:38:16.55000,1942.000,5
13:38:17.83200,1942.250,52
13:38:18.49600,1942.250,8
13:38:19.38600,1942.000,2
13:38:19.78900,1942.000,1
13:38:20.04600,1942.000,1
13:38:20.55000,1942.250,26
13:38:20.92500,1942.250,59
13:38:21.26100,1942.250,9
13:38:22.01900,1942.250,15
13:38:22.37100,1942.250,1
13:38:22.54600,1942.500,3
13:38:22.72600,1942.250,4
13:38:23.10900,1942.250,4
13:38:23.52300,1942.250,6
13:38:24.44500,1942.500,8
13:38:24.64400,1942.500,7
13:38:25.09300,1942.500,1
13:38:25.73000,1942.250,10
13:38:25.85100,1942.250,1
13:38:25.91000,1942.250,10
13:38:26.20300,1942.500,2
13:38:26.33900,1942.500,1
13:38:26.42900,1942.500,25
13:38:26.87800,1942.500,1
13:38:27.35500,1942.500,2
13:38:27.71400,1942.500,10
13:38:28.00000,1942.500,1
13:38:28.64400,1942.500,8
13:38:28.72600,1942.250,1
13:38:28.92900,1942.250,20
13:38:29.08500,1942.500,50
13:38:29.23400,1942.500,147
13:38:29.32800,1942.500,3
13:38:29.50000,1942.750,7
13:38:29.51500,1942.500,9
13:38:29.69500,1942.750,9
13:38:29.76500,1942.500,1
13:38:37.36100,1942.750,7
13:38:37.36100,1942.500,3
13:38:37.36100,1942.750,1
13:38:37.36100,1942.750,8
13:38:37.36100,1942.750,1
13:38:37.36100,1942.500,1
13:38:37.36100,1942.500,2
13:38:37.36100,1942.500,1
13:38:37.36100,1942.750,4
13:38:37.36100,1942.750,1
13:38:37.36100,1942.750,6
13:38:37.36100,1942.500,2
13:38:37.36100,1942.750,1
13:38:37.36100,1942.750,6
13:38:37.36100,1942.500,1
13:38:37.36100,1942.750,554
13:38:37.36100,1942.750,28
13:38:37.36100,1942.750,1
13:38:37.36100,1942.500,110
13:38:37.36100,1942.750,1
13:38:37.36100,1942.750,251
13:38:37.36100,1942.500,3
13:38:37.36100,1942.500,1
13:38:37.36100,1942.750,2
13:38:37.36100,1942.750,1
13:38:37.44500,1942.750,3
13:38:37.51500,1942.500,2
13:38:37.76100,1942.750,2
13:38:38.16400,1942.750,4
13:38:38.49600,1942.750,5
13:38:38.89400,1942.750,1
13:38:38.96000,1942.500,20
13:38:39.26500,1942.500,1
13:38:39.74200,1942.750,1
13:38:39.80000,1942.500,1
13:38:40.89000,1942.500,25
13:38:41.21400,1942.500,247
13:38:41.25700,1942.500,9
13:38:41.60100,1942.500,7
13:38:42.28100,1942.500,1
13:38:43.00300,1942.500,121
13:38:43.05400,1942.250,7
13:38:43.05800,1942.500,24
13:38:43.22600,1942.250,1
13:38:43.84300,1942.500,2
13:38:44.16000,1942.500,2
13:38:44.34300,1942.500,64
13:38:44.44100,1942.500,50
13:38:44.53500,1942.500,1
13:38:45.25000,1942.500,1
13:38:45.50300,1942.500,164
13:38:45.57400,1942.500,22
13:38:45.67500,1942.500,35
13:38:45.89400,1942.500,30
13:38:46.26900,1942.500,82
13:38:46.50300,1942.500,23
13:38:47.07800,1942.500,1
13:38:47.80000,1942.500,7
13:38:47.89400,1942.500,47
13:38:48.26900,1942.250,31
13:38:50.06600,1942.500,11
13:38:50.67900,1942.500,1
13:38:52.71000,1942.500,1
13:38:53.55400,1942.250,101
13:38:55.34700,1942.500,2
13:39:02.88300,1942.250,7
13:39:02.88300,1942.250,1
13:39:02.88300,1942.250,1
13:39:02.88300,1942.250,1
13:39:02.88300,1942.500,1
13:39:02.88300,1942.250,255
13:39:02.88300,1942.250,21
13:39:02.88300,1942.250,37
13:39:02.88300,1942.250,10
13:39:02.88300,1942.250,4
13:39:02.88300,1942.500,1
13:39:02.88300,1942.500,2
13:39:02.88300,1942.250,1
13:39:02.88300,1942.250,2
13:39:02.88300,1942.250,1
13:39:02.88300,1942.500,1
13:39:03.00700,1942.250,1
13:39:03.30800,1942.500,1
13:39:04.69100,1942.500,2
13:39:04.85900,1942.250,6
13:39:05.30400,1942.250,2
13:39:05.74600,1942.500,1
13:39:06.35100,1942.250,1
13:39:06.86700,1942.250,108
13:39:07.00700,1942.250,1
13:39:07.67500,1942.250,10
13:39:08.73000,1942.250,30
13:39:09.01100,1942.250,1
13:39:09.25300,1942.250,1
13:39:10.01500,1942.500,2
13:39:10.25000,1942.250,6
13:39:10.30800,1942.250,2
13:39:10.39000,1942.250,1
13:39:10.67100,1942.250,1
13:39:11.06600,1942.500,1
13:39:11.19500,1942.250,21
13:39:11.28500,1942.250,5
13:39:11.80800,1942.250,40
13:39:11.96400,1942.250,30
13:39:12.10900,1942.000,7
13:39:12.23400,1942.000,1
13:39:12.54200,1942.250,48
13:39:12.82800,1942.250,6
13:39:13.32000,1942.250,2
13:39:15.04200,1942.250,1
13:39:16.17900,1942.250,2
13:39:16.48800,1942.250,1
13:39:16.77700,1942.250,2
13:39:16.80000,1942.250,2
13:39:17.50300,1942.250,8
13:39:25.16000,1942.250,6
13:39:25.16000,1942.500,1
13:39:25.16000,1942.500,1
13:39:25.16000,1942.250,1
13:39:25.16000,1942.500,198
13:39:25.16000,1942.500,9
13:39:25.16000,1942.500,5
13:39:25.16000,1942.500,37
13:39:25.16000,1942.500,44
13:39:25.16000,1942.500,23
13:39:25.16000,1942.500,8
13:39:25.16000,1942.500,45
13:39:25.16000,1942.500,1
13:39:25.16000,1942.500,1
13:39:25.16000,1942.250,6
13:39:25.16000,1942.500,6
13:39:25.16000,1942.500,60
13:39:25.16000,1942.250,5
13:39:25.16000,1942.500,2
13:39:25.16700,1942.500,1
13:39:25.49600,1942.250,1
13:39:25.66000,1942.500,1
13:39:26.43700,1942.500,2
13:39:26.75700,1942.500,4
13:39:27.96400,1942.500,1
13:39:28.27700,1942.500,1
13:39:28.71000,1942.500,23
13:39:31.94500,1942.750,5
13:39:32.62100,1942.750,4
13:39:33.56600,1942.500,1
13:39:33.66400,1942.500,1
13:39:34.44900,1942.750,2
13:39:38.30000,1942.500,5
13:39:39.05000,1942.500,2
13:39:39.35900,1942.750,98
13:39:39.71800,1942.750,150
13:39:47.74900,1942.750,7
13:39:47.74900,1942.750,148
13:39:47.74900,1943.000,33
13:39:47.74900,1943.000,44
13:39:47.74900,1943.000,17
13:39:47.74900,1943.000,1
13:39:47.74900,1942.750,1
13:39:47.74900,1943.000,8
13:39:47.74900,1942.750,71
13:39:47.74900,1942.500,2
13:39:47.74900,1942.750,1
13:39:47.74900,1942.750,33
13:39:47.74900,1942.750,72
13:39:47.74900,1942.750,15
13:39:47.74900,1942.750,2
13:39:47.74900,1942.500,1
13:39:47.74900,1942.750,16
13:39:47.74900,1942.750,1
13:39:47.74900,1942.750,1
13:39:47.74900,1942.750,3
13:39:47.74900,1942.750,5
13:39:48.13200,1942.500,3
13:39:48.33500,1942.750,27
13:39:49.10500,1942.750,15
13:39:49.29600,1942.750,7
13:39:49.34700,1942.750,1
13:39:49.60100,1943.000,2
13:39:50.04600,1942.750,82
13:39:50.58900,1942.750,1
13:39:51.07000,1942.750,1
13:39:52.38200,1942.500,3
13:39:52.70700,1942.750,1
13:39:53.35100,1942.750,65
13:39:53.45700,1942.750,35
13:39:53.56200,1942.750,7
13:39:53.64000,1942.750,24
13:39:53.79600,1942.500,1
13:39:54.01500,1942.750,35
13:39:54.10500,1942.500,3
13:39:54.43700,1942.750,5
13:39:54.74600,1942.750,1
13:39:55.54200,1942.750,53
13:39:55.71000,1942.750,1
13:39:55.77300,1942.750,1
13:39:56.74600,1943.000,3
13:39:57.04600,1942.750,2
13:39:57.64400,1943.000,1
13:39:57.75000,1942.750,138
13:39:57.93700,1942.750,7
13:39:58.63200,1942.500,5
13:39:58.92500,1942.750,3
13:39:59.75000,1942.750,112
13:39:59.79600,1942.750,80
13:40:00.51100,1942.500,9
13:40:00.66000,1943.000,97
13:40:00.72600,1943.000,3
13:40:01.10900,1942.750,3
13:40:01.38200,1942.750,62
13:40:01.76500,1942.750,2
13:40:02.03500,1942.500,4
13:40:02.92500,1942.750,1
13:40:03.12100,1942.750,50
13:40:03.46400,1942.750,36
13:40:04.25300,1942.750,13
13:40:05.30000,1942.500,1
13:40:05.70700,1942.750,12
13:40:06.33500,1942.500,1
13:40:06.71800,1942.750,1
13:40:06.91000,1942.750,42
13:40:07.23800,1942.750,1
13:40:14.84600,1943.000,19
13:40:14.84600,1942.750,117
13:40:14.84600,1943.000,3
13:40:14.84600,1942.750,1
13:40:14.84600,1943.000,25
13:40:14.84600,1942.750,2
13:40:14.84600,1943.000,1
13:40:14.84600,1943.000,5
13:40:14.84600,1943.000,100
13:40:14.84600,1942.750,2
13:40:14.84600,1943.000,3
13:40:14.84600,1943.000,118
13:40:14.84600,1943.000,30
13:40:14.84600,1943.000,3
13:40:14.84600,1942.750,2
13:40:14.84600,1942.750,1
13:40:14.84600,1942.750,1
13:40:14.84600,1943.000,1
13:40:15.66700,1942.750,156
13:40:15.90200,1942.750,24
13:40:16.38200,1942.750,3
13:40:16.87800,1942.750,62
13:40:17.00700,1942.750,10
13:40:17.21000,1942.750,2
13:40:17.64400,1943.000,1
13:40:18.31600,1942.750,2
13:40:18.46400,1942.750,1
13:40:19.08500,1942.750,1
13:40:19.19500,1942.750,3
13:40:19.95300,1942.750,1
13:40:20.34300,1942.750,3
13:40:21.17900,1942.750,2
13:40:21.45300,1942.750,2
13:40:22.05400,1942.750,1
13:40:22.25000,1943.000,4
13:40:22.70300,1942.750,1
13:40:22.89800,1943.000,1
13:40:23.31600,1943.000,443
13:40:23.35100,1943.000,251
13:40:23.45700,1943.000,6
13:40:23.55800,1943.000,10
13:40:24.14000,1943.000,3
13:40:24.28100,1943.000,4
13:40:24.40600,1943.000,4
13:40:24.73400,1942.750,2
13:40:25.14800,1942.750,4
13:40:25.43300,1942.750,218
13:40:25.54200,1942.750,7
13:40:26.38200,1942.750,7
13:40:26.61300,1942.750,8
13:40:27.49200,1942.750,1
13:40:27.71800,1942.750,1
13:40:28.44100,1942.750,1
13:40:29.05400,1942.750,1
13:40:30.76500,1942.750,1
13:40:30.88600,1942.500,1
13:40:31.11300,1942.750,3
13:40:32.34700,1942.500,1
13:40:32.76100,1942.500,1
13:40:33.23000,1942.500,2
13:40:33.51500,1942.750,1
13:40:34.22200,1942.500,4
13:40:42.00600,1942.500,25
13:40:42.00600,1942.500,1
13:40:42.00600,1942.750,1
13:40:42.00600,1942.500,2
13:40:42.00600,1942.500,1
13:40:42.00600,1942.500,1
13:40:42.00600,1942.500,1
13:40:42.00600,1942.500,117
13:40:42.00600,1942.750,3
13:40:42.00600,1942.500,1
13:40:42.00600,1942.750,2
13:40:42.00600,1942.750,1
13:40:42.00600,1942.500,1
13:40:42.00600,1942.500,1
13:40:42.00600,1942.750,4
13:40:42.00600,1942.500,4
13:40:42.01500,1942.500,11
13:40:45.84300,1942.750,1
13:40:48.07800,1942.500,1
13:40:49.38600,1942.750,1
13:40:52.50700,1942.750,1
13:40:52.58200,1942.750,17
13:40:52.62800,1942.500,1
13:40:52.95700,1942.750,1
13:40:53.44900,1942.500,2
13:40:54.85100,1942.500,4
13:40:55.44900,1942.500,45
13:40:55.53500,1942.500,65
13:40:55.83500,1942.500,2
13:40:56.30800,1942.500,5
13:40:57.15600,1942.500,279
13:41:04.59500,1942.250,8
13:41:04.59500,1942.250,1
13:41:04.59500,1942.250,8
13:41:04.59500,1942.250,6
13:41:04.59500,1942.500,32
13:41:04.59500,1942.250,10
13:41:04.59500,1942.250,1
13:41:04.59500,1942.250,1
13:41:04.97200,1942.500,210
13:41:05.07800,1942.500,26
13:41:05.25000,1942.500,22
13:41:05.35100,1942.500,22
13:41:05.46800,1942.500,3
13:41:06.79200,1942.500,4
13:41:06.96000,1942.500,1
13:41:07.72200,1942.500,1
13:41:07.85100,1942.500,113
13:41:08.80400,1942.500,12
13:41:09.46400,1942.500,75
13:41:09.51100,1942.500,1
13:41:10.27300,1942.500,1
13:41:11.12800,1942.500,2
13:41:12.96800,1942.500,1
13:41:13.48400,1942.500,63
13:41:13.68700,1942.500,34
13:41:13.75300,1942.500,36
13:41:13.96400,1942.500,5
13:41:14.21400,1942.500,1
13:41:14.36300,1942.250,10
13:41:15.71800,1942.250,1
13:41:16.94100,1942.250,1
13:41:17.38600,1942.250,1
13:41:19.31600,1942.500,1
13:41:20.68300,1942.500,8
13:41:21.23000,1942.250,2
13:41:21.78100,1942.250,2
13:41:22.33500,1942.250,1
13:41:22.59300,1942.500,15
13:41:23.24200,1942.500,10
13:41:26.70700,1942.250,15
13:41:26.80800,1942.250,25
13:41:27.78100,1942.500,1
13:41:28.70300,1942.250,2
13:41:29.23000,1942.250,10
13:41:29.40600,1942.250,1
13:41:29.79200,1942.250,153
13:41:31.41700,1942.500,4
13:41:31.64000,1942.250,1
13:41:32.23000,1942.250,1
13:41:32.92900,1942.250,1
13:41:34.06600,1942.250,181
13:41:34.14400,1942.250,10
13:41:34.35100,1942.000,1
13:41:34.42100,1942.000,1
13:41:34.83900,1942.000,2
13:41:35.24600,1942.000,1
13:41:35.57400,1942.000,1
13:41:35.91000,1942.000,3
13:41:36.01100,1942.000,1
13:41:36.77300,1942.000,10
13:41:37.19900,1942.000,1
13:41:37.58200,1942.000,1
13:41:37.74600,1942.000,2
13:41:38.08200,1942.000,1
13:41:38.15600,1942.000,3
13:41:38.90200,1942.000,1
13:41:39.14400,1942.000,1
13:41:39.91400,1942.000,1
13:41:40.09300,1942.000,1
13:41:40.71800,1942.250,197
13:41:43.91400,1942.500,164
13:41:44.10100,1942.250,1
13:41:44.46400,1942.500,2
13:41:44.61700,1942.250,1
13:41:44.91700,1942.250,15
13:41:46.71400,1942.500,28
13:41:47.19100,1942.500,28
13:41:47.34300,1942.500,10
13:41:48.05400,1942.500,6
13:41:48.76900,1942.500,1
13:41:49.32400,1942.500,26
13:41:49.42900,1942.500,25
13:41:49.95700,1942.500,39
13:41:50.03900,1942.500,29
13:41:51.01500,1942.500,1
13:41:54.83500,1942.500,1
13:41:55.21000,1942.500,17
13:41:55.57800,1942.750,1
13:41:55.94900,1942.500,1
13:41:56.33500,1942.500,18
13:41:57.01900,1942.500,1
13:41:59.82400,1942.750,217
13:42:00.06600,1942.750,3
13:42:00.17900,1943.000,5
13:42:00.39000,1942.750,1
13:42:01.08500,1942.750,9
13:42:01.39000,1942.750,1
13:42:02.16400,1942.750,2
13:42:02.79600,1942.750,12
13:42:04.44500,1943.000,192
13:42:07.10900,1943.000,8
13:42:07.35500,1943.000,3
13:42:07.48800,1943.000,1
13:42:07.64400,1943.000,11
13:42:07.86300,1943.000,3
13:42:08.06600,1942.750,1
13:42:08.28900,1943.000,2
13:42:08.33900,1943.000,1
13:42:08.50700,1943.000,6
13:42:09.09300,1943.000,8
13:42:09.40200,1943.000,2
13:42:09.67900,1942.750,2
13:42:11.33500,1943.000,1
13:42:11.64400,1943.000,7
13:42:12.38600,1943.000,1
13:42:13.11300,1943.000,1
13:42:13.81200,1942.750,2
13:42:14.65200,1942.750,1
13:42:16.16700,1943.000,76
13:42:16.25000,1943.000,106
13:42:16.29200,1943.000,1
13:42:16.47600,1943.000,1
13:42:16.55000,1943.000,1
13:42:16.67500,1943.000,1
13:42:16.89400,1943.000,5
13:42:18.06600,1943.000,1
13:42:18.55400,1943.000,3
13:42:18.76900,1943.000,2
13:42:19.11700,1943.000,6
13:42:20.06600,1943.000,1
13:42:20.12500,1943.000,5
13:42:20.89000,1942.750,1
13:42:22.84300,1943.000,1
13:42:23.73400,1942.750,1
13:42:23.94500,1943.000,1
13:42:24.10100,1942.750,12
13:42:24.85100,1942.750,25
13:42:26.64400,1943.000,6
13:42:27.82800,1942.750,1
13:42:28.10100,1943.000,23
13:42:28.52300,1943.000,4
13:42:29.28900,1943.000,79
13:42:29.37500,1943.000,22
13:42:29.71000,1943.000,1
13:42:30.02700,1943.500,875
13:42:30.02700,1943.500,42
13:42:30.05800,1943.500,424
13:42:30.25000,1943.750,36
13:42:30.42900,1943.750,4
13:42:30.45700,1943.750,1
13:42:30.68700,1943.750,4
13:42:31.23800,1943.500,3
13:42:31.41700,1943.750,11
13:42:31.59300,1943.750,1
13:42:32.04600,1943.750,2
13:42:32.37500,1943.750,5
13:42:32.61300,1943.500,1
13:42:32.81600,1943.750,1
13:42:32.92900,1943.500,2
13:42:33.17900,1943.500,377
13:42:33.25300,1943.500,7
13:42:33.53500,1943.500,4
13:42:33.58200,1943.250,5
13:42:33.91400,1943.500,3
13:42:34.14000,1943.500,1
13:42:34.42100,1943.500,25
13:42:34.50300,1943.500,1
13:42:34.67500,1943.500,4
13:42:34.79600,1943.500,6
13:42:35.20700,1943.250,325
13:42:35.43300,1943.000,15
13:42:35.76900,1943.250,5
13:42:36.05400,1943.000,8
13:42:36.71800,1943.250,32
13:42:36.84700,1943.250,1
13:42:37.08500,1943.000,3
13:42:37.25700,1943.250,4
13:42:37.38600,1943.250,5
13:42:37.77300,1943.250,2
13:42:37.91400,1943.250,2
13:42:38.35900,1943.000,4
13:42:38.76100,1943.250,1
13:42:39.17500,1943.000,51
13:42:39.47600,1943.000,1
13:42:40.15600,1943.000,2
13:42:41.20700,1943.250,1
13:42:41.51500,1943.250,1
13:42:42.02700,1943.250,9
13:42:42.09300,1943.250,1
13:42:42.68300,1943.250,1
13:42:43.10500,1943.250,1
13:42:44.56200,1943.250,10
13:42:45.12800,1943.000,1
13:42:45.20300,1943.250,1
13:42:45.38200,1943.000,1
13:42:46.06200,1943.250,55
13:42:46.27700,1943.250,2
13:42:46.75300,1943.000,3
13:42:48.17900,1943.250,128
13:42:48.28500,1943.250,9
13:42:48.36700,1943.250,3
13:42:48.39800,1943.250,2
13:42:48.55000,1943.000,1
13:42:48.83900,1943.000,1
13:42:49.03500,1943.250,10
13:42:49.20700,1943.000,1
13:42:50.60100,1943.000,8
13:42:50.75700,1943.250,10
13:42:51.14800,1943.250,4
13:42:51.85900,1943.000,3
13:42:52.14800,1943.000,1
13:42:52.23400,1943.250,1
13:42:52.50000,1943.250,50
13:42:52.82400,1943.250,1
13:42:53.42100,1943.000,2
13:42:53.69100,1943.250,1
13:42:54.20300,1943.250,1
13:42:54.37500,1943.250,105
13:42:54.48000,1943.250,1
13:42:54.96400,1943.250,1
13:42:56.10900,1943.250,2
13:42:56.58200,1943.500,1
13:42:56.73800,1943.500,5
13:42:57.17900,1943.250,1
13:42:57.57800,1943.500,1
13:42:58.00300,1943.250,6
13:42:58.19500,1943.250,5
13:42:58.82400,1943.500,1
13:43:01.03900,1943.250,11
13:43:01.80400,1943.250,112
13:43:01.95700,1943.250,1
13:43:02.31200,1943.250,168
13:43:02.66700,1943.250,24
13:43:02.94500,1943.250,3
13:43:03.54600,1943.250,40
13:43:03.57800,1943.250,71
13:43:04.16700,1943.500,2
13:43:04.30800,1943.250,8
13:43:04.46400,1943.250,2
13:43:05.09700,1943.250,1
13:43:05.55000,1943.500,1
13:43:06.17900,1943.500,75
13:43:06.33900,1943.250,12
13:43:06.42900,1943.500,3
13:43:06.52700,1943.500,127
13:43:06.65600,1943.250,20
13:43:06.88200,1943.500,5
13:43:07.26100,1943.500,1
13:43:07.57000,1943.500,3
13:43:08.26100,1943.500,538
13:43:08.28900,1943.500,5
13:43:08.81200,1943.750,2
13:43:08.89000,1943.750,1
13:43:09.29200,1943.500,111
13:43:09.40200,1943.500,1
13:43:09.50300,1943.500,38
13:43:09.85500,1943.500,13
13:43:10.27300,1943.500,1
13:43:10.46800,1943.500,78
13:43:10.89800,1943.500,1
13:43:11.12800,1943.500,1
13:43:11.82400,1943.500,1
13:43:13.21800,1943.500,2
13:43:13.73400,1943.250,53
13:43:14.15600,1943.250,10
13:43:14.86700,1943.500,2
13:43:15.28500,1943.250,4
13:43:16.77700,1943.500,1
13:43:16.95300,1943.500,1
13:43:17.37100,1943.250,1
13:43:17.69900,1943.250,127
13:43:18.15600,1943.250,2
13:43:18.41400,1943.500,1
13:43:19.43700,1943.250,1
13:43:19.56600,1943.250,1
13:43:20.12100,1943.250,99
13:43:20.39800,1943.250,5
13:43:20.79600,1943.250,42
13:43:21.34700,1943.250,100
13:43:21.34700,1943.250,5
13:43:21.76100,1943.250,42
13:43:22.03900,1943.000,16
13:43:22.09700,1943.250,3
13:43:22.14000,1943.250,3
13:43:22.69100,1943.250,36
13:43:23.18300,1943.250,13
13:43:23.60100,1943.500,1
13:43:24.42900,1943.250,1
13:43:25.45700,1943.500,1
13:43:25.76500,1943.250,12
13:43:26.10500,1943.500,1
13:43:26.33200,1943.250,2
13:43:26.52700,1943.250,1
13:43:26.81600,1943.250,1
13:43:27.66400,1943.250,1
13:43:28.10900,1943.500,1
13:43:28.87500,1943.500,1
13:43:29.75700,1943.500,2
13:43:29.96400,1943.250,1
13:43:30.76100,1943.250,10
13:43:31.26100,1943.250,153
13:43:31.57000,1943.250,122
13:43:31.79200,1943.250,1
13:43:32.17900,1943.000,12
13:43:32.50000,1943.000,1
13:43:32.77700,1943.000,1
13:43:32.91000,1943.000,1
13:43:33.28500,1943.250,1
13:43:34.17100,1943.000,2
13:43:34.22200,1943.000,1
13:43:35.06200,1943.250,1
13:43:35.26100,1943.000,20
13:43:37.01900,1943.250,1
13:43:37.37500,1943.000,1
13:43:37.77700,1943.000,10
13:43:38.61700,1943.250,1
13:43:38.79200,1943.250,1
13:43:40.05000,1943.000,30
13:43:40.34700,1943.250,1
13:43:41.00300,1943.000,1
13:43:41.66700,1943.000,1
13:43:41.91400,1943.250,1
13:43:42.26100,1943.000,1
13:43:42.49600,1943.250,52
13:43:43.21000,1943.000,1
13:43:43.94900,1943.000,6
13:43:44.35100,1943.250,1
13:43:45.46400,1943.250,1
13:43:46.17100,1943.250,17
13:43:46.32800,1943.250,1
13:43:46.81600,1943.000,507
13:43:46.91400,1942.750,117
13:43:47.05000,1942.750,160
13:43:47.18300,1942.750,1
13:43:47.24200,1943.000,1
13:43:47.44100,1943.000,50
13:43:47.48800,1942.750,5
13:43:47.60900,1942.750,2
13:43:47.81200,1942.750,1
13:43:48.06600,1942.750,21
13:43:48.68700,1942.750,1
13:43:48.94500,1943.000,9
13:43:49.16000,1942.750,1
13:43:50.67900,1943.000,1
13:43:51.28500,1942.750,3
13:43:51.31600,1942.750,1
13:43:51.63600,1942.750,1
13:43:51.77300,1942.750,1
13:43:52.41000,1942.750,2
13:43:52.59300,1943.000,1
13:43:52.84700,1943.000,3
13:43:53.54200,1943.000,6
13:43:54.34300,1943.000,1
13:43:54.69100,1942.750,20
13:43:55.39800,1942.750,1
13:43:56.27300,1943.000,1
13:43:57.74600,1943.000,1
13:43:58.51900,1943.000,1
13:43:59.23400,1943.000,3
13:43:59.40600,1942.750,1
13:43:59.55000,1943.000,1
13:44:00.76500,1942.750,5
13:44:01.05800,1943.000,1
13:44:01.27300,1942.750,1
13:44:01.73000,1942.750,1
13:44:03.36700,1942.750,1
13:44:03.58500,1943.000,1
13:44:04.10900,1943.000,291
13:44:04.25300,1943.000,62
13:44:04.29600,1943.000,1
13:44:05.03500,1943.000,1
13:44:05.55800,1943.000,1
13:44:05.72200,1943.000,1
13:44:06.17100,1943.000,3
13:44:06.51100,1943.250,1
13:44:06.84300,1943.000,1
13:44:07.51100,1943.250,104
13:44:08.03100,1943.250,88
13:44:08.41000,1943.250,2
13:44:08.51100,1943.500,1
13:44:08.72200,1943.250,7
13:44:08.76500,1943.250,40
13:44:09.42100,1943.250,9
13:44:09.75000,1943.250,2
13:44:10.78500,1943.250,15
13:44:10.96400,1943.250,1
13:44:11.75000,1943.250,45
13:44:11.90200,1943.250,1
13:44:12.58200,1943.250,2
13:44:12.77300,1943.500,2
13:44:13.66000,1943.250,47
13:44:13.88200,1943.000,649
13:44:13.88600,1943.000,51
13:44:14.85100,1942.750,2
13:44:14.96800,1943.000,1
13:44:16.09700,1942.750,1
13:44:16.44500,1943.000,1
13:44:16.56600,1943.000,128
13:44:16.67100,1943.000,26
13:44:16.68300,1943.000,2
13:44:17.19100,1942.750,9
13:44:17.43700,1942.750,2
13:44:17.47600,1943.000,21
13:44:17.68700,1943.000,1
13:44:17.91000,1943.000,1
13:44:19.40200,1942.750,20
13:44:19.48400,1942.750,2
13:44:19.77700,1943.000,2
13:44:19.97200,1943.000,9
13:44:20.12100,1942.750,10
13:44:21.85500,1943.000,1
13:44:22.79200,1942.750,1
13:44:23.59700,1943.000,1
13:44:23.73000,1942.750,2
13:44:23.80800,1943.000,1
13:44:25.00000,1942.750,1
13:44:25.69500,1943.000,1
13:44:25.82400,1943.000,61
13:44:25.92100,1943.000,36
13:44:26.24600,1942.750,6
13:44:27.83200,1942.750,50
13:44:28.32800,1943.000,2
13:44:29.13600,1942.750,1
13:44:30.05000,1942.750,1
13:44:30.48400,1943.000,38
13:44:30.50300,1943.000,1
13:44:31.22200,1942.750,1
13:44:31.94500,1943.000,1
13:44:32.13200,1942.750,1
13:44:32.23800,1942.750,2
13:44:32.60500,1943.000,1
13:44:33.76500,1942.750,1
13:44:34.29200,1943.000,1
13:44:34.86700,1943.000,1
13:44:36.17900,1943.000,3
13:44:36.57000,1942.750,1
13:44:37.87500,1943.000,1
13:44:38.27700,1942.750,1
13:44:39.04200,1943.000,23
13:44:39.13600,1942.750,1
13:44:39.26900,1943.000,5
13:44:39.47600,1943.000,1
13:44:39.87500,1943.000,2
13:44:40.30400,1942.750,1
13:44:40.47200,1943.000,25
13:44:40.96000,1942.750,1
13:44:41.71400,1943.000,1
13:44:42.38200,1942.750,1
13:44:42.71800,1942.750,1
13:44:43.77300,1943.000,1
13:44:44.29200,1943.000,187
13:44:44.30400,1943.000,7
13:44:44.34700,1943.000,5
13:44:44.39000,1943.000,6
13:44:44.79200,1943.000,1
13:44:45.55800,1943.250,6
13:44:46.41700,1943.250,35
13:44:54.67900,1943.250,7
13:44:54.67900,1943.250,10
13:44:54.67900,1943.250,2
13:44:54.67900,1943.000,3
13:44:54.67900,1943.250,1
13:44:54.67900,1943.000,4
13:44:54.67900,1943.000,106
13:44:54.67900,1943.000,26
13:44:54.67900,1943.000,40
13:44:54.67900,1943.000,27
13:44:54.67900,1943.000,68
13:44:54.67900,1943.000,27
13:44:54.67900,1943.000,9
13:44:54.67900,1943.000,5
13:44:54.67900,1943.000,3
13:44:54.67900,1943.000,1
13:44:54.67900,1943.000,7
13:44:55.91700,1943.250,1
13:44:56.44500,1943.250,2
13:44:58.05400,1943.250,2
13:44:58.41400,1943.000,125
13:44:59.77300,1943.250,1
13:45:01.24600,1943.000,3
13:45:02.19500,1943.000,2
13:45:02.35900,1943.250,13
13:45:03.50000,1943.250,2
13:45:03.83900,1943.250,116
13:45:04.00700,1943.250,9
13:45:04.34700,1943.250,1
13:45:06.27300,1943.250,1
13:45:08.17500,1943.250,1
13:45:08.38200,1943.000,1
13:45:08.90200,1943.250,1
13:45:09.27300,1943.250,179
13:45:09.63200,1943.500,3
13:45:10.05400,1943.500,11
13:45:10.91000,1943.250,12
13:45:11.78100,1943.500,1
13:45:11.83500,1943.250,1
13:45:12.54600,1943.250,2
13:45:13.50700,1943.500,1
13:45:14.92900,1943.500,3
13:45:15.25700,1943.500,1
13:45:15.83200,1943.250,82
13:45:15.83500,1943.250,110
13:45:16.85100,1943.500,1
13:45:17.04200,1943.500,1
13:45:17.52300,1943.500,8
13:45:18.68700,1943.500,1
13:45:18.94100,1943.250,11
13:45:19.25000,1943.250,27
13:45:19.59700,1943.250,57
13:45:19.67500,1943.250,2
13:45:20.08500,1943.250,74
13:45:20.80400,1943.500,2
13:45:21.07800,1943.500,1
13:45:21.35500,1943.500,1
13:45:21.55800,1943.250,10
13:45:22.30400,1943.250,4
13:45:22.75700,1943.500,13
13:45:24.62100,1943.250,98
13:45:25.08500,1943.250,1
13:45:25.35100,1943.250,1
13:45:25.65600,1943.000,1
13:45:26.52700,1943.250,3
13:45:27.04200,1943.250,115
13:45:27.36300,1943.250,17
13:45:27.73000,1943.250,5
13:45:28.33200,1943.250,10
13:45:28.57400,1943.250,3
13:45:28.94900,1943.250,60
13:45:29.11700,1943.250,6
13:45:29.23400,1943.000,1
13:45:30.07800,1943.250,10
13:45:30.21800,1943.250,1
13:45:31.76900,1943.250,71
13:45:31.84700,1943.250,27
13:45:32.04600,1943.250,9
13:45:33.34300,1943.000,2
13:45:33.86700,1943.250,1
13:45:34.40200,1943.250,69
13:45:34.58500,1943.250,11
13:45:34.68700,1943.250,2
13:45:35.10900,1943.250,1
13:45:35.75000,1943.500,1
13:45:36.66700,1943.500,10
13:45:38.85100,1943.500,1
13:45:40.18300,1943.500,1
13:45:40.92500,1943.250,2
13:45:41.15200,1943.250,97
13:45:41.56600,1943.250,1
13:45:41.87500,1943.250,18
13:45:42.00700,1943.000,1
13:45:43.90600,1943.000,1
13:45:45.27700,1943.250,66
13:45:45.38200,1943.250,66
13:45:45.62800,1943.250,1
13:45:46.77300,1943.250,1
13:45:46.95300,1943.250,2
13:45:47.07800,1943.000,1
13:45:47.65600,1943.250,1
13:45:49.10500,1943.250,7
13:45:50.93700,1943.250,22
13:45:51.46800,1943.250,1
13:45:53.04200,1943.000,1
13:45:53.24200,1943.000,2
13:45:55.86300,1943.000,10
13:45:56.61300,1943.000,1
13:45:56.63600,1943.000,1
13:45:56.75700,1943.000,1
13:45:56.84700,1943.000,1
13:45:57.29200,1943.000,3
13:45:57.42900,1943.000,1
13:45:58.73000,1943.000,5
13:45:58.97200,1943.000,5
13:45:59.07800,1943.250,6
13:45:59.10100,1943.250,9
13:46:01.13200,1943.250,13
13:46:01.23800,1943.250,1
13:46:01.56600,1943.000,1
13:46:01.93700,1943.250,1
13:46:04.08500,1943.250,1
13:46:05.20300,1943.000,1
13:46:08.46400,1943.000,1
13:46:08.90600,1943.000,2
13:46:09.37800,1943.000,1
13:46:09.64400,1943.250,11
13:46:09.97200,1943.000,1
13:46:10.35500,1943.000,1
13:46:11.87800,1943.250,10
13:46:12.00000,1943.000,1
13:46:12.87500,1943.000,5
13:46:13.15200,1943.000,5
13:46:13.39800,1943.000,2
13:46:13.50000,1943.250,5
13:46:14.76500,1943.000,5
13:46:16.09700,1943.000,163
13:46:16.10100,1943.000,40
13:46:16.12100,1943.000,30
13:46:16.17100,1943.000,42
13:46:16.44900,1943.000,12
13:46:16.61700,1943.000,1
13:46:17.42100,1943.000,100
13:46:18.76100,1943.000,5
13:46:18.88600,1943.000,2
13:46:19.64000,1943.000,2
13:46:20.25300,1943.250,51
13:46:20.71000,1943.250,72
13:46:21.21400,1943.000,1
13:46:21.75000,1943.250,50
13:46:21.92900,1943.250,6
13:46:22.95300,1943.000,1
13:46:23.39800,1943.000,1
13:46:24.86700,1943.000,1
13:46:26.39000,1943.000,1
13:46:28.16700,1943.000,104
13:46:33.18700,1943.000,1
13:46:36.75300,1943.000,2
13:46:38.23800,1943.000,1
13:46:38.56200,1943.000,1
13:46:38.76100,1943.000,2
13:46:39.31200,1943.000,40
13:46:40.01100,1943.000,101
13:46:40.03100,1943.000,93
13:46:40.21800,1943.000,2
13:46:40.30000,1943.000,1
13:46:40.55000,1943.000,33
13:46:40.87100,1943.000,79
13:46:40.87100,1943.000,12
13:46:41.03500,1943.000,1
13:46:41.15200,1943.000,1
13:46:41.26900,1942.750,9
13:46:41.33200,1942.750,1
13:46:41.48000,1943.000,2
13:46:41.74600,1943.000,2
13:46:42.00700,1943.000,1
13:46:42.33500,1943.000,3
13:46:43.88200,1942.750,5
13:46:44.70700,1942.750,2
13:46:47.00000,1942.750,1
13:46:48.39000,1943.000,21
13:46:48.47200,1943.000,1
13:46:50.55800,1942.750,1
13:46:51.35900,1943.000,1
13:46:51.68700,1943.000,1
13:46:52.66000,1942.750,2
13:46:54.77300,1942.750,1
13:46:55.55000,1942.750,1
13:46:56.32800,1942.750,10
13:46:56.73000,1942.750,1
13:46:57.08200,1942.750,1
13:46:58.18700,1942.750,2
13:46:58.42900,1943.000,1
13:46:58.63200,1942.750,1
13:46:59.94900,1942.750,1
13:47:02.53100,1942.750,2
13:47:04.32400,1942.750,3
13:47:06.16700,1942.750,3
13:47:07.19900,1942.750,1
13:47:07.54600,1943.000,2
13:47:09.10100,1942.750,3
13:47:11.50300,1942.750,1
13:47:12.20300,1942.750,10
13:47:13.27300,1942.750,1
13:47:14.57000,1943.000,2
13:47:15.41000,1942.750,2
13:47:15.84300,1943.000,1
13:47:16.85100,1942.750,1
13:47:17.75300,1942.750,1
13:47:18.82000,1942.750,1
13:47:19.05000,1942.750,1
13:47:21.73800,1942.750,2
13:47:22.46000,1942.750,1
13:47:23.60100,1942.750,1
13:47:25.26500,1943.000,2
13:47:25.54200,1943.000,1
13:47:25.78900,1943.000,1
13:47:26.85100,1942.750,2
13:47:28.05400,1943.000,520
13:47:28.14800,1943.000,4
13:47:28.26500,1943.250,106
13:47:28.37100,1943.000,29
13:47:28.73000,1943.000,2
13:47:28.89000,1943.000,45
13:47:28.96000,1943.000,5
13:47:29.04600,1943.000,27
13:47:29.17900,1943.000,4
13:47:30.44500,1943.000,17
13:47:30.63600,1942.750,1
13:47:30.92900,1943.000,1
13:47:31.21000,1942.750,1
13:47:31.55800,1943.000,4
13:47:32.80400,1943.000,2
13:47:34.58900,1942.750,1
13:47:35.38600,1943.000,15
13:47:35.78500,1942.750,1
13:47:35.90600,1943.000,2
13:47:36.06200,1942.750,1
13:47:38.83900,1942.750,1
13:47:40.46000,1943.000,1
13:47:40.48000,1943.000,7
13:47:41.38600,1942.750,28
13:47:42.01900,1942.750,10
13:47:43.42100,1943.000,21
13:47:43.66700,1943.000,107
13:47:43.74200,1943.000,41
13:47:43.79200,1943.000,8
13:47:46.75300,1942.750,10
13:47:49.42500,1943.000,1
13:47:52.34300,1942.750,1
13:47:54.18700,1943.000,1
13:47:59.78900,1943.000,1
13:47:59.87500,1942.750,10
13:48:00.03500,1943.000,15
13:48:00.44500,1943.000,3
13:48:00.61300,1942.750,4
13:48:00.94100,1942.750,57
13:48:01.41000,1942.750,3
13:48:01.86700,1942.750,5
13:48:02.10100,1943.000,1
13:48:05.33900,1942.750,1
13:48:05.83500,1942.750,1
13:48:05.91400,1943.000,30
13:48:08.19500,1943.000,1
13:48:09.01500,1943.000,2
13:48:09.56600,1942.750,1
13:48:10.07400,1942.750,42
13:48:10.58500,1943.000,10
13:48:11.66700,1942.750,3
13:48:13.58200,1943.000,1
13:48:14.69100,1942.750,1
13:48:14.91700,1942.750,1
13:48:15.46400,1942.750,1
13:48:15.87100,1942.750,1
13:48:21.47200,1943.000,3
13:48:21.67100,1942.750,10
13:48:21.84700,1942.750,2
13:48:22.62100,1942.750,1
13:48:22.75000,1942.750,1
13:48:23.31600,1942.750,1
13:48:25.75700,1942.750,1
13:48:27.18700,1943.000,1
13:48:29.07400,1943.000,1
13:48:31.87500,1943.000,1
13:48:32.40200,1943.000,1
13:48:33.20300,1942.750,260
13:48:33.64000,1942.500,81
13:48:33.76900,1942.500,1
13:48:34.57800,1942.750,1
13:48:36.09700,1942.750,140
13:48:37.48000,1942.500,15
13:48:38.55800,1942.750,200
13:48:38.69100,1942.750,144
13:48:38.78500,1942.750,4
13:48:38.88200,1942.750,100
13:48:39.01900,1942.750,31
13:48:39.56600,1942.750,23
13:48:40.12100,1942.750,1
13:48:40.20700,1942.750,1
13:48:41.03500,1942.750,2
13:48:41.57000,1942.750,10
13:48:41.92900,1942.750,1
13:48:42.16000,1942.750,1
13:48:42.82800,1942.750,1
13:48:44.71800,1942.750,7
13:48:45.64800,1942.750,1
13:48:46.53900,1942.750,1
13:48:46.89800,1942.750,1
13:48:51.01100,1942.750,1
13:48:51.41400,1942.750,1
13:48:53.37800,1942.750,1
13:48:55.83900,1942.750,2
13:48:56.31600,1942.750,1
13:48:57.26100,1943.000,3
13:49:02.32000,1942.750,3
13:49:02.92100,1943.000,236
13:49:02.92100,1943.000,42
13:49:02.92500,1943.000,58
13:49:03.05000,1943.000,8
13:49:03.19900,1943.000,111
13:49:03.20700,1943.000,2
13:49:03.32800,1943.000,9
13:49:03.53900,1943.000,16
13:49:04.60900,1943.000,18
13:49:05.26100,1943.000,26
13:49:05.36300,1943.000,1
13:49:05.61700,1943.000,2
13:49:06.33900,1943.000,1
13:49:07.32400,1943.000,67
13:49:07.63200,1943.000,2
13:49:07.69900,1943.000,1
13:49:08.86300,1943.000,23
13:49:10.67500,1943.000,1
13:49:10.87800,1943.000,1
13:49:11.03100,1943.000,1
13:49:11.60100,1943.000,1
13:49:12.51500,1943.000,1
13:49:14.84300,1943.000,1
13:49:15.05800,1943.000,1
13:49:16.94100,1942.750,1
13:49:17.23800,1943.000,1
13:49:17.35500,1943.000,20
13:49:18.34300,1943.000,2
13:49:18.77300,1943.000,2
13:49:19.12800,1942.750,1
13:49:21.33500,1943.000,2
13:49:21.94900,1943.000,1
13:49:23.79600,1943.000,2
13:49:24.51900,1943.000,3
13:49:25.90200,1943.000,1
13:49:26.08900,1943.000,1
13:49:26.15200,1943.000,1
13:49:28.31200,1943.000,1
13:49:28.59700,1943.000,2
13:49:29.30800,1943.000,2
13:49:30.55000,1943.000,126
13:49:30.80000,1943.000,13
13:49:30.80000,1943.000,22
13:49:31.31600,1943.000,17
13:49:31.48400,1943.000,19
13:49:32.38200,1943.000,5
13:49:32.50000,1943.000,59
13:49:33.50300,1943.000,27
13:49:34.51100,1943.000,26
13:49:34.56600,1943.250,1
13:49:35.10500,1943.250,1
13:49:36.21800,1943.000,1
13:49:37.50700,1943.250,2
13:49:38.42500,1943.250,1
13:49:39.22600,1943.250,10
13:49:39.47200,1943.250,1
13:49:40.88200,1943.000,6
13:49:42.28900,1943.250,2
13:49:42.92900,1943.250,1
13:49:43.50700,1943.250,1
13:49:43.65600,1943.000,4
13:49:44.22200,1943.000,6
13:49:45.12800,1943.250,109
13:49:45.37800,1943.250,6
13:49:45.80400,1943.000,3
13:49:46.64000,1943.250,1
13:49:46.80400,1943.250,2
13:49:47.85100,1943.250,1
13:49:48.30400,1943.250,1
13:49:49.33500,1943.250,10
13:49:49.58200,1943.250,1
13:49:50.88200,1943.250,1
13:49:51.50300,1943.250,1
13:49:52.01500,1943.250,157
13:49:52.08200,1943.000,1
13:49:53.03900,1943.250,2
13:49:54.96800,1943.000,5
13:49:56.29600,1943.250,1
13:49:58.35100,1943.000,1
13:50:00.51100,1943.250,5
13:50:00.89800,1943.250,2
13:50:01.17500,1943.250,1
13:50:01.88600,1943.250,113
13:50:02.60500,1943.250,1
13:50:02.80800,1943.250,1
13:50:09.38200,1943.250,2
13:50:10.55800,1943.250,50
13:50:12.17100,1943.250,1
13:50:16.08900,1943.250,1
13:50:16.78100,1943.250,1
13:50:17.80800,1943.000,4
13:50:18.58500,1943.250,4
13:50:19.49200,1943.000,1
13:50:21.71400,1943.250,5
13:50:22.16400,1943.250,20
13:50:26.00300,1943.250,102
13:50:27.37500,1943.250,9
13:50:28.80000,1943.250,15
13:50:29.18700,1943.000,2
13:50:29.42500,1943.250,1
13:50:29.63600,1943.250,1
13:50:30.17500,1943.250,2
13:50:31.17900,1943.000,10
13:50:31.28100,1943.250,1
13:50:31.85900,1943.000,2
13:50:32.24200,1943.250,6
13:50:34.31200,1943.250,10
13:50:34.67500,1943.250,17
13:50:35.28900,1943.250,40
13:50:35.89000,1943.000,10
13:50:39.28100,1943.000,1
13:50:39.89000,1943.250,10
13:50:41.33500,1943.000,1
13:50:41.91000,1943.000,150
13:50:44.25700,1943.250,8
13:50:49.12100,1943.000,331
13:50:49.13600,1943.000,95
13:50:50.14800,1943.000,1
13:50:50.51500,1943.000,1
13:50:52.77700,1943.250,15
13:50:54.90200,1943.000,3
13:50:55.42500,1943.000,1
13:50:58.21400,1943.250,1
13:50:58.48400,1943.000,1
13:51:00.38600,1943.250,3
13:51:01.16700,1943.000,1
13:51:01.83500,1943.250,76
13:51:04.91700,1943.250,10
13:51:05.30000,1943.250,44
13:51:05.40600,1943.250,29
13:51:05.50700,1943.250,47
13:51:05.64800,1943.250,43
13:51:05.92500,1943.000,1
13:51:06.64800,1943.250,54
13:51:09.12500,1943.250,146
13:51:09.20300,1943.250,36
13:51:09.58500,1943.250,1
13:51:14.18300,1943.000,92
13:51:17.29600,1943.250,1
13:51:19.57800,1943.000,75
13:51:19.64800,1943.000,11
13:51:19.88200,1943.000,20
13:51:22.27300,1943.000,14
13:51:22.39800,1943.000,11
13:51:23.32000,1943.000,1
13:51:23.73800,1943.000,1
13:51:24.10500,1943.000,17
13:51:24.24600,1943.250,50
13:51:30.88600,1943.000,1
13:51:32.28100,1943.000,2
13:51:32.71000,1943.000,147
13:51:33.32800,1943.000,10
13:51:33.62800,1943.250,1
13:51:34.82000,1943.000,3
13:51:34.97200,1943.000,5
13:51:35.10500,1943.000,1
13:51:35.51100,1943.000,1
13:51:40.38600,1943.000,51
13:51:40.41700,1943.000,35
13:51:40.52700,1943.000,4
13:51:41.34700,1942.750,1
13:51:44.48000,1942.750,1
13:51:45.11700,1942.750,1
13:51:45.33900,1942.750,2
13:51:45.51100,1942.750,5
13:51:45.78500,1942.750,1
13:51:46.11700,1942.750,1
13:51:47.14400,1942.750,3
13:51:47.48000,1943.000,86
13:51:48.07800,1943.000,41
13:51:48.94500,1942.750,1
13:51:49.58200,1942.750,5
13:51:57.28400,1942.750,8
13:51:57.28400,1942.750,2
13:51:57.28400,1942.750,2
13:51:57.28400,1942.750,1
13:51:57.28400,1942.750,5
13:52:05.69100,1942.750,5
13:52:08.34300,1942.750,1
13:52:08.80000,1942.750,1
13:52:09.79200,1942.750,1
13:52:11.18300,1943.000,4
13:52:16.62100,1942.750,1
13:52:17.26100,1942.750,1
13:52:19.26100,1943.000,1
13:52:21.65600,1942.750,5
13:52:25.32400,1942.750,1
13:52:25.80000,1942.750,1
13:52:27.09300,1943.000,1
13:52:28.30000,1942.750,1
13:52:28.65600,1943.000,126
13:52:28.93700,1943.000,33
13:52:29.57000,1943.000,1
13:52:29.75700,1943.250,1
13:52:30.27300,1943.000,1
13:52:31.66700,1943.000,8
13:52:32.28100,1943.250,3
13:52:34.16700,1943.250,1
13:52:35.42100,1943.250,1
13:52:36.75700,1943.000,68
13:52:36.83500,1943.000,6
13:52:36.88600,1943.000,6
13:52:37.00700,1943.000,16
13:52:39.17100,1942.750,2
13:52:39.57000,1942.750,4
13:52:41.29600,1943.000,1
13:52:41.44100,1943.000,1
13:52:43.11700,1943.000,2
13:52:51.93300,1943.000,3
13:52:54.06600,1943.000,1
13:52:56.27700,1943.000,1
13:52:57.35500,1943.000,1
13:53:00.00700,1943.000,3
13:53:00.08900,1943.000,2
13:53:01.24200,1942.750,1
13:53:04.76500,1942.750,1
13:53:05.44100,1942.750,55
13:53:07.76900,1942.750,1
13:53:08.41000,1943.000,2
13:53:09.23400,1943.000,1
13:53:11.56200,1943.000,4
13:53:17.19500,1942.750,1
13:53:17.50300,1943.000,31
13:53:19.16700,1943.000,56
13:53:22.54600,1942.750,1
13:53:22.79200,1942.750,1
13:53:24.10900,1943.000,1
13:53:27.54200,1943.000,6
13:53:29.18700,1942.750,4
13:53:30.64800,1943.000,6
13:53:31.95700,1942.750,50
13:53:35.10900,1942.750,4
13:53:35.85100,1942.750,1
13:53:36.52300,1942.750,225
13:53:36.60900,1942.750,2
13:53:36.75700,1942.750,64
13:53:38.05000,1942.750,88
13:53:38.82400,1942.750,14
13:53:39.00700,1942.750,26
13:53:39.55000,1942.500,4
13:53:39.85900,1942.750,46
13:53:40.01100,1942.750,5
13:53:40.13600,1942.750,14
13:53:40.28500,1942.750,2
13:53:41.66700,1942.750,2
13:53:41.74200,1942.750,10
13:53:43.10100,1942.750,6
13:53:45.18700,1942.500,1
13:53:45.31600,1942.500,1
13:53:45.73800,1942.750,3
13:53:48.29600,1942.500,1
13:53:48.49200,1942.500,1
13:53:48.82400,1942.500,1
13:53:49.16700,1942.500,4
13:53:49.37800,1942.500,1
13:53:49.97200,1942.500,1
13:53:50.21400,1942.500,3
13:53:50.31600,1942.500,7
13:53:50.94100,1942.500,1
13:53:51.24200,1942.750,155
13:53:51.38200,1942.750,1
13:53:51.79200,1943.000,3
13:53:52.08200,1942.750,147
13:53:52.72200,1942.750,5
13:53:52.86300,1942.750,5
13:53:54.56200,1942.750,1
13:53:55.41700,1942.750,42
13:53:56.46800,1942.750,1
13:53:56.59300,1942.750,1
13:53:56.73400,1942.750,2
13:53:58.64400,1942.750,1
13:53:59.57800,1942.750,1
13:54:01.01500,1942.750,2
13:54:02.35500,1943.000,105
13:54:03.91400,1942.750,5
13:54:06.54200,1942.750,11
13:54:07.04600,1942.750,2
13:54:09.55400,1942.500,94
13:54:10.53500,1942.750,4
13:54:11.18300,1942.500,1
13:54:12.17500,1942.750,1
13:54:12.66400,1942.750,1
13:54:14.07400,1942.500,3
13:54:14.65600,1942.500,2
13:54:15.30000,1942.500,1
13:54:15.66400,1942.750,4
13:54:15.93300,1942.500,2
13:54:16.07000,1942.500,1
13:54:16.54200,1942.500,2
13:54:16.92900,1942.500,3
13:54:17.17500,1942.500,1
13:54:17.35900,1942.500,1
13:54:17.53500,1942.500,1
13:54:17.78100,1942.500,1
13:54:18.06200,1942.500,17
13:54:18.16700,1942.500,1
13:54:26.01500,1942.500,6
13:54:26.01500,1942.500,1
13:54:26.01500,1942.500,1
13:54:26.01500,1942.500,1
13:54:26.42900,1942.500,1
13:54:26.82000,1942.500,1
13:54:28.19100,1942.500,1
13:54:29.05800,1942.500,14
13:54:30.69100,1942.500,50
13:54:32.57800,1942.500,1
13:54:33.39800,1942.500,2
13:54:37.69100,1942.500,1
13:54:38.32400,1942.750,1
13:54:40.57400,1942.500,6
13:54:44.68300,1942.750,1
13:54:44.87800,1942.500,20
13:54:45.71000,1942.750,1
13:54:47.01500,1942.500,1
13:54:47.42900,1942.500,1
13:54:48.72600,1942.750,1
13:54:50.69900,1942.500,1
13:54:51.12100,1942.500,2
13:54:51.67900,1942.500,10
13:54:54.64800,1942.750,24
13:54:55.07400,1942.750,2
13:54:55.39400,1942.500,1
13:54:55.70300,1942.500,1
13:54:57.51500,1942.750,1
13:54:58.19500,1942.750,371
13:54:58.48000,1942.750,52
13:54:59.16000,1942.750,1
13:54:59.28900,1942.750,1
13:54:59.33500,1942.750,24
13:54:59.94100,1942.750,1
13:55:01.03900,1942.750,5
13:55:02.16000,1943.000,3
13:55:02.47200,1943.000,114
13:55:02.58900,1942.750,1
13:55:03.16000,1943.000,1
13:55:03.37800,1942.750,1
13:55:03.54200,1942.750,1
13:55:04.46800,1942.750,1
13:55:05.53500,1942.750,1
13:55:06.70300,1942.750,1
13:55:08.12100,1942.750,5
13:55:08.91700,1942.750,1
13:55:09.09300,1943.000,5
13:55:09.66700,1943.000,1
13:55:14.55800,1943.000,2
13:55:16.30400,1943.000,1
13:55:16.70300,1942.750,10
13:55:17.51900,1943.000,2
13:55:19.15200,1943.000,1
13:55:19.25700,1943.000,1
13:55:20.61700,1943.000,5
13:55:21.12500,1942.750,1
13:55:22.02700,1943.000,27
13:55:22.25300,1943.000,355
13:55:22.33500,1943.000,101
13:55:22.37800,1943.000,1
13:55:22.77700,1943.250,2
13:55:24.12500,1943.250,7
13:55:25.72200,1943.250,1
13:55:27.15200,1943.000,106
13:55:27.15200,1943.000,9
13:55:32.39800,1943.000,1
13:55:33.60500,1943.000,1
13:55:36.71000,1943.000,9
13:55:37.77700,1942.750,1
13:55:38.58200,1943.000,101
13:55:44.45300,1943.000,16
13:55:46.00300,1943.000,1
13:55:46.79600,1943.000,1
13:55:47.58200,1942.750,1
13:55:48.52300,1943.000,79
13:55:48.76100,1943.000,40
13:55:48.87800,1943.000,7
13:55:49.28900,1943.000,27
13:55:49.47600,1943.250,1
13:55:50.62800,1943.000,1
13:55:51.46800,1943.000,94
13:55:51.56200,1943.000,10
13:55:51.71800,1943.000,1
13:55:52.55000,1943.000,2
13:55:53.30000,1943.000,2
13:55:54.07000,1943.250,10
13:55:54.23000,1943.250,6
13:55:58.19500,1943.250,2
13:55:59.09300,1943.250,2
13:56:02.52700,1943.250,2
13:56:02.87100,1943.000,11
13:56:03.07000,1943.250,1
13:56:03.21400,1943.250,1
13:56:04.55400,1943.250,2
13:56:05.61300,1943.250,1
13:56:06.42900,1943.250,2
13:56:09.09700,1943.000,3
13:56:09.26500,1943.250,7
13:56:16.40600,1943.000,2
13:56:16.64400,1943.000,1
13:56:16.78500,1943.250,1
13:56:18.42900,1943.000,5
13:56:19.87800,1943.250,2
13:56:20.21800,1943.000,4
13:56:20.36300,1943.000,118
13:56:20.44100,1942.750,78
13:56:21.06200,1943.000,1
13:56:21.66000,1943.000,3
13:56:22.12800,1943.000,1
13:56:22.74200,1943.000,2
13:56:23.46400,1943.000,1
13:56:24.95700,1942.500,226
13:56:24.96000,1942.500,5
13:56:30.01900,1942.500,1
13:56:30.57800,1942.750,1
13:56:30.72600,1942.500,2
13:56:31.06600,1942.500,1
13:56:31.39800,1942.500,1
13:56:32.26500,1942.750,2
13:56:32.51100,1942.750,212
13:56:35.67900,1942.750,94
13:56:36.80400,1942.500,3
13:56:36.93300,1942.750,2
13:56:37.82000,1942.750,34
13:56:38.09300,1942.750,5
13:56:38.70300,1942.500,5
13:56:39.04200,1942.750,22
13:56:39.13200,1942.750,45
13:56:39.44900,1942.750,10
13:56:39.68700,1942.750,2
13:56:41.92900,1942.750,2
13:56:42.72200,1943.000,1
13:56:43.56600,1942.750,50
13:56:45.51500,1943.000,1
13:56:46.56600,1942.750,3
13:56:47.43700,1943.000,1
13:56:52.23400,1942.750,8
13:56:54.46000,1943.000,5
13:56:56.32800,1942.750,1
13:56:57.56600,1942.750,2
13:56:57.80000,1942.750,1
13:56:59.54200,1942.750,65
13:56:59.54200,1942.750,8
13:57:02.01500,1942.500,2
13:57:02.53900,1942.750,27
13:57:03.61300,1942.750,1
13:57:04.38600,1942.500,1
13:57:06.65200,1942.500,1
13:57:08.13600,1942.500,3
13:57:08.35900,1942.500,1
13:57:08.58900,1942.500,1
13:57:10.54200,1942.500,1
13:57:11.07400,1942.500,1
13:57:12.76500,1942.500,1
13:57:14.79200,1942.750,1
13:57:15.19900,1942.500,1
13:57:16.07000,1942.750,1
13:57:17.37500,1942.500,1
13:57:18.81200,1942.500,1
13:57:20.53900,1942.500,1
13:57:21.26900,1942.500,2
13:57:21.82800,1942.500,2
13:57:29.98600,1942.500,15
13:57:29.98600,1942.500,1
13:57:29.98600,1942.750,11
13:57:29.98600,1942.750,99
13:57:29.98600,1942.500,20
13:57:29.98600,1942.750,1
13:57:31.49600,1942.750,3
13:57:31.89400,1942.500,1
13:57:32.96400,1942.500,1
