21:00:00.51900,1920.250,0
21:00:08.64400,1920.250,1
21:00:09.13600,1920.000,1
21:00:09.63200,1920.250,4
21:00:10.69900,1920.000,1
21:00:11.89800,1920.250,31
21:00:13.64800,1920.000,2
21:00:13.88600,1920.000,4
21:00:14.86300,1920.000,1
21:00:21.26900,1920.000,41
21:00:22.00000,1920.000,1
21:00:24.63600,1920.000,5
21:00:26.90600,1920.000,1
21:00:27.53900,1920.000,3
21:00:28.20700,1920.000,1
21:00:28.50700,1920.000,1
21:00:29.16000,1920.000,3
21:00:31.21400,1920.000,1
21:00:36.82800,1920.000,1
21:00:40.85900,1920.000,10
21:00:41.82400,1920.000,1
21:00:45.47200,1920.000,1
21:00:54.21800,1920.000,1
21:01:00.58900,1920.250,7
21:01:00.91700,1920.000,4
21:01:01.96000,1920.000,1
21:01:11.21000,1920.000,2
21:01:14.16700,1920.000,31
21:01:14.90600,1920.000,2
21:01:15.16400,1920.000,2
21:01:19.35100,1920.000,32
21:01:20.12800,1920.000,14
21:01:21.25700,1919.750,3
21:01:23.55400,1920.000,5
21:01:25.28500,1920.000,1
21:01:26.37100,1920.000,15
21:01:26.76500,1920.000,2
21:01:29.96800,1920.250,2
21:01:30.78100,1920.000,1
21:01:38.41000,1920.000,1
21:01:44.20700,1920.250,3
21:01:48.30800,1920.000,6
21:01:57.18300,1920.000,1
21:02:02.87500,1920.000,8
21:02:06.27700,1920.250,2
21:02:06.73000,1920.000,11
21:02:10.74600,1920.000,6
21:02:22.43700,1920.000,2
21:02:23.48000,1920.000,1
21:02:24.65200,1920.000,1
21:02:24.75300,1920.000,1
21:02:27.39800,1920.000,1
21:02:28.53100,1920.000,1
21:02:29.15600,1919.750,1
21:02:35.37100,1920.000,5
21:02:40.89800,1920.250,1
21:02:53.14800,1920.250,1
21:02:58.00700,1920.250,6
21:03:41.61700,1920.250,2
21:03:42.76100,1920.250,3
21:03:56.39400,1920.000,65
21:03:56.74600,1920.000,6
21:04:11.26500,1920.000,11
21:04:18.53500,1920.000,1
21:04:25.47200,1920.000,19
21:04:35.88200,1920.000,1
21:04:39.14800,1920.000,23
21:04:48.80000,1920.000,3
21:04:48.92900,1920.000,2
21:04:49.05800,1920.250,1
21:04:49.48400,1920.250,1
21:04:49.68700,1920.250,1
21:04:49.82400,1920.250,1
21:04:50.00700,1920.250,1
21:04:50.57400,1920.250,1
21:04:50.81200,1920.250,2
21:04:50.95700,1920.250,1
21:04:51.14400,1920.250,1
21:04:51.73000,1920.000,5
21:04:52.04200,1920.000,10
21:04:52.43700,1920.000,1
21:04:57.78500,1919.750,1
21:04:58.26500,1920.000,1
21:05:02.73000,1920.000,25
21:05:03.19100,1920.000,1
21:05:05.39000,1920.000,8
21:05:12.32800,1920.250,6
21:05:15.65600,1920.000,11
21:05:16.65600,1919.750,1
21:05:17.30400,1920.000,1
21:05:17.61300,1920.000,8
21:05:18.00000,1919.750,5
21:05:18.19500,1919.750,1
21:05:19.27700,1919.750,1
21:05:23.66700,1920.000,1
21:05:24.02700,1920.000,4
21:05:24.22600,1920.000,1
21:05:43.64000,1920.000,1
21:05:48.78500,1920.000,1
21:05:56.87500,1919.750,1
21:05:57.51500,1919.500,73
21:05:59.31200,1919.500,3
21:05:59.92500,1919.750,49
21:06:15.56600,1920.000,23
21:06:15.69100,1920.000,1
21:06:18.91400,1920.000,1
21:06:21.40600,1920.000,79
21:06:23.60500,1920.250,12
21:06:24.78900,1920.250,3
21:06:28.85100,1920.250,1
21:06:31.19500,1920.000,12
21:06:38.38200,1920.000,6
21:06:43.42100,1920.000,1
21:06:48.39000,1920.000,11
21:06:49.55800,1920.000,1
21:06:56.85900,1920.000,1
21:06:59.75000,1920.250,5
21:07:04.28100,1920.000,2
21:07:04.83500,1920.250,1
21:07:25.09700,1920.250,8
21:07:25.70300,1920.250,3
21:07:25.93700,1920.000,52
21:07:26.19500,1920.250,1
21:07:30.20300,1920.000,3
21:07:36.50000,1920.000,1
21:07:41.08900,1920.000,1
21:07:47.48400,1920.000,2
21:07:54.10900,1920.000,1
21:08:03.54600,1920.000,11
21:08:05.41000,1920.000,3
21:08:12.12500,1920.000,3
21:08:27.36700,1920.250,3
21:08:30.79200,1920.000,208
21:08:33.11300,1920.000,7
21:08:34.15600,1920.250,2
21:08:36.00300,1920.000,6
21:08:36.39000,1920.000,11
21:08:39.50000,1920.000,1
21:08:41.86700,1920.000,1
21:08:54.96400,1920.000,3
21:08:57.08900,1920.250,1
21:09:03.65200,1920.250,8
21:09:10.82400,1920.250,1
21:09:14.11700,1920.250,3
21:09:22.12500,1920.000,1
21:09:28.58500,1920.000,2
21:09:33.65600,1920.000,1
21:09:33.74200,1920.000,3
21:09:34.27700,1920.000,1
21:09:39.93300,1920.250,2
21:09:43.97200,1920.250,13
21:09:45.41000,1920.250,4
21:09:46.12800,1920.250,10
21:09:48.17900,1920.250,3
21:09:51.37500,1920.250,10
21:10:04.04200,1920.250,12
21:10:04.20300,1920.250,1
21:10:08.78100,1920.250,1
21:10:11.63200,1920.500,4
21:10:14.70700,1920.500,1
21:10:17.62800,1920.250,10
21:10:18.67100,1920.250,4
21:10:20.82000,1920.500,1
21:10:23.74200,1920.500,1
21:10:30.51100,1920.250,1
21:10:30.81200,1920.250,1
21:10:31.37500,1920.500,1
21:10:31.93300,1920.500,1
21:10:32.22600,1920.250,18
21:10:36.55800,1920.250,1
21:10:37.60100,1920.250,2
21:10:38.17500,1920.250,1
21:10:47.21800,1920.250,13
21:10:51.27300,1920.500,1
21:11:08.17500,1920.500,4
21:11:16.36300,1920.500,1
21:11:18.36300,1920.500,2
21:11:29.48800,1920.500,1
21:11:32.26500,1920.250,1
21:11:37.53500,1920.500,1
21:11:54.82000,1920.500,1
21:11:58.14400,1920.500,1
21:12:22.34700,1920.500,78
21:12:25.36300,1920.500,27
21:12:36.28500,1920.500,1
21:12:37.66700,1920.500,11
21:12:38.71400,1920.500,1
21:12:44.16700,1920.500,1
21:12:44.35900,1920.500,8
21:12:46.83500,1920.500,5
21:12:50.67100,1920.500,1
21:12:52.73800,1920.500,4
21:12:53.12100,1920.500,3
21:12:57.47600,1920.500,1
21:13:01.57800,1920.750,92
21:13:02.01900,1920.750,26
21:13:12.60500,1921.000,7
21:13:13.95300,1921.000,1
21:13:16.90600,1921.000,1
21:13:17.66000,1921.000,1
21:13:19.01500,1921.000,1
21:13:22.43300,1921.000,1
21:13:23.66400,1921.000,1
21:13:25.20300,1921.000,1
21:13:27.65600,1921.000,1
21:13:28.46000,1920.750,4
21:13:30.65200,1921.000,1
21:13:32.08500,1920.750,96
21:13:34.54200,1920.750,5
21:13:35.59300,1920.750,6
21:13:36.46000,1921.000,1
21:13:38.91700,1921.000,2
21:13:40.91000,1921.000,1
21:13:42.96000,1921.000,1
21:13:46.17100,1920.750,1
21:13:59.11700,1921.000,5
21:14:01.92900,1921.000,2
21:14:02.33500,1921.000,10
21:14:06.55000,1921.000,1
21:14:07.82000,1921.000,23
21:14:08.31200,1921.000,1
21:14:15.28900,1921.250,4
21:14:16.85100,1921.250,1
21:14:18.12800,1921.250,1
21:14:22.26500,1921.250,1
21:14:26.94500,1921.250,1
21:14:29.43700,1920.750,12
21:14:30.10100,1921.000,1
21:14:30.87500,1921.000,6
21:14:35.82400,1921.000,4
21:14:40.07000,1920.750,1
21:14:45.79600,1921.000,10
21:14:56.21800,1920.750,49
21:14:56.82800,1920.500,4
21:14:59.49600,1920.500,1
21:15:40.79200,1920.750,16
21:16:30.79600,1920.500,32
21:16:38.16700,1920.500,11
21:16:56.03100,1920.250,3
21:16:57.03900,1920.250,1
21:16:58.10100,1920.500,3
21:17:00.64800,1920.250,1
21:17:04.72600,1920.250,1
21:17:07.85100,1920.250,2
21:17:08.51100,1920.250,16
21:17:08.72200,1920.250,6
21:17:16.06200,1920.000,46
21:17:16.26900,1920.000,2
21:17:20.27300,1920.000,2
21:17:21.72200,1920.000,1
21:17:26.26500,1920.250,13
21:17:31.04200,1920.250,1
21:17:31.18700,1920.250,2
21:17:35.03100,1920.250,1
21:17:37.57800,1920.000,2
21:17:41.82000,1920.250,8
21:17:42.82000,1920.250,1
21:17:55.76900,1920.250,1
21:17:56.60100,1920.250,1
21:17:59.50300,1920.250,1
21:18:01.15200,1920.250,14
21:18:11.31600,1920.250,7
21:18:16.60100,1920.250,1
21:18:20.85100,1920.500,5
21:18:22.27700,1920.500,1
21:18:26.48000,1920.250,5
21:18:48.05800,1920.250,1
21:18:51.40200,1920.250,1
21:19:07.16700,1920.250,2
21:19:11.17900,1920.000,23
21:19:20.68700,1919.750,3
21:19:22.23800,1919.750,10
21:19:22.65200,1919.750,7
21:19:22.79200,1919.750,5
21:19:24.16000,1919.750,1
21:19:25.60500,1919.500,1
21:19:26.69100,1919.750,1
21:19:27.11300,1919.750,4
21:19:27.22600,1919.750,35
21:19:27.69100,1919.750,3
21:19:27.80800,1919.750,2
21:19:28.01900,1919.750,1
21:19:34.88200,1919.750,13
21:19:39.44900,1919.500,1
21:19:40.80800,1919.500,53
21:19:42.05800,1919.500,3
21:19:43.46000,1919.500,2
21:19:45.63200,1919.500,5
21:19:48.01900,1919.500,4
21:19:50.40200,1919.500,1
21:19:54.48400,1919.500,88
21:19:57.87100,1919.250,106
21:19:57.90600,1919.250,4
21:19:59.21800,1919.250,11
21:20:01.11300,1919.250,84
21:20:02.53500,1919.250,3
21:20:03.75000,1919.000,13
21:20:03.95700,1919.250,2
21:20:04.08900,1919.000,1
21:20:04.32000,1919.000,1
21:20:04.42900,1919.000,27
21:20:04.70700,1919.000,1
21:20:04.82400,1918.750,6
21:20:05.05800,1918.750,1
21:20:05.73800,1918.750,1
21:20:06.35100,1918.750,10
21:20:06.85500,1918.750,1
21:20:07.10900,1918.750,2
21:20:08.07000,1918.750,1
21:20:09.86700,1918.500,42
21:20:10.52700,1918.500,1
21:20:10.85900,1918.500,1
21:20:12.17900,1918.500,3
21:20:12.69500,1918.750,47
21:20:12.84300,1918.500,7
21:20:13.32400,1918.750,8
21:20:14.66000,1918.750,10
21:20:19.63600,1918.750,1
21:20:19.87500,1918.500,4
21:20:20.71800,1918.750,2
21:20:22.70300,1918.750,22
21:20:22.87500,1919.000,1
21:20:23.06600,1918.750,1
21:20:25.19900,1918.750,4
21:20:25.44100,1918.750,3
21:20:25.92500,1918.750,2
21:20:26.43700,1918.750,16
21:20:28.76500,1918.750,1
21:20:29.76500,1918.750,2
21:20:35.34700,1918.750,6
21:20:36.77700,1918.500,1
21:20:37.79200,1918.500,1
21:20:41.07400,1918.750,1
21:20:41.77300,1918.500,1
21:20:51.69500,1918.750,5
21:20:52.28900,1918.750,1
21:20:55.46000,1918.750,1
21:20:56.07800,1918.500,1
21:20:58.57000,1918.750,1
21:20:59.92100,1918.750,1
21:21:09.90600,1918.750,3
21:21:11.48800,1918.500,1
21:21:12.64000,1918.750,1
21:21:12.76100,1918.500,2
21:21:17.39000,1918.750,2
21:21:18.28900,1918.500,2
21:21:19.15200,1918.500,6
21:21:20.24600,1918.500,1
21:21:22.21400,1918.500,1
21:21:22.40200,1918.500,5
21:21:22.50000,1918.500,3
21:21:26.53100,1918.500,1
21:21:27.91400,1918.500,14
21:21:28.12800,1918.500,56
21:21:28.19900,1918.500,1
21:21:30.42900,1918.500,1
21:21:33.45700,1918.500,3
21:21:34.62500,1918.500,58
21:21:37.54600,1918.500,5
21:21:39.44900,1918.500,1
21:21:41.03500,1918.500,1
21:21:42.17900,1918.500,1
21:21:43.47600,1918.500,1
21:21:44.63600,1918.500,1
21:21:45.68700,1918.500,13
21:21:51.21800,1918.500,1
21:21:53.24200,1918.500,72
21:21:53.81600,1918.250,4
21:21:54.82000,1918.250,1
21:21:55.17900,1918.250,1
21:21:55.53500,1918.500,1
21:21:55.79600,1918.500,17
21:21:56.94900,1918.500,2
21:21:59.07000,1918.500,1
21:22:02.60900,1918.500,2
21:22:05.07800,1918.500,1
21:22:05.92500,1918.500,1
21:22:07.01100,1918.500,18
21:22:11.64400,1918.750,1
21:22:13.24600,1918.750,1
21:22:15.78900,1918.500,1
21:22:20.92100,1918.500,4
21:22:21.92900,1918.500,1
21:22:23.28900,1918.500,10
21:22:23.95700,1918.750,1
21:22:25.55400,1918.500,1
21:22:28.42900,1918.500,9
21:22:34.11300,1918.500,1
21:22:42.24600,1918.750,1
21:22:43.46800,1918.750,1
21:22:46.00300,1918.750,73
21:22:46.88600,1918.750,17
21:22:51.20300,1918.750,1
21:22:52.02700,1918.750,2
21:22:55.33500,1918.750,6
21:22:55.79200,1918.750,1
21:22:55.93300,1918.750,4
21:22:56.77700,1918.750,5
21:22:57.83200,1919.000,2
21:22:59.59300,1918.750,1
21:23:01.94100,1919.000,2
21:23:02.48800,1919.000,1
21:23:03.90200,1918.750,1
21:23:07.44500,1919.000,1
21:23:14.65200,1919.000,1
21:23:21.95700,1919.000,4
21:23:23.28900,1919.000,1
21:23:25.39000,1919.000,2
21:23:29.43700,1919.000,5
21:23:29.94500,1919.000,1
21:23:33.53500,1918.750,2
21:23:38.83200,1918.750,5
21:23:40.62500,1918.750,2
21:23:41.83500,1918.750,2
21:23:47.74600,1918.750,1
21:23:48.21400,1918.750,1
21:23:48.62500,1918.750,3
21:23:49.31600,1918.750,2
21:23:49.80400,1919.000,1
21:23:51.72600,1918.750,3
21:23:52.45300,1918.750,3
21:23:55.09300,1919.000,1
21:23:58.46800,1919.000,1
21:24:17.35500,1918.750,6
21:24:23.92900,1918.750,1
21:24:28.18700,1919.000,1
21:24:32.15600,1918.750,1
21:24:40.91400,1918.750,5
21:24:48.14400,1918.750,1
21:24:49.53500,1918.750,1
21:24:53.25700,1919.000,1
21:24:55.77300,1919.000,1
21:24:57.88600,1919.000,1
21:25:08.37100,1918.750,5
21:25:15.35500,1918.750,1
21:25:18.41700,1918.750,1
21:25:31.12500,1919.000,1
21:25:44.33900,1919.000,1
21:25:46.09300,1918.750,6
21:25:47.49600,1919.000,1
21:25:47.96000,1919.000,1
21:25:55.33200,1918.750,1
21:25:58.82400,1919.000,64
21:26:14.14400,1919.250,7
21:26:20.64400,1919.250,24
21:26:20.96800,1919.250,4
21:26:24.05000,1919.000,1
21:26:24.82000,1919.250,1
21:26:25.05000,1919.250,1
21:26:25.33500,1919.250,1
21:26:25.79600,1919.500,4
21:26:25.89000,1919.500,1
21:26:26.58200,1919.500,1
21:26:26.76900,1919.500,1
21:26:31.06600,1919.500,1
21:26:38.65200,1919.250,14
21:26:41.21400,1919.000,2
21:26:41.37500,1919.000,20
21:26:42.19500,1919.000,1
21:26:43.55400,1918.750,4
21:26:44.02700,1918.750,18
21:26:44.14400,1918.500,1
21:26:45.16000,1918.500,1
21:26:45.41700,1918.750,1
21:26:45.66000,1918.750,1
21:26:49.60900,1918.750,1
21:26:51.30000,1918.750,1
21:26:51.67500,1918.750,19
21:26:52.77300,1918.750,1
21:27:07.43300,1918.750,25
21:27:11.12500,1918.750,6
21:27:11.73400,1918.750,7
21:27:16.47200,1918.750,1
21:27:21.39400,1918.750,1
21:27:24.57000,1918.750,20
21:27:27.43300,1918.750,21
21:27:35.20300,1918.750,1
21:27:44.04200,1918.500,49
21:27:44.31600,1918.500,1
21:27:44.49600,1918.500,1
21:27:45.21000,1918.500,2
21:27:45.59300,1918.500,1
21:27:50.21000,1918.500,7
21:27:51.46400,1918.750,1
21:27:55.81200,1918.500,2
21:27:56.91000,1918.750,1
21:28:25.82000,1918.500,3
21:28:32.60100,1918.500,1
21:28:32.76100,1918.750,1
21:28:35.10500,1918.750,1
21:28:42.47600,1918.500,8
21:28:45.19500,1918.500,3
21:28:45.68700,1918.500,1
21:28:47.34300,1918.750,1
21:28:49.07800,1918.500,12
21:28:50.12500,1918.750,1
21:28:55.56600,1918.500,4
21:28:56.18700,1918.500,1
21:28:57.65200,1918.500,25
21:29:16.00000,1918.500,2
21:29:22.45700,1918.750,82
21:29:22.58200,1918.750,1
21:29:25.51500,1918.750,12
21:29:41.75700,1919.000,1
21:29:43.47200,1918.750,7
21:29:43.95700,1918.750,3
21:29:48.32000,1918.750,2
21:29:48.85500,1918.750,2
21:29:50.17900,1918.750,2
21:29:54.42500,1918.750,3
21:29:55.42100,1918.750,3
21:29:57.51900,1919.000,1
21:30:00.51100,1919.000,2
21:30:04.49600,1918.750,1
21:30:07.02300,1918.750,1
21:30:09.72200,1918.500,1
21:30:10.07400,1918.750,10
21:30:15.03100,1918.500,2
21:30:28.11700,1918.500,1
21:30:28.73400,1918.750,1
21:30:41.54600,1918.500,68
21:30:43.12100,1918.500,3
21:30:43.76100,1918.500,1
21:30:46.86300,1918.250,1
21:30:49.60100,1918.250,1
21:30:50.77700,1918.250,1
21:30:51.79600,1918.500,2
21:31:03.12100,1918.500,2
21:31:03.67500,1918.500,1
21:31:03.89800,1918.500,6
21:31:07.22600,1918.500,3
21:31:07.74600,1918.500,1
21:31:15.07000,1918.500,2
21:31:17.14800,1918.500,1
21:31:36.96000,1918.500,7
21:31:47.25300,1918.750,28
21:31:47.35100,1918.750,8
21:31:48.83200,1918.750,4
21:31:53.00700,1919.000,1
21:31:56.19100,1919.000,34
21:31:57.15600,1919.000,5
21:31:58.20700,1919.000,1
21:32:02.18300,1919.250,2
21:32:02.30400,1919.250,1
21:32:02.42500,1919.250,5
21:32:02.96400,1919.250,1
21:32:03.46000,1919.250,4
21:32:04.55000,1919.250,7
21:32:06.14400,1919.250,6
21:32:06.84700,1919.250,5
21:32:07.94900,1919.500,2
21:32:08.15200,1919.500,1
21:32:09.50300,1919.500,1
21:32:10.78900,1919.500,3
21:32:11.96800,1919.500,14
21:32:12.25700,1919.500,24
21:32:12.65600,1919.500,1
21:32:16.77300,1919.750,14
21:32:18.48000,1919.750,1
21:32:20.79600,1919.750,1
21:32:20.94900,1919.750,1
21:32:22.23800,1919.500,35
21:32:24.28900,1919.500,1
21:32:25.80800,1919.500,1
21:32:28.90600,1919.500,19
21:32:31.33900,1919.250,2
21:32:32.71400,1919.250,1
21:32:33.05000,1919.000,36
21:32:36.95300,1919.000,1
21:32:37.51900,1919.250,1
21:32:38.10900,1919.250,11
21:32:40.80800,1919.000,2
21:32:44.23400,1919.250,3
21:32:44.58500,1919.250,24
21:32:45.34700,1919.250,1
21:32:47.81600,1919.250,1
21:32:48.24600,1919.000,5
21:32:49.32800,1919.250,1
21:32:52.25700,1919.000,2
21:32:53.77300,1919.000,1
21:33:04.83900,1919.000,3
21:33:16.20700,1919.000,1
21:33:19.03500,1919.000,1
21:33:34.77300,1919.000,1
21:33:39.08500,1919.000,1
21:33:39.61300,1919.000,1
21:34:03.43700,1919.250,69
21:34:13.29200,1919.500,1
21:34:17.25300,1919.500,1
21:34:18.22600,1919.500,43
21:34:19.13600,1919.500,4
21:34:20.09300,1919.750,2
21:34:23.15600,1919.750,1
21:34:26.04600,1919.750,1
21:34:36.13200,1919.750,1
21:34:43.39400,1919.750,1
21:34:43.80400,1919.750,1
21:34:45.69500,1919.750,1
21:34:45.93700,1919.500,1
21:34:49.12500,1919.750,15
21:34:56.23800,1919.750,1
21:35:02.30400,1919.750,21
21:35:02.87100,1919.750,2
21:35:06.91700,1919.750,1
21:35:17.58500,1920.000,2
21:35:21.80800,1920.000,1
21:35:23.37800,1920.000,1
21:35:23.63600,1920.000,3
21:35:25.26100,1920.000,2
21:35:27.55800,1920.000,4
21:35:29.25300,1920.000,1
21:35:29.54600,1920.250,25
21:35:33.73400,1920.250,1
21:35:39.36300,1920.250,6
21:35:39.95700,1920.250,29
21:35:44.76100,1920.500,2
21:35:46.81200,1920.250,4
21:35:47.45700,1920.250,1
21:35:48.41400,1920.250,1
21:35:49.34700,1920.250,1
21:35:50.33900,1920.250,9
21:35:50.62500,1920.250,1
21:35:50.76500,1920.250,1
21:35:53.28500,1920.250,1
21:35:53.95300,1920.250,2
21:35:55.05800,1920.000,1
21:35:56.14000,1920.000,1
21:35:58.13600,1920.000,2
21:36:13.57400,1920.000,6
21:36:14.81200,1920.250,1
21:36:16.12500,1920.250,1
21:36:22.69500,1920.000,19
21:36:25.72200,1920.000,1
21:36:26.35500,1920.000,14
21:36:31.65200,1920.000,1
21:36:33.01900,1920.250,1
21:36:36.85100,1920.250,1
21:36:38.42100,1920.000,1
21:36:47.41000,1920.000,1
21:37:15.35100,1920.500,25
21:37:17.91700,1920.500,1
21:37:19.85100,1920.500,1
21:37:20.27300,1920.500,48
21:37:20.71800,1920.500,2
21:37:21.54200,1920.500,1
21:37:21.91400,1920.750,3
21:37:24.13600,1920.750,1
21:37:26.80800,1920.500,3
21:37:36.32000,1920.750,4
21:37:37.53900,1920.500,12
21:37:37.72200,1920.500,6
21:37:38.18700,1920.500,7
21:37:40.16400,1920.500,18
21:37:40.34300,1920.500,9
21:37:40.57800,1920.500,11
21:37:41.40200,1920.500,2
21:37:41.89400,1920.500,8
21:37:43.74600,1920.500,13
21:37:51.90200,1920.750,1
21:37:53.32400,1920.750,1
21:38:05.00700,1920.750,68
21:38:05.90200,1920.750,10
21:38:07.59300,1920.750,43
21:38:08.43300,1920.750,3
21:38:10.97200,1921.000,1
21:38:12.82800,1921.000,1
21:38:16.57000,1921.000,1
21:38:17.01100,1921.000,1
21:38:17.26500,1920.750,1
21:38:19.91000,1921.000,2
21:38:21.50700,1921.000,6
21:38:22.39800,1921.000,2
21:38:23.36300,1921.000,18
21:38:23.72200,1921.000,9
21:38:24.33200,1921.000,1
21:38:26.01500,1921.250,2
21:38:26.24600,1921.250,4
21:38:26.80800,1921.250,1
21:38:29.15200,1921.000,1
21:38:32.93700,1921.250,1
21:38:33.24200,1921.250,1
21:38:38.51100,1921.250,1
21:38:42.05000,1921.250,1
21:38:43.16700,1921.250,1
21:38:48.81200,1921.250,1
21:38:49.89000,1921.250,2
21:38:54.12100,1921.250,1
21:39:06.16700,1921.000,36
21:39:09.69500,1921.000,6
21:39:10.95300,1921.000,8
21:39:11.21800,1921.000,1
21:39:13.48800,1921.000,1
21:39:13.70700,1921.000,1
21:39:16.09700,1921.250,2
21:39:18.37500,1921.000,2
21:39:19.00700,1921.000,1
21:39:19.78500,1921.000,1
21:39:21.95300,1921.000,5
21:39:22.55800,1921.000,1
21:39:23.60100,1921.000,1
21:39:24.50700,1921.000,1
21:39:25.71800,1921.250,1
21:39:26.28500,1921.000,4
21:39:27.80000,1921.250,1
21:39:31.91000,1921.000,13
21:39:33.16700,1921.000,2
21:39:34.25000,1921.000,3
21:39:35.03500,1921.000,1
21:39:39.21400,1921.000,1
21:39:39.67100,1921.000,5
21:39:40.79600,1920.750,11
21:39:41.12500,1921.000,1
21:39:41.85100,1921.000,1
21:39:47.83500,1921.000,1
21:39:49.14000,1921.000,1
21:40:37.94500,1921.250,18
21:40:39.20300,1921.250,1
21:40:40.31600,1921.000,3
21:40:45.87800,1921.250,3
21:40:52.08500,1921.250,2
21:40:58.05000,1921.250,6
21:40:59.72600,1921.000,5
21:41:02.08900,1921.250,4
21:41:06.27700,1921.250,3
21:41:06.83500,1921.250,1
21:41:08.58500,1921.250,17
21:41:09.32800,1921.500,12
21:41:10.18300,1921.250,5
21:41:11.23000,1921.250,11
21:41:12.03100,1921.500,2
21:41:13.69100,1921.250,1
21:41:14.85500,1921.500,2
21:41:16.14800,1921.500,1
21:41:20.19500,1921.500,1
21:41:22.66000,1921.500,1
21:41:23.85500,1921.250,2
21:41:28.65200,1921.500,3
21:41:28.73800,1921.500,1
21:41:30.33200,1921.500,1
21:41:30.57000,1921.250,2
21:41:43.44900,1921.500,2
21:41:53.62500,1921.500,1
21:41:55.65200,1921.250,69
21:42:02.64000,1921.250,4
21:42:03.03900,1921.250,2
21:42:03.29600,1921.250,1
21:42:05.95700,1921.250,3
21:42:06.13600,1921.250,2
21:42:06.48800,1921.250,1
21:42:10.72200,1921.250,2
21:42:11.80000,1921.250,1
21:42:14.94100,1921.250,1
21:42:15.83500,1921.500,1
21:42:29.67100,1921.250,1
21:42:30.05400,1921.250,7
21:42:31.54600,1921.250,4
21:42:34.10900,1921.000,2
21:42:35.48800,1921.000,6
21:42:36.10100,1921.250,1
21:42:37.07800,1921.000,13
21:42:38.28100,1921.250,1
21:42:39.25700,1921.000,1
21:42:40.27300,1921.000,5
21:42:41.40600,1921.000,4
21:42:43.56200,1921.250,1
21:42:47.01500,1921.250,67
21:42:47.54200,1921.250,1
21:42:52.50000,1921.250,1
21:42:56.58200,1921.500,10
21:42:57.28900,1921.250,1
21:43:07.40600,1921.500,53
21:43:14.75000,1921.250,5
21:43:16.67500,1921.250,1
21:43:17.53100,1921.250,2
21:43:19.75300,1921.250,1
21:43:26.57400,1921.250,1
21:43:30.41400,1921.250,1
21:43:33.85100,1921.250,1
21:43:35.21800,1921.250,8
21:43:35.30000,1921.250,1
21:43:52.52700,1921.250,10
21:43:53.78900,1921.250,2
21:43:56.87100,1921.250,2
21:43:58.17500,1921.500,2
21:43:59.39000,1921.250,10
21:44:01.15200,1921.250,2
21:44:05.28100,1921.000,1
21:44:06.93700,1921.250,1
21:44:14.46400,1921.000,1
21:44:15.87500,1921.000,1
21:44:17.05800,1921.000,5
21:44:18.13600,1921.000,5
21:44:19.62500,1921.250,1
21:44:23.66400,1921.000,1
21:44:25.90600,1921.000,1
21:44:27.81200,1921.250,1
21:44:34.68700,1921.250,2
21:44:37.12800,1921.250,1
21:44:52.17100,1921.000,31
21:44:55.80400,1921.000,1
21:45:00.59300,1921.250,2
21:45:04.48000,1921.000,1
21:45:04.73800,1921.000,1
21:45:06.16700,1921.000,1
21:45:11.04600,1921.000,2
21:45:12.07800,1921.000,1
21:45:13.30000,1921.000,1
21:45:22.85900,1921.250,3
21:45:23.12800,1921.250,8
21:45:24.44500,1921.250,2
21:45:26.45300,1921.500,1
21:45:31.10100,1921.250,1
21:45:43.20700,1921.250,2
21:46:12.10500,1921.000,9
21:46:14.03500,1921.000,6
21:46:15.45300,1921.000,1
21:46:19.12100,1920.750,3
21:46:20.43300,1920.750,13
21:46:21.10500,1920.750,7
21:46:22.64800,1920.750,2
21:46:23.04600,1920.750,4
21:46:23.97200,1920.750,2
21:46:25.61700,1920.750,1
21:46:30.41400,1920.750,1
21:46:31.75300,1920.500,2
21:46:36.57000,1920.500,1
21:46:37.68300,1920.750,1
21:46:40.79600,1920.500,46
21:46:40.89000,1920.750,6
21:46:42.51100,1920.500,1
21:46:53.19900,1920.750,1
21:46:55.06200,1920.500,25
21:46:55.71000,1920.500,1
21:46:56.57800,1920.500,1
21:46:58.82000,1920.500,1
21:46:59.25300,1920.500,7
21:47:03.28100,1920.250,8
21:47:03.33500,1920.500,1
21:47:03.73400,1920.500,6
21:47:04.55400,1920.250,9
21:47:05.19100,1920.500,1
21:47:07.06200,1920.500,3
21:47:10.75300,1920.500,5
21:47:11.69900,1920.250,2
21:47:14.87800,1920.500,13
21:47:16.08900,1920.250,6
21:47:17.33900,1920.000,4
21:47:20.55800,1920.250,15
21:47:22.09700,1920.250,28
21:47:26.73800,1920.250,2
21:47:30.27300,1920.250,4
21:47:32.05400,1920.250,1
21:47:34.95300,1920.250,1
21:47:42.39000,1920.250,1
21:47:43.12800,1920.500,11
21:47:44.17900,1920.500,1
21:47:56.10500,1920.500,10
21:47:56.43300,1920.500,1
21:48:02.49200,1920.500,4
21:48:07.71800,1920.500,1
21:48:10.75300,1920.500,1
21:48:12.57000,1920.500,2
21:48:23.15200,1920.250,15
21:48:34.22600,1920.000,1
21:48:34.79200,1920.000,1
21:48:38.14400,1920.250,2
21:48:40.03500,1920.250,3
21:48:44.52300,1920.250,1
21:48:49.94500,1920.250,11
21:48:54.74200,1920.250,2
21:48:57.73400,1920.250,1
21:48:58.09300,1920.250,1
21:49:05.05000,1920.250,2
21:49:05.50300,1920.000,1
21:49:07.94900,1920.250,2
21:49:11.39400,1920.250,1
21:49:12.35100,1920.250,4
21:49:12.91700,1920.250,1
21:49:14.56600,1920.000,1
21:49:18.43700,1920.000,1
21:49:26.76100,1920.000,1
21:49:37.61300,1920.250,6
21:49:50.40200,1920.500,1
21:50:25.29200,1920.500,32
21:50:26.94900,1920.500,1
21:50:31.55000,1920.750,25
21:50:34.58200,1921.000,2
21:50:39.14400,1921.000,14
21:50:39.37800,1921.000,4
21:50:41.21400,1921.000,1
21:50:42.43700,1921.000,2
21:50:43.49200,1921.000,2
21:50:44.02300,1920.750,1
21:50:44.97200,1920.750,2
21:50:45.59300,1921.000,5
21:50:47.08900,1920.750,1
21:50:56.42500,1921.000,1
21:51:08.04200,1920.750,6
21:51:18.91000,1921.000,1
21:51:21.45700,1920.750,1
21:51:25.63200,1921.000,13
21:51:28.54200,1921.250,1
21:51:31.14400,1921.250,39
21:51:33.82800,1921.250,1
21:51:35.73800,1921.250,1
21:51:36.92100,1921.250,1
21:51:40.21000,1921.000,34
21:51:40.75300,1921.250,1
21:51:41.93700,1921.250,1
21:51:56.36700,1921.000,1
21:51:57.43700,1921.250,1
21:52:04.74200,1921.250,7
21:52:06.96000,1921.250,24
21:52:10.42100,1921.250,5
21:52:19.58200,1921.500,93
21:52:22.36700,1921.500,73
21:52:22.78500,1921.500,3
21:52:23.90200,1921.750,7
21:52:24.77700,1921.750,1
21:52:25.61300,1921.750,1
21:52:29.10100,1921.750,1
21:52:32.06200,1921.750,1
21:52:34.97200,1921.500,1
21:52:35.62800,1921.750,3
21:52:38.26900,1921.750,1
21:52:41.36700,1921.500,35
21:52:41.89400,1921.250,11
21:52:46.86700,1921.250,1
21:52:49.14800,1921.250,13
21:52:49.85900,1921.250,3
21:52:50.49600,1921.250,5
21:52:51.03900,1921.250,5
21:52:52.36300,1921.250,1
21:52:53.68700,1921.250,1
21:52:58.11300,1921.250,1
21:53:12.86300,1921.000,22
21:53:13.22600,1920.750,1
21:53:13.95300,1921.000,2
21:53:14.05000,1921.250,1
21:53:14.78100,1921.000,1
21:53:24.44500,1921.000,2
21:53:33.68300,1921.000,2
21:53:34.07800,1921.000,5
21:53:34.26500,1921.250,1
21:53:35.61300,1921.000,1
21:53:52.64400,1921.000,5
21:53:55.41000,1921.000,1
21:53:58.06600,1921.000,6
21:53:58.46400,1921.000,4
21:53:59.86300,1921.000,2
21:54:03.00700,1920.750,2
21:54:12.51500,1920.750,2
21:54:13.29600,1921.000,5
21:54:22.06200,1921.000,1
21:54:25.37800,1920.750,1
21:54:26.91400,1921.000,10
21:54:28.05000,1921.000,5
21:54:28.71800,1921.000,6
21:54:29.87800,1921.000,5
21:54:30.57400,1921.000,1
21:54:32.01900,1921.000,2
21:54:33.50000,1921.000,1
21:54:37.01500,1921.000,1
21:54:41.95700,1920.750,1
21:54:44.14800,1920.750,1
21:54:58.58200,1921.000,1
21:55:05.26500,1920.750,2
21:55:07.91000,1920.750,39
21:55:10.01900,1920.500,32
21:55:11.74600,1920.500,22
21:55:26.92900,1920.750,2
21:55:33.91700,1920.750,5
21:56:19.09700,1920.750,8
21:56:20.13600,1920.750,1
21:56:20.35500,1920.750,1
21:56:20.67100,1921.000,1
21:56:22.66000,1921.000,2
21:56:25.68700,1920.750,1
21:56:26.27700,1921.000,1
21:57:13.58500,1920.750,2
21:57:17.19100,1921.000,3
21:57:22.50700,1920.750,1
21:57:40.96400,1921.000,2
21:57:57.52300,1921.000,6
21:57:59.04600,1921.250,42
21:58:15.25000,1921.500,27
21:58:15.38600,1921.750,3
21:58:16.05800,1921.500,1
21:58:23.52300,1921.750,2
21:58:26.62800,1921.750,1
21:58:29.36300,1921.750,1
21:58:30.12500,1921.500,1
21:58:31.48000,1921.500,25
21:58:33.44500,1921.500,1
21:58:34.77700,1921.500,1
21:58:39.61700,1921.250,1
21:58:40.85900,1921.500,15
21:58:51.62100,1921.500,2
21:58:51.81600,1921.500,1
21:59:02.45300,1921.500,3
21:59:04.94100,1921.250,1
21:59:06.37100,1921.500,5
21:59:08.30800,1921.500,2
21:59:10.42900,1921.500,1
21:59:12.13600,1921.500,2
21:59:12.33200,1921.500,7
21:59:18.50700,1921.250,18
21:59:25.21400,1921.250,10
21:59:25.66400,1921.500,3
21:59:29.55400,1921.250,3
21:59:30.84300,1921.250,1
21:59:39.91400,1921.500,1
21:59:42.75300,1921.500,1
21:59:44.41400,1921.250,12
21:59:53.01500,1921.250,1
21:59:54.79200,1921.000,1
21:59:58.50000,1921.250,1
21:59:59.27300,1921.250,4
21:59:59.77300,1921.000,1
22:00:02.80800,1921.250,0
22:00:07.26100,1921.250,9
22:00:08.80800,1921.750,12
22:00:18.35100,1921.750,1
22:00:23.09300,1921.750,1
22:00:23.60100,1921.750,1
22:00:30.82400,1921.750,1
22:00:33.85100,1921.750,3
22:00:42.05000,1921.750,10
22:00:43.09300,1921.750,1
22:00:43.78500,1921.750,1
22:00:51.00000,1922.000,6
22:00:51.51900,1922.000,1
22:00:55.16700,1922.000,4
22:00:55.65600,1922.000,2
22:01:02.87800,1922.000,43
22:01:03.84700,1922.000,10
22:01:06.32400,1922.000,9
22:01:08.27700,1922.000,1
22:01:09.42500,1922.000,1
22:01:10.48400,1922.000,2
22:01:15.35900,1922.000,1
22:01:18.35100,1922.000,2
22:01:22.65200,1922.000,1
22:01:22.78900,1922.000,1
22:01:23.48400,1922.000,1
22:01:24.63600,1922.250,8
22:01:28.90200,1922.250,22
22:01:29.23000,1922.000,1
22:01:29.50000,1922.000,1
22:01:31.32800,1922.000,1
22:01:31.65200,1922.000,2
22:01:36.53100,1922.000,1
22:01:37.38600,1922.000,1
22:01:39.92500,1922.000,16
22:01:42.82000,1922.250,1
22:01:45.34700,1922.000,1
22:01:45.55400,1922.000,2
22:01:47.28100,1922.000,1
22:01:47.89800,1922.000,4
22:01:49.63600,1922.000,1
22:01:49.78900,1922.000,1
22:01:53.55400,1922.000,1
22:01:55.86300,1922.000,1
22:01:59.73800,1922.000,1
22:02:11.91700,1921.750,4
22:02:12.36700,1921.750,21
22:02:23.16700,1921.750,1
22:02:30.21000,1921.750,1
22:02:44.75300,1921.750,1
22:02:49.66400,1921.750,3
22:02:50.62500,1921.750,1
22:03:11.64800,1921.750,2
22:03:17.07800,1921.750,1
22:03:19.16700,1921.750,1
22:03:21.50700,1921.750,6
22:03:31.00000,1921.750,1
22:03:31.23000,1922.000,4
22:03:47.89800,1922.000,1
22:04:06.34300,1922.000,17
22:04:08.96000,1922.000,5
22:04:11.81600,1922.000,2
22:04:16.08500,1922.000,1
22:04:16.57000,1922.000,1
22:04:20.50700,1922.000,1
22:04:21.19100,1922.000,5
22:04:22.08500,1922.000,2
22:04:23.01100,1922.000,1
22:04:24.67500,1922.000,1
22:04:33.67900,1922.250,41
22:04:37.01900,1922.250,8
22:04:39.80400,1922.250,1
22:04:40.05000,1922.250,1
22:04:43.18300,1922.250,1
22:04:43.48800,1922.250,1
22:04:44.62500,1922.250,1
22:04:45.79600,1922.250,1
22:04:53.65200,1922.250,1
22:04:54.56200,1922.250,17
22:04:57.21800,1922.250,1
22:05:00.58200,1922.250,4
22:05:03.69900,1922.250,13
22:05:13.38200,1922.000,129
22:05:14.61700,1922.000,3
22:05:14.80000,1922.000,6
22:05:18.17100,1922.000,1
22:05:19.28500,1921.750,1
22:05:26.50000,1922.000,1
22:05:28.02700,1921.750,1
22:05:46.71000,1921.750,39
22:06:11.21000,1922.000,20
22:06:12.77700,1922.000,3
22:06:33.18300,1922.250,121
22:06:33.49600,1922.250,10
22:06:33.60500,1922.250,1
22:06:39.50300,1922.250,34
22:06:49.37500,1922.250,11
22:06:58.16400,1922.500,11
22:06:59.23800,1922.500,107
22:06:59.31200,1922.750,2
22:06:59.96800,1922.500,25
22:07:01.70700,1922.750,2
22:07:02.73000,1922.500,5
22:07:03.39400,1922.750,2
22:07:05.49200,1922.500,1
22:07:06.41000,1922.750,1
22:07:09.09300,1922.750,1
22:07:10.70300,1922.500,11
22:07:12.85500,1922.500,1
22:07:15.55000,1922.250,2
22:07:17.16700,1922.250,1
22:07:18.56200,1922.250,11
22:07:27.40600,1922.500,1
22:07:29.69100,1922.500,1
22:07:30.19500,1922.250,1
22:07:43.05000,1922.250,1
22:07:44.01100,1922.500,20
22:07:45.68700,1922.250,1
22:07:46.00700,1922.500,1
22:07:48.53100,1922.500,1
22:07:51.03500,1922.250,1
22:07:53.76100,1922.500,4
22:07:56.18700,1922.500,4
22:07:59.83200,1922.500,3
22:08:02.71800,1922.750,2
22:08:06.51100,1922.500,3
22:08:09.30400,1922.500,1
22:08:19.91000,1922.500,1
22:08:20.82400,1922.500,1
22:08:22.48000,1922.750,2
22:08:24.30400,1922.750,1
22:08:27.77700,1922.500,1
22:08:32.11300,1922.750,2
22:08:33.92100,1923.000,158
22:08:34.09700,1923.000,2
22:08:34.21400,1922.750,1
22:08:38.89400,1922.750,1
22:08:39.31600,1922.750,1
22:08:42.32800,1923.000,1
22:08:44.04600,1923.000,1
22:08:45.91000,1922.750,1
22:08:51.59700,1923.000,1
22:08:58.41700,1923.000,1
22:09:10.37800,1922.750,2
22:09:17.81200,1922.750,1
22:09:24.64400,1923.000,1
22:09:25.01900,1922.750,1
22:09:38.90200,1923.000,6
22:09:39.94900,1922.750,1
22:09:42.12800,1923.000,2
22:09:44.81600,1923.000,2
22:09:48.05400,1923.000,1
22:09:52.08200,1922.750,2
22:09:53.32800,1923.000,1
22:09:53.93700,1922.750,1
22:09:57.38200,1922.750,1
22:09:58.87100,1922.750,1
22:10:01.39800,1923.000,5
22:10:01.59300,1922.750,1
22:10:02.76100,1923.000,1
22:10:05.05000,1922.750,1
22:10:06.07400,1923.000,2
22:10:08.23800,1923.000,1
22:10:08.66400,1922.750,5
22:10:12.26900,1922.750,2
22:10:12.81200,1922.750,14
22:10:20.52700,1922.500,1
22:10:25.80400,1922.500,1
22:10:29.96800,1922.750,17
22:10:30.15200,1923.000,1
22:10:31.46800,1922.750,1
22:10:34.52300,1922.750,1
22:10:36.61700,1922.750,20
22:10:37.09700,1923.000,1
22:10:40.67500,1922.750,1
22:10:41.91400,1923.000,1
22:10:47.28900,1922.750,1
22:10:51.10900,1923.000,81
22:10:55.01900,1923.000,3
22:10:57.15600,1923.000,2
22:10:57.95300,1923.250,2
22:10:58.15200,1923.250,1
22:10:59.47600,1923.250,2
22:11:01.61300,1923.000,27
22:11:03.82400,1922.750,60
22:11:04.04200,1922.750,40
22:11:04.47600,1923.000,1
22:11:06.64400,1923.000,1
22:11:07.50300,1923.000,1
22:11:07.76900,1922.750,10
22:11:08.23800,1922.750,1
22:11:14.20300,1922.500,3
22:11:17.58500,1922.750,1
22:11:20.04200,1922.750,1
22:11:20.48000,1922.500,3
22:11:20.70700,1922.750,3
22:11:23.53900,1923.000,1
22:11:26.82000,1923.000,2
22:11:27.18300,1922.750,1
22:11:34.26100,1922.750,1
22:11:35.64000,1922.750,1
22:11:35.83200,1922.750,1
22:11:37.79200,1922.750,5
22:11:40.92500,1922.750,5
22:11:43.89000,1922.750,4
22:11:45.21400,1922.750,4
22:11:51.91400,1922.750,1
22:11:55.23400,1922.750,4
22:11:56.30400,1922.750,4
22:11:58.23800,1922.750,1
22:11:58.41400,1922.750,1
22:12:09.22200,1923.000,13
22:12:23.25700,1923.000,1
22:12:31.34700,1922.750,1
22:12:41.81200,1922.750,1
22:12:47.71000,1922.750,1
22:12:54.75000,1922.750,26
22:12:55.06600,1922.750,5
22:12:56.30400,1922.750,4
22:12:58.05400,1922.750,4
22:12:58.78100,1922.750,1
22:13:09.69100,1922.500,7
22:13:14.05000,1922.500,1
22:13:14.89400,1922.500,1
22:13:20.14400,1922.500,1
22:13:26.51900,1922.500,27
22:13:27.71400,1922.250,33
22:13:27.92900,1922.250,18
22:13:28.03100,1922.250,3
22:13:33.03500,1922.000,6
22:13:33.19500,1922.000,9
22:13:34.76900,1922.000,5
22:13:35.20300,1922.000,17
22:13:35.82000,1922.000,4
22:13:38.96400,1922.000,2
22:13:39.25300,1922.000,1
22:13:42.46400,1922.000,1
22:13:47.07000,1922.500,111
22:13:47.55400,1922.500,2
22:13:47.77300,1922.250,1
22:13:49.31200,1922.500,9
22:13:49.53900,1922.250,1
22:13:50.68700,1922.750,1
22:13:55.50300,1922.500,8
22:13:56.57000,1922.500,2
22:14:11.70700,1922.750,10
22:14:11.85500,1922.500,17
22:14:17.96400,1922.250,2
22:14:20.31600,1922.250,2
22:14:23.96000,1922.500,3
22:14:26.14800,1922.250,1
22:14:27.74600,1922.500,3
22:14:39.41700,1922.250,4
22:14:40.20700,1922.250,1
22:14:42.86300,1922.250,6
22:14:50.61700,1922.250,1
22:14:51.17100,1922.250,2
22:14:54.54200,1922.500,2
22:14:55.11700,1922.250,80
22:15:00.95300,1922.250,4
22:15:01.80400,1922.000,1
22:15:02.48800,1922.250,4
22:15:02.82000,1922.250,7
22:15:05.55400,1922.000,2
22:15:13.00700,1922.250,6
22:15:15.00000,1922.250,4
22:15:23.00300,1922.250,4
22:15:23.50000,1922.250,8
22:15:24.28100,1922.250,2
22:15:28.96400,1922.250,1
22:15:31.25700,1922.500,1
22:15:35.02300,1922.250,1
22:15:39.48800,1922.500,1
22:15:47.78100,1922.500,17
22:15:49.62800,1922.500,1
22:15:52.91400,1922.750,2
22:15:54.44500,1922.500,1
22:15:54.83900,1922.500,12
22:15:55.05800,1922.250,1
22:16:29.68700,1922.500,3
22:16:38.62500,1922.250,2
22:17:20.91400,1922.250,2
22:17:23.17900,1922.250,2
22:17:33.73800,1922.250,5
22:17:35.72200,1922.000,3
22:17:39.92900,1922.250,1
22:17:52.74200,1922.250,1
22:18:28.20300,1922.250,3
22:18:29.45300,1922.000,1
22:18:35.87100,1922.250,26
22:18:36.05000,1922.250,5
22:18:38.08900,1922.250,5
22:18:40.03900,1922.250,29
22:18:42.09300,1922.250,70
22:18:50.96400,1922.500,11
22:18:52.22600,1922.250,2
22:18:56.36300,1922.500,1
22:18:59.32000,1922.500,4
22:18:59.59700,1922.500,24
22:19:13.39800,1922.750,39
22:19:13.72200,1923.000,1
22:19:16.09300,1923.000,2
22:19:20.05400,1922.750,2
22:19:21.26500,1922.750,1
22:19:24.67500,1923.000,2
22:19:25.50300,1923.000,2
22:19:26.68300,1923.000,81
22:19:31.95300,1923.250,31
22:19:37.53500,1923.250,47
22:19:38.86300,1923.500,28
22:19:38.91000,1923.500,1
22:19:39.16000,1923.500,2
22:19:39.50300,1923.250,12
22:19:39.78900,1923.250,8
22:19:41.96000,1923.500,4
22:19:42.26100,1923.500,40
22:19:42.96800,1923.500,5
22:19:43.32800,1923.250,2
22:19:44.26500,1923.500,1
22:19:44.40600,1923.500,1
22:19:44.52700,1923.250,31
22:19:45.08200,1923.250,1
22:19:45.85900,1923.000,12
22:19:46.71400,1923.250,6
22:19:48.08500,1923.250,1
22:19:48.63200,1923.250,3
22:19:50.17900,1923.250,1
22:19:52.52700,1923.000,1
22:20:01.68300,1922.750,15
22:20:03.59700,1923.000,20
22:20:05.16400,1923.000,3
22:20:05.70300,1923.000,1
22:20:06.89400,1923.000,21
22:20:10.07800,1923.000,3
22:20:10.67500,1923.000,10
22:20:15.14400,1922.750,15
22:20:17.52700,1922.750,1
22:20:20.25700,1922.750,1
22:20:20.44100,1922.750,2
22:20:22.66700,1923.000,7
22:20:23.44900,1923.000,2
22:20:25.00300,1923.000,4
22:20:31.96800,1923.000,9
22:20:38.55400,1923.000,2
22:20:41.32400,1923.000,1
22:20:42.86300,1923.250,60
22:20:45.03500,1923.250,1
22:20:48.01900,1923.250,2
22:20:50.21000,1923.250,1
22:20:53.21400,1923.250,18
22:20:54.21800,1923.000,1
22:20:57.38600,1923.500,25
22:21:01.43300,1923.250,4
22:21:01.57800,1923.250,1
22:21:01.96000,1923.250,3
22:21:04.06600,1923.250,1
22:21:05.92900,1923.500,1
22:21:06.11700,1923.250,1
22:21:07.89400,1923.250,10
22:21:12.40200,1923.500,1
22:21:16.51100,1923.250,1
22:21:20.38200,1923.250,22
22:21:20.54600,1924.000,129
22:21:20.59300,1924.000,19
22:21:20.71000,1924.000,10
22:21:20.83500,1924.000,2
22:21:20.94100,1923.750,7
22:21:21.29600,1923.750,3
22:21:21.50000,1924.000,1
22:21:23.09700,1923.750,1
22:21:23.24200,1923.750,1
22:21:23.41700,1924.000,1
22:21:27.57400,1924.000,1
22:21:28.30800,1924.000,1
22:21:29.02700,1924.000,4
22:21:30.73400,1924.000,1
22:21:31.57400,1923.750,35
22:21:35.79200,1923.750,26
22:21:37.12100,1923.750,1
22:21:39.93300,1923.750,10
22:21:43.06600,1923.750,3
22:21:43.42100,1923.750,1
22:21:46.88600,1924.000,1
22:21:48.51900,1923.750,1
22:21:49.96000,1923.750,5
22:21:51.47600,1923.750,1
22:21:51.59700,1924.000,1
22:21:52.83900,1924.000,1
22:21:53.54600,1923.750,2
22:21:56.44500,1924.000,5
22:21:58.14000,1923.500,25
22:22:01.33900,1923.500,3
22:22:01.84700,1923.750,1
22:22:03.33500,1923.750,1
22:22:05.85900,1923.500,5
22:22:06.36300,1923.500,1
22:22:06.76100,1923.500,1
22:22:08.26100,1923.500,1
22:22:09.16700,1923.750,5
22:22:09.60900,1923.750,1
22:22:15.37100,1923.500,5
22:22:16.85100,1923.750,1
22:22:20.00300,1923.500,3
22:22:20.49200,1923.500,11
22:22:25.69900,1923.500,1
22:22:25.90200,1923.500,11
22:22:27.58900,1923.750,1
22:22:28.95300,1923.750,1
22:22:29.73800,1923.500,1
22:22:30.44100,1923.500,1
22:22:31.30400,1923.500,1
22:22:31.88600,1923.500,5
22:22:38.02300,1923.500,1
22:22:41.09300,1923.500,8
22:22:41.56200,1923.250,1
22:22:42.31200,1923.250,1
22:22:46.25000,1923.250,1
22:22:48.52300,1923.250,1
22:22:54.33500,1923.500,1
22:22:55.43700,1923.250,10
22:22:56.27300,1923.250,3
22:22:59.86300,1923.250,4
22:23:04.69900,1923.250,2
22:23:08.82800,1923.250,7
22:23:12.00700,1923.250,1
22:23:12.82400,1923.250,1
22:23:27.33900,1923.250,1
22:23:29.83900,1923.000,3
22:23:29.95700,1923.000,1
22:23:33.88200,1923.250,10
22:23:36.20300,1923.000,1
22:23:42.70700,1923.250,1
22:23:43.22200,1923.250,1
22:23:52.41400,1923.250,3
22:23:58.37500,1923.000,17
22:23:58.91400,1923.250,4
22:24:04.83900,1923.000,7
22:24:13.06600,1923.000,2
22:24:13.48000,1922.750,3
22:24:15.57800,1923.000,2
22:24:18.09700,1923.000,1
22:24:22.92100,1923.000,1
22:24:24.73400,1923.000,4
22:24:31.44100,1923.000,1
22:24:35.72200,1923.250,9
22:24:37.00300,1923.250,1
22:24:39.37500,1923.250,1
22:24:39.77300,1923.250,3
22:24:39.95300,1923.250,1
22:24:43.91700,1923.250,1
22:24:44.68700,1923.250,1
22:24:48.15600,1923.250,1
22:24:50.73000,1923.500,1
22:24:50.88200,1923.500,2
22:24:53.69100,1923.500,3
22:24:55.20300,1923.250,1
22:24:56.48000,1923.250,2
22:25:03.53900,1923.250,7
22:25:07.73000,1923.250,2
22:25:08.53100,1923.500,72
22:25:08.70300,1923.500,8
22:25:10.49200,1923.500,4
22:25:15.54600,1923.500,5
22:25:20.70300,1923.500,1
22:25:23.87500,1923.500,1
22:25:45.06200,1923.500,1
22:25:46.66400,1923.500,3
22:25:58.83200,1923.250,1
22:26:03.64800,1923.250,12
22:26:14.08200,1923.000,3
22:26:17.53900,1923.000,23
22:26:22.05400,1923.000,1
22:26:35.65600,1923.000,18
22:26:35.89000,1923.000,2
22:26:36.15600,1923.000,6
22:26:46.50700,1923.000,1
22:26:47.09700,1922.750,1
22:26:47.42500,1923.000,10
22:26:48.38600,1923.250,1
22:26:54.63600,1923.000,12
22:26:56.78100,1923.000,1
22:27:06.85500,1923.000,27
22:27:08.18700,1923.000,6
22:27:12.33200,1923.000,5
22:27:15.10500,1923.000,1
22:27:26.76900,1923.000,1
22:27:30.13200,1923.000,1
22:27:30.30800,1923.250,14
22:27:39.08900,1923.000,2
22:27:45.22600,1923.000,1
22:27:46.88600,1923.000,1
22:27:47.00700,1923.250,6
22:27:48.80800,1923.250,7
22:27:50.76900,1923.250,1
22:27:52.00700,1923.250,3
22:27:54.75000,1923.250,3
22:27:56.00700,1923.250,8
22:27:56.51900,1923.000,2
22:27:57.01500,1923.250,2
22:27:59.48400,1923.000,2
22:28:07.32000,1923.250,2
22:28:09.44500,1923.000,1
22:28:12.22600,1923.250,2
22:28:12.86700,1923.250,1
22:28:17.12500,1923.500,1
22:28:17.25300,1923.250,4
22:28:17.79200,1923.500,2
22:28:22.62500,1923.250,1
22:28:24.76100,1923.500,1
22:28:36.07800,1923.500,28
22:28:37.39800,1923.500,5
22:28:41.38600,1923.500,1
22:28:43.89400,1923.500,3
22:28:54.95300,1923.750,58
22:28:55.50300,1923.750,1
22:28:55.70300,1923.750,10
22:28:57.01100,1924.000,3
22:28:57.26500,1924.000,2
22:28:59.28900,1924.000,1
22:29:01.24600,1923.750,2
22:29:01.68300,1923.750,6
22:29:03.60900,1923.750,2
22:29:04.71400,1924.000,49
22:29:05.34700,1924.000,1
22:29:07.71800,1924.000,49
22:29:09.26500,1924.250,50
22:29:10.08900,1924.000,1
22:29:10.32000,1924.250,1
22:29:11.66700,1924.250,1
22:29:12.61700,1924.250,1
22:29:12.97200,1924.250,1
22:29:17.68700,1924.250,1
22:29:22.85100,1924.000,2
22:29:23.14800,1924.000,3
22:29:23.69500,1924.000,13
22:29:23.94900,1924.000,1
22:29:25.11700,1924.250,1
22:29:26.48800,1923.750,2
22:29:27.40200,1924.000,10
22:29:30.31200,1924.000,4
22:29:31.86700,1924.000,10
22:29:33.14400,1924.000,1
22:29:34.31600,1924.000,109
22:29:35.05000,1924.000,3
22:29:40.74200,1923.750,1
22:29:44.04600,1924.000,1
22:29:45.44900,1923.750,1
22:29:45.85100,1923.750,19
22:29:46.75700,1923.750,1
22:29:47.62800,1923.750,1
22:29:48.43300,1923.750,1
22:29:50.00700,1924.000,2
22:29:50.93300,1923.750,1
22:29:54.15600,1924.000,1
22:29:56.66000,1924.000,1
22:29:57.25000,1924.000,25
22:29:57.33200,1924.000,15
22:29:57.73000,1924.000,1
22:30:00.87100,1924.000,182
22:30:01.31600,1924.000,1
22:30:03.12100,1924.000,2
22:30:03.40600,1924.250,1
22:30:03.61300,1924.000,2
22:30:07.06200,1924.250,6
22:30:08.77700,1924.250,2
22:30:09.08900,1924.250,1
22:30:10.31600,1924.250,13
22:30:11.30800,1924.250,3
22:30:12.48400,1924.250,3
22:30:13.34700,1924.250,19
22:30:13.73000,1924.250,1
22:30:13.96800,1924.250,2
22:30:14.94900,1924.250,3
22:30:15.30800,1924.250,1
22:30:15.41400,1924.500,50
22:30:16.58500,1924.250,1
22:30:20.04600,1924.500,2
22:30:20.47200,1924.250,7
22:30:21.81600,1924.500,1
22:30:22.45700,1924.500,58
22:30:22.67900,1924.500,6
22:30:22.75300,1924.750,16
22:30:22.84700,1924.750,4
22:30:23.07000,1924.750,5
22:30:24.08900,1924.500,2
22:30:24.85100,1924.500,7
22:30:25.16000,1924.250,1
22:30:26.08200,1924.750,1
22:30:26.27300,1924.500,12
22:30:28.59300,1924.500,5
22:30:32.91400,1924.500,57
22:30:34.84700,1924.250,3
22:30:35.44900,1924.250,1
22:30:35.58200,1924.250,24
22:30:38.17100,1924.250,1
22:30:44.56600,1924.250,4
22:30:45.90200,1924.000,4
22:30:47.37500,1924.000,1
22:30:47.68700,1924.250,35
22:30:51.69500,1924.250,13
22:30:56.32000,1924.250,53
22:30:58.52700,1924.250,1
22:31:03.80400,1924.000,2
22:31:03.96800,1924.250,17
22:31:05.62100,1924.250,1
22:31:06.43700,1924.250,6
22:31:07.11300,1924.250,1
22:31:07.35900,1924.250,1
22:31:08.53500,1924.250,23
22:31:09.25700,1924.250,4
22:31:10.83500,1924.250,4
22:31:12.85900,1924.250,2
22:31:17.45700,1924.000,2
22:31:19.80800,1924.000,39
22:31:20.48800,1924.000,1
22:31:21.20700,1924.250,40
22:31:21.45300,1924.250,5
22:31:30.03900,1924.000,1
22:31:34.85500,1924.000,3
22:31:42.57800,1924.000,1
22:31:52.84700,1924.250,2
22:31:58.11700,1924.250,1
22:32:10.67100,1924.500,3
22:32:13.62800,1924.500,3
22:32:16.96400,1924.250,49
22:32:19.40200,1924.250,1
22:32:20.58200,1924.250,4
22:32:21.52700,1924.250,1
22:32:28.05800,1924.250,1
22:32:31.40200,1924.250,1
22:32:34.51900,1924.250,1
22:32:38.26100,1924.500,30
22:32:42.54200,1924.250,1
22:32:44.97200,1924.250,54
22:32:46.38200,1924.250,6
22:32:48.42900,1924.000,1
22:32:48.96400,1924.000,1
22:32:55.49200,1924.000,2
22:33:09.44900,1924.000,3
22:33:10.58500,1924.000,1
22:33:11.64400,1924.000,2
22:33:17.14400,1924.000,1
22:33:19.48000,1924.000,105
22:33:20.81200,1924.000,1
22:33:20.92900,1924.000,2
22:33:23.71000,1924.000,2
22:33:24.87800,1924.000,11
22:33:32.00700,1923.750,1
22:33:34.67500,1924.000,15
22:33:34.82800,1924.000,1
22:33:35.91400,1924.000,1
22:33:37.13200,1924.250,29
22:33:37.81200,1924.000,1
22:33:39.06200,1924.000,1
22:33:41.62500,1924.000,1
22:33:43.14400,1924.250,1
22:33:46.69100,1924.250,1
22:33:46.81200,1924.250,1
22:33:47.10500,1924.250,54
22:33:47.71800,1924.250,14
22:33:55.78500,1924.250,27
22:34:05.10500,1924.500,46
22:34:05.31200,1924.250,1
22:34:06.88200,1924.500,21
22:34:07.04200,1924.500,4
22:34:07.06600,1924.750,1
22:34:08.27700,1924.750,4
22:34:08.51500,1924.750,1
22:34:11.41700,1924.750,1
22:34:12.73400,1924.500,2
22:34:12.96000,1924.500,1
22:34:13.16000,1924.750,3
22:34:14.38600,1924.500,1
22:34:18.73800,1924.750,22
22:34:19.47600,1924.500,1
22:34:20.41400,1924.500,2
22:34:21.05000,1924.750,46
22:34:21.87800,1924.750,10
22:34:23.94900,1924.500,1
22:34:24.10100,1924.750,48
22:34:25.00700,1924.750,4
22:34:26.37800,1924.750,3
22:34:29.37800,1924.750,2
22:34:34.37800,1924.750,1
22:34:35.10900,1924.750,20
22:34:37.12800,1924.500,5
22:34:38.35900,1924.500,20
22:34:43.41400,1924.750,2
22:34:45.22200,1924.500,26
22:34:47.92900,1924.500,4
22:34:48.10100,1924.750,23
22:34:49.26100,1924.750,169
22:34:49.49600,1925.000,5
22:34:50.49600,1925.000,20
22:34:50.64400,1925.000,3
22:34:51.35500,1925.000,2
22:34:51.63200,1924.750,2
22:34:51.95300,1925.000,2
22:34:52.28100,1925.000,1
22:34:52.96800,1925.000,1
22:34:53.46800,1924.750,1
22:34:54.05800,1925.000,2
22:34:54.28900,1925.000,1
22:34:55.02300,1925.000,17
22:34:55.58500,1924.750,22
22:34:58.89000,1924.750,35
22:35:04.71400,1924.750,18
22:35:05.50700,1925.000,6
22:35:08.66400,1924.750,12
22:35:13.68300,1925.000,1
22:35:14.78100,1924.750,1
22:35:19.28100,1924.750,5
22:35:19.51900,1924.750,1
22:35:20.48400,1924.750,5
22:35:20.79200,1924.750,1
22:35:21.63600,1925.000,3
22:35:25.00300,1924.750,3
22:35:26.09700,1925.000,1
22:35:28.18300,1925.000,1
22:35:31.11300,1924.750,75
22:35:31.21800,1924.750,1
22:35:32.23800,1925.000,18
22:35:33.10900,1925.000,4
22:35:34.87500,1925.250,38
22:35:35.04600,1925.250,2
22:35:35.16400,1925.000,3
22:35:35.25000,1925.250,5
22:35:35.55000,1925.250,1
22:35:35.78900,1925.250,1
22:35:36.18300,1925.250,2
22:35:36.93700,1925.250,1
22:35:37.91700,1925.000,3
22:35:39.75000,1925.000,4
22:35:41.68700,1925.250,3
22:35:41.82000,1925.000,48
22:35:41.87800,1925.000,1
22:35:43.34700,1925.250,2
22:35:43.45300,1925.250,1
22:35:43.94100,1925.250,1
22:35:44.60900,1925.500,64
22:35:44.76500,1925.250,13
22:35:45.41700,1925.500,3
22:35:45.65600,1925.500,2
22:35:45.92500,1925.250,4
22:35:46.14400,1925.250,1
22:35:46.64800,1925.250,1
22:35:48.73000,1925.250,2
22:35:49.09300,1925.250,1
22:35:50.12500,1925.500,4
22:35:50.75300,1925.250,1
22:35:51.12800,1925.250,1
22:35:52.16000,1925.250,26
22:35:53.58200,1925.250,17
22:35:54.82800,1925.250,3
22:35:56.66700,1925.000,47
22:35:57.71400,1924.750,1
22:35:58.34700,1925.000,1
22:36:03.32800,1924.750,8
22:36:03.66000,1924.750,1
22:36:04.39400,1925.000,6
22:36:04.76900,1924.750,4
22:36:06.21800,1924.750,2
22:36:06.59700,1925.000,50
22:36:07.13600,1924.750,1
22:36:07.70700,1924.750,1
22:36:07.94500,1925.000,27
22:36:10.07000,1925.000,1
22:36:11.12800,1925.000,2
22:36:20.94500,1925.250,1
22:36:22.09300,1925.000,4
22:36:22.58900,1925.250,1
22:36:23.21000,1925.250,1
22:36:25.53500,1925.000,1
22:36:34.90600,1925.250,25
22:36:38.69900,1925.250,1
22:36:40.72200,1925.250,1
22:36:41.64800,1925.250,10
22:36:42.83900,1925.000,1
22:36:43.41400,1925.000,1
22:36:44.37100,1925.250,1
22:36:44.83900,1925.250,1
22:36:45.87800,1925.250,59
22:36:50.11700,1925.250,2
22:36:52.19100,1925.000,1
22:36:54.45300,1925.250,4
22:36:58.49600,1925.250,1
22:37:03.30800,1925.250,6
22:37:04.10900,1925.250,3
22:37:07.02300,1925.250,1
22:37:07.83900,1925.250,65
22:37:09.10500,1925.500,1
22:37:10.35500,1925.250,1
22:37:10.71000,1925.500,3
22:37:11.21000,1925.250,1
22:37:12.96400,1925.500,3
22:37:13.67900,1925.500,1
22:37:20.46400,1925.250,14
22:37:20.93700,1925.250,3
22:37:23.90200,1925.250,4
22:37:27.41700,1925.250,13
22:37:31.23000,1925.000,1
22:37:32.69500,1925.000,1
22:37:33.21800,1925.000,1
22:37:37.10100,1925.000,2
22:37:37.31200,1925.000,10
22:37:38.19500,1925.000,2
22:37:39.03100,1925.000,3
22:37:39.48800,1925.000,1
22:37:40.55000,1924.750,3
22:37:42.22600,1924.750,1
22:37:43.03500,1924.750,1
22:37:44.17100,1924.750,25
22:37:47.35100,1924.500,3
22:37:50.27700,1924.500,1
22:37:51.96000,1924.750,7
22:37:52.25700,1924.750,3
22:37:52.75300,1924.750,1
22:37:53.89000,1925.000,1
22:37:55.34300,1925.000,7
22:37:55.40600,1925.000,2
22:37:58.73400,1925.000,1
22:38:01.11300,1924.750,2
22:38:04.63600,1925.000,1
22:38:07.37500,1925.250,30
22:38:07.55000,1925.000,1
22:38:07.63200,1925.250,1
22:38:10.01500,1925.000,3
22:38:10.36300,1925.250,1
22:38:16.16400,1925.000,1
22:38:16.79600,1924.750,1
22:38:25.02700,1924.750,5
22:38:29.66700,1925.000,6
22:38:30.91700,1925.000,1
22:38:38.36700,1925.000,18
22:38:42.64000,1924.750,2
22:38:44.30800,1924.750,1
22:38:44.80000,1925.000,6
22:38:45.44100,1925.000,4
22:38:58.36700,1925.000,38
22:39:05.47600,1924.750,2
22:39:05.71400,1924.750,1
22:39:08.66400,1925.000,1
22:39:09.94100,1924.750,1
22:39:25.36700,1925.000,30
22:39:34.30000,1925.000,1
22:39:36.03100,1925.000,1
22:39:38.85500,1924.750,1
22:39:40.05000,1925.000,1
22:39:50.11700,1924.750,5
22:39:52.14800,1925.000,1
22:39:53.36300,1924.750,1
22:39:56.40200,1925.000,31
22:39:58.31200,1925.000,1
22:39:58.63600,1924.750,61
22:40:02.39400,1924.500,7
22:40:04.72200,1924.750,2
22:40:06.17500,1924.750,3
22:40:11.81600,1924.750,1
22:40:15.14800,1924.750,2
22:40:18.38200,1924.750,20
22:40:29.86700,1924.750,4
22:40:30.20300,1924.750,1
22:40:30.36700,1924.750,1
22:40:34.27700,1924.500,2
22:40:37.82000,1924.500,1
22:40:45.30800,1924.750,1
22:40:48.36700,1924.750,30
22:40:56.32000,1924.500,1
22:41:01.62800,1924.500,8
22:41:01.85900,1924.750,1
22:41:02.37500,1924.500,1
22:41:07.95300,1924.500,49
22:41:12.91700,1924.250,3
22:41:16.79200,1924.250,1
22:41:17.14800,1924.250,1
22:41:24.37800,1924.250,1
22:41:27.28100,1924.500,6
22:41:27.64000,1924.250,1
22:41:27.83200,1924.250,3
22:41:28.76900,1924.500,1
22:41:29.26500,1924.250,1
22:41:31.71400,1924.250,3
22:41:35.36700,1924.500,30
22:41:46.49200,1924.500,1
22:41:47.05000,1924.250,1
22:41:48.81600,1924.250,1
22:41:49.29200,1924.250,1
22:41:56.18700,1924.500,20
22:41:56.66700,1924.500,1
22:42:05.80000,1924.250,12
22:42:06.36700,1924.500,30
22:42:10.26500,1924.500,1
22:42:20.12100,1924.500,1
22:42:35.40200,1924.500,28
22:42:37.25700,1924.500,5
22:42:38.24600,1924.500,3
22:42:39.76100,1924.500,1
22:42:40.39400,1924.750,37
22:42:41.28100,1924.500,1
22:42:43.55400,1924.750,1
22:42:44.89400,1924.750,1
22:42:48.37800,1924.750,3
22:42:48.94900,1924.750,1
22:42:53.95700,1924.500,8
22:42:55.02300,1924.750,12
22:42:59.56600,1924.500,1
22:43:03.58200,1924.500,6
22:43:04.92500,1924.500,1
22:43:07.00700,1924.750,1
22:43:16.32400,1924.500,1
22:43:25.64800,1924.500,1
22:43:25.77300,1924.500,17
22:43:40.96000,1924.500,1
22:43:42.46800,1924.500,1
22:43:48.55400,1924.500,1
22:43:50.74600,1924.500,2
22:43:55.25000,1924.250,1
22:44:05.51500,1924.250,20
22:44:07.40200,1924.250,3
22:44:07.85100,1924.250,1
22:44:10.01900,1924.250,4
22:44:18.16700,1924.000,6
22:44:19.35500,1924.000,1
22:44:23.41400,1924.250,1
22:44:25.54200,1924.000,1
22:44:35.91000,1924.500,14
22:44:37.73400,1924.250,1
22:44:40.82800,1924.500,1
22:44:42.25700,1924.250,1
22:44:43.28100,1924.250,1
22:44:53.20700,1924.500,1
22:44:56.56200,1924.250,1
22:44:57.58500,1924.500,2
22:45:04.21400,1924.500,3
22:45:04.87500,1924.500,1
22:45:07.29200,1924.250,4
22:45:07.69100,1924.250,1
22:45:08.46000,1924.250,14
22:45:09.01100,1924.250,1
22:45:11.34300,1924.250,5
22:45:11.68700,1924.250,1
22:45:21.84500,1924.250,1
22:45:21.84500,1924.500,10
22:45:24.09700,1924.250,8
22:45:25.80800,1924.250,40
22:45:34.37500,1924.250,1
22:45:46.24600,1924.250,1
22:45:51.66400,1924.250,3
22:45:56.63200,1924.500,5
22:45:57.23400,1924.250,2
22:45:59.25300,1924.250,1
22:46:14.94500,1924.250,3
22:46:20.07400,1924.500,1
22:46:21.69500,1924.250,1
22:46:31.89400,1924.500,1
22:46:35.01100,1924.500,1
22:46:37.96400,1924.500,1
22:46:43.42100,1924.500,1
22:46:45.38600,1924.500,33
22:46:55.21000,1924.750,3
22:47:01.41700,1924.750,29
22:47:04.09700,1924.750,2
22:47:05.75300,1924.750,2
22:47:07.13200,1924.750,3
22:47:10.08200,1925.000,1
22:47:21.43700,1925.000,5
22:47:23.46000,1924.750,6
22:47:29.90200,1924.750,2
22:47:34.28100,1924.750,5
22:47:35.58900,1924.750,1
22:47:37.32800,1925.000,7
22:47:39.17500,1925.000,3
22:47:43.13200,1925.000,1
22:47:55.27700,1925.000,1
22:48:05.03100,1924.750,2
22:48:05.64400,1925.000,3
22:48:06.86300,1924.750,19
22:48:11.73800,1924.750,1
22:48:29.89400,1924.500,1
22:48:32.90200,1924.750,34
22:48:35.19100,1925.000,1
22:48:38.29200,1924.750,1
22:48:40.31200,1924.750,4
22:48:40.71800,1924.750,10
22:48:42.56200,1924.750,1
22:48:44.85900,1924.500,2
22:48:46.42100,1924.500,1
22:48:47.14000,1924.750,1
22:48:58.29200,1924.750,1
22:49:06.82400,1924.500,14
22:49:12.07400,1924.500,4
22:49:12.76900,1924.500,1
22:49:13.10500,1924.500,9
22:49:21.54200,1924.500,4
22:49:25.54600,1924.500,1
22:49:37.94100,1924.500,1
22:49:38.75700,1924.500,2
22:49:45.75300,1924.500,1
22:49:56.87100,1924.500,6
22:49:58.06600,1924.500,2
22:49:59.82000,1924.500,2
22:50:09.66000,1924.750,2
22:50:11.43700,1924.500,11
22:50:15.34300,1924.500,5
22:50:17.73000,1924.500,2
22:50:47.82800,1924.500,3
22:50:59.47600,1924.500,1
22:51:11.48400,1924.500,3
22:51:12.53500,1924.500,1
22:51:14.77700,1924.500,2
22:51:19.28500,1924.750,1
22:51:23.55400,1924.750,2
22:51:24.36700,1924.750,8
22:51:25.20300,1925.000,5
22:51:26.23000,1925.000,1
22:51:42.71400,1925.000,1
22:51:46.24200,1925.000,1
22:51:55.63200,1924.750,11
22:51:58.29600,1924.750,8
22:52:05.76500,1924.750,7
22:52:09.62500,1924.750,1
22:52:15.08500,1924.750,8
22:52:21.63600,1924.750,29
22:52:22.96000,1924.500,21
22:52:29.73400,1924.250,2
22:52:30.03900,1924.500,1
22:52:35.93700,1924.500,1
22:52:36.89800,1924.500,1
22:52:41.21000,1924.500,6
22:52:50.10900,1924.500,6
22:52:52.28500,1924.750,2
22:52:59.73400,1924.500,2
22:53:05.07000,1924.750,2
22:53:16.01500,1924.250,68
22:53:16.19500,1924.500,13
22:53:20.19900,1924.500,6
22:53:22.08900,1924.250,1
22:53:26.64000,1924.250,1
22:53:29.49200,1924.250,1
22:53:31.95700,1924.250,1
22:53:42.50700,1924.250,1
22:53:44.69500,1924.250,2
22:53:46.55000,1924.250,1
22:53:58.53500,1924.250,1
22:54:04.04600,1924.250,5
22:54:04.51100,1924.750,213
22:54:05.82800,1924.500,1
22:54:16.27300,1924.500,1
22:54:18.41000,1924.500,2
22:54:19.15600,1924.500,5
22:54:25.60500,1924.500,1
22:54:30.33900,1924.500,1
22:54:37.20300,1924.750,1
22:54:38.31200,1924.500,1
22:54:51.58900,1924.500,1
22:54:52.17100,1924.750,1
22:54:53.56600,1924.750,8
22:54:59.65600,1924.500,2
22:55:00.33200,1924.500,4
22:55:10.45700,1924.500,1
22:55:12.16700,1924.500,1
22:55:13.75300,1924.500,2
22:55:22.35100,1924.500,1
22:55:33.44500,1924.500,2
22:55:37.15200,1924.750,1
22:55:43.13200,1924.750,1
22:55:43.24200,1924.500,1
22:55:44.27300,1924.750,1
22:55:49.48400,1924.500,2
22:55:52.42900,1924.750,1
22:56:01.91000,1924.750,2
22:56:03.40200,1924.750,1
22:56:05.69500,1924.500,1
22:56:09.31600,1924.750,1
22:56:11.60500,1924.500,1
22:56:12.97200,1924.750,1
22:56:14.61300,1924.500,2
22:56:15.35100,1924.500,1
22:56:17.38200,1924.500,1
22:56:21.91000,1924.500,9
22:56:22.31600,1924.500,2
22:56:26.19100,1924.500,5
22:56:29.67100,1924.500,1
22:56:31.51900,1924.500,1
22:56:32.33900,1924.750,1
22:56:35.70700,1924.500,1
22:56:38.59300,1924.500,20
22:56:39.17500,1924.500,1
22:56:41.86300,1924.750,1
22:56:43.92900,1924.500,1
22:56:44.07000,1924.500,1
22:56:53.14400,1924.750,10
22:56:58.42900,1924.500,1
22:56:59.20700,1924.750,50
22:57:06.76900,1924.750,4
22:57:13.79600,1924.750,3
22:57:16.47200,1924.750,1
22:57:17.32400,1924.750,1
22:57:23.36700,1924.750,3
22:57:24.68300,1924.750,4
22:57:29.57400,1924.500,2
22:57:37.53100,1924.750,1
22:57:40.91000,1924.500,1
22:57:42.85100,1924.750,11
22:57:45.23800,1924.750,1
22:57:47.79200,1924.750,1
22:57:49.26900,1925.000,1
22:58:05.57000,1925.000,7
22:58:07.73000,1925.000,3
22:58:10.46000,1925.000,1
22:58:21.24200,1925.000,1
22:58:24.00000,1925.000,1
22:58:25.22600,1925.000,4
22:58:39.24600,1924.750,2
22:58:44.53100,1924.750,2
22:58:44.67100,1925.000,1
22:58:59.14800,1925.000,1
22:59:02.19100,1924.750,5
22:59:06.74200,1924.750,1
22:59:08.12800,1925.000,1
22:59:24.54600,1924.750,1
22:59:32.21800,1924.750,2
22:59:33.95300,1925.000,1
22:59:39.05000,1925.000,1
22:59:41.09700,1924.750,1
22:59:51.21000,1924.750,1
22:59:52.25000,1925.000,1
22:59:55.01500,1925.000,1
22:59:57.51900,1924.750,1
22:59:59.48800,1924.750,2
22:59:59.82800,1925.000,2
23:00:00.39000,1924.750,0
23:00:00.92100,1925.000,1
23:00:08.19100,1925.000,224
23:00:13.08200,1925.000,2
23:00:18.44900,1925.250,3
23:00:19.35100,1925.250,73
23:00:19.89400,1925.250,3
23:00:20.60500,1925.250,25
23:00:21.35100,1925.250,4
23:00:21.50000,1925.250,2
23:00:22.25700,1925.500,6
23:00:25.55400,1925.250,4
23:00:31.81600,1925.250,1
23:00:34.71400,1925.250,1
23:00:35.50000,1925.000,7
23:00:42.17100,1925.000,1
23:00:42.50300,1925.000,1
23:00:44.30800,1925.000,3
23:00:47.27300,1925.000,2
23:00:50.86700,1925.000,36
23:00:50.93300,1925.000,5
23:00:52.73400,1925.000,2
23:00:52.94100,1925.000,1
23:00:54.74600,1925.000,1
23:00:56.54200,1925.000,23
23:00:59.42900,1925.000,2
23:01:06.10100,1925.000,26
23:01:07.15200,1925.000,1
23:01:14.44900,1925.000,10
23:01:16.30800,1925.000,10
23:01:18.45700,1925.000,3
23:01:20.46800,1925.000,5
23:01:24.20700,1925.000,5
23:01:26.65600,1925.250,1
23:01:30.18700,1925.000,1
23:01:31.05400,1925.250,2
23:01:33.78100,1925.250,65
23:01:36.07400,1925.250,12
23:01:37.14400,1925.250,2
23:01:39.49200,1925.250,1
23:01:40.41000,1925.250,2
23:01:49.04200,1925.250,19
23:01:52.37800,1925.250,6
23:01:54.67500,1925.250,3
23:02:13.42500,1925.250,4
23:02:18.54600,1925.000,3
23:02:19.93300,1925.250,1
23:02:25.86300,1925.000,6
23:02:27.41700,1925.000,26
23:02:29.41000,1924.750,2
23:02:29.69500,1925.000,1
23:02:31.62500,1924.500,141
23:02:37.60500,1924.500,1
23:02:41.13200,1924.500,1
23:02:41.58500,1924.500,1
23:02:42.34700,1924.500,3
23:02:43.58900,1924.500,1
23:02:47.64000,1924.500,1
23:02:52.39400,1924.500,1
23:02:58.91700,1924.750,1
23:03:09.87800,1924.500,42
23:03:10.74200,1924.250,1
23:03:10.91700,1924.500,1
23:03:11.63600,1924.500,1
23:03:15.14800,1924.250,15
23:03:17.09700,1924.500,18
23:03:19.93700,1924.500,7
23:03:21.26100,1924.500,2
23:03:22.02300,1924.500,1
23:03:25.27700,1924.500,1
23:03:31.73000,1924.500,2
23:03:37.29200,1924.250,1
23:03:38.24600,1924.250,59
23:03:44.36700,1924.000,4
23:03:47.10100,1924.000,1
23:03:48.48000,1924.000,10
23:03:50.34300,1924.000,1
23:03:58.11300,1924.000,3
23:03:59.69900,1924.500,28
23:04:04.14000,1924.250,2
23:04:05.20300,1924.500,2
23:04:10.05800,1924.250,9
23:04:10.50700,1924.250,1
23:04:16.06600,1924.250,26
23:04:17.51900,1924.250,1
23:04:22.12500,1924.250,2
23:04:27.64400,1924.250,1
23:04:33.64800,1924.000,125
23:04:36.32800,1924.000,2
23:04:44.56200,1924.000,1
23:04:44.96400,1924.000,5
23:04:51.46000,1924.250,1
23:04:54.70300,1924.000,9
23:04:55.81200,1924.000,2
23:04:58.01900,1923.750,4
23:04:59.32400,1923.750,2
23:05:02.47200,1924.000,2
23:05:03.59700,1924.000,2
23:05:14.27700,1923.750,67
23:05:14.76900,1923.750,1
23:05:16.71800,1923.750,42
23:05:17.48000,1923.750,1
23:05:18.46400,1923.750,5
23:05:18.72200,1923.500,6
23:05:18.80000,1923.500,2
23:05:19.25700,1923.750,25
23:05:20.82800,1923.500,1
23:05:22.48400,1923.750,2
23:05:26.64400,1923.500,9
23:05:27.05000,1923.500,18
23:05:27.88200,1923.500,11
23:05:28.28900,1923.500,2
23:05:31.80000,1923.750,1
23:05:32.65200,1923.500,24
23:05:33.70300,1923.500,77
23:05:33.92900,1923.500,4
23:05:35.75700,1923.500,2
23:05:36.91000,1923.500,4
23:05:38.83500,1923.250,7
23:05:38.91400,1923.250,2
23:05:40.24600,1923.250,1
23:05:40.94900,1923.500,1
23:05:41.83500,1923.500,2
23:05:42.23400,1923.500,1
23:05:43.68700,1923.250,1
23:05:44.01500,1923.500,3
23:05:44.47600,1923.500,1
23:05:45.31200,1923.250,1
23:05:45.91700,1923.500,1
23:05:47.27300,1923.250,20
23:05:48.03100,1923.250,4
23:05:49.16000,1923.500,1
23:05:50.89800,1923.250,19
23:05:51.03900,1923.000,1
23:05:51.15200,1923.000,4
23:05:51.60500,1923.250,34
23:05:52.56600,1923.250,1
23:05:56.33500,1923.500,35
23:05:57.46800,1923.750,1
23:06:02.43700,1923.250,21
23:06:04.37100,1923.500,1
23:06:14.40200,1923.250,3
23:06:18.82800,1923.250,1
23:06:26.20300,1923.500,54
23:06:27.45300,1923.500,4
23:06:28.00700,1923.250,4
23:06:30.41000,1923.500,1
23:06:30.86300,1923.500,3
23:06:33.36300,1923.500,2
23:06:33.81200,1923.500,14
23:06:38.08200,1923.500,1
23:06:47.90200,1923.500,1
23:06:49.09300,1923.750,40
23:06:49.62800,1923.750,1
23:06:49.89000,1923.750,10
23:06:58.39400,1923.750,1
23:06:59.84300,1923.750,1
23:07:03.44100,1923.750,14
23:07:03.64000,1923.750,1
23:07:05.65200,1923.750,4
23:07:15.85900,1923.750,1
23:07:24.37500,1923.500,10
23:07:27.63600,1923.750,10
23:07:29.24200,1923.750,2
23:07:29.82800,1923.750,1
23:07:33.57800,1923.500,5
23:07:36.63200,1923.750,1
23:07:36.87100,1923.750,3
23:07:42.36700,1923.500,1
23:07:43.33500,1923.500,4
23:07:45.07800,1923.500,2
23:07:48.10100,1923.500,2
23:07:51.04200,1923.500,2
23:07:52.10100,1923.500,22
23:07:53.25300,1923.500,1
23:07:56.35900,1923.500,5
23:07:58.26900,1923.500,1
23:08:02.25700,1923.500,2
23:08:02.49600,1923.500,1
23:08:07.25300,1923.500,1
23:08:17.80000,1923.500,1
23:08:32.80800,1923.500,20
23:08:37.29600,1923.500,1
23:08:39.33900,1923.500,1
23:08:40.94900,1923.750,1
23:08:41.57000,1923.750,1
23:08:44.20300,1923.500,2
23:08:50.87800,1923.750,1
23:08:54.17500,1923.750,1
23:08:55.04600,1923.500,1
23:08:57.46400,1923.750,3
23:08:59.03100,1923.500,1
23:09:04.69500,1923.750,32
23:09:08.12500,1923.750,1
23:09:17.60900,1924.000,1
23:09:18.03100,1924.000,1
23:09:19.78900,1923.750,1
23:09:31.61700,1924.000,35
23:09:38.04200,1924.250,2
23:09:41.06200,1924.250,1
23:09:45.08500,1924.250,1
23:09:51.66000,1924.250,1
23:09:56.54200,1924.000,1
23:09:59.16400,1924.000,2
23:10:04.49600,1924.250,2
23:10:08.39000,1924.000,1
23:10:17.10900,1924.250,3
23:10:25.73400,1924.250,1
23:10:27.92500,1924.250,1
23:10:36.63600,1924.250,7
23:10:39.44500,1924.250,14
23:10:42.60900,1924.500,1
23:10:48.59700,1924.500,1
23:10:48.78900,1924.500,1
23:10:51.38200,1924.500,1
23:10:57.11300,1924.500,5
23:10:57.72600,1924.500,4
23:11:07.71400,1924.000,7
23:11:11.26500,1924.000,1
23:11:14.12500,1924.000,2
23:11:14.81200,1924.250,1
23:11:29.60900,1924.250,1
23:11:31.56600,1924.250,2
23:11:32.50000,1924.250,1
23:11:33.19900,1924.500,31
23:11:38.26500,1924.500,1
23:12:08.92100,1924.250,3
23:12:09.27300,1924.250,12
23:12:11.28900,1924.250,5
23:12:22.23000,1924.250,2
23:12:28.35100,1924.250,1
23:12:29.08200,1924.000,2
23:12:31.86300,1924.000,4
23:12:33.93300,1924.250,2
23:12:46.01100,1924.500,24
23:12:51.65600,1924.500,4
23:12:58.51900,1924.250,25
23:12:59.09700,1924.500,3
23:13:00.27700,1924.500,1
23:13:01.28100,1924.500,14
23:13:04.11700,1924.500,1
23:13:44.04200,1924.250,2
23:13:48.53100,1924.250,1
23:13:51.15200,1924.500,1
23:13:51.44100,1924.250,2
23:13:52.57800,1924.250,1
23:13:58.90600,1924.500,1
23:14:02.76500,1924.250,6
23:14:05.30000,1924.000,21
23:14:19.43300,1924.000,1
23:14:28.75700,1924.250,4
23:14:30.48400,1924.250,3
23:14:39.40600,1924.250,1
23:14:54.18700,1924.250,2
23:14:54.63200,1924.000,1
23:14:59.00000,1924.000,2
23:15:09.24600,1924.250,2
23:15:20.03100,1924.000,1
23:15:29.54200,1924.000,1
23:15:30.50000,1924.000,1
23:15:32.67500,1924.250,1
23:15:39.83500,1924.250,5
23:15:52.73000,1924.250,19
23:15:56.13200,1924.500,1
23:15:56.89000,1924.500,12
23:16:13.93300,1924.250,6
23:16:31.43700,1924.500,13
23:17:28.89400,1924.500,4
23:17:29.51500,1924.500,1
23:17:29.88200,1924.750,2
23:17:44.52700,1924.750,1
23:17:46.34300,1924.750,7
23:17:46.43700,1924.750,102
23:17:50.70700,1924.750,1
23:17:53.35100,1925.000,4
23:17:58.31600,1925.000,1
23:18:05.73000,1925.000,7
23:18:16.76900,1925.000,1
23:18:32.48400,1925.000,1
23:18:33.44900,1925.000,1
23:18:40.22600,1925.000,1
23:18:43.85500,1924.750,2
23:18:50.04200,1924.750,1
23:18:55.13600,1924.750,1
23:18:58.00300,1924.750,17
23:19:05.78100,1924.750,27
23:19:19.81200,1924.750,1
23:19:22.18700,1924.750,4
23:19:38.32800,1924.750,58
23:19:38.93300,1924.750,2
23:19:43.23000,1924.750,1
23:19:43.73800,1924.750,86
23:19:56.86700,1924.750,1
23:19:58.81200,1924.750,2
23:20:15.26100,1924.750,6
23:20:37.42900,1925.000,1
23:20:59.86300,1924.750,1
23:21:06.03900,1925.000,2
23:21:11.08500,1924.750,1
23:21:13.77300,1924.750,2
23:21:23.12500,1925.000,1
23:21:24.48400,1925.000,3
23:21:34.52700,1924.750,1
23:21:43.65200,1924.750,1
23:21:47.75000,1925.000,1
23:21:48.71400,1924.750,2
23:21:51.06200,1925.000,63
23:21:52.09700,1925.250,6
23:21:53.12800,1925.250,1
23:21:54.16400,1925.000,1
23:21:54.71800,1925.250,1
23:21:54.87500,1925.250,3
23:21:55.43700,1925.250,5
23:21:56.01500,1925.250,2
23:21:56.31600,1925.250,1
23:21:57.87100,1925.250,36
23:21:59.29600,1925.250,1
23:22:00.89400,1925.000,2
23:22:07.46800,1925.000,2
23:22:07.58900,1925.000,56
23:22:08.37100,1925.250,6
23:22:11.32400,1925.250,2
23:22:15.66700,1925.250,1
23:22:20.50700,1925.250,1
23:22:23.60500,1925.250,1
23:22:28.73000,1925.000,2
23:22:29.46400,1925.000,1
23:22:32.63200,1925.000,37
23:22:33.83900,1925.000,5
23:22:35.05800,1925.250,1
23:22:35.62100,1925.000,1
23:22:38.49600,1925.250,1
23:22:41.58200,1925.000,2
23:22:42.56200,1925.000,1
23:22:46.79200,1925.000,1
23:22:50.85500,1925.250,4
23:22:52.87100,1925.250,1
23:23:18.52700,1925.000,17
23:23:22.29200,1925.000,1
23:23:22.86700,1925.000,1
23:23:24.45300,1925.000,3
23:23:34.92500,1925.250,26
23:23:39.10100,1925.500,6
23:23:40.00000,1925.500,10
23:23:40.78500,1925.500,1
23:23:41.07800,1925.250,1
23:23:42.44500,1925.250,1
23:23:43.69100,1925.250,2
23:23:47.76900,1925.250,4
23:23:51.14400,1925.500,2
23:23:55.07800,1925.250,1
23:23:56.64800,1925.500,1
23:24:03.64800,1925.500,3
23:24:03.79200,1925.500,1
23:24:07.39800,1925.500,1
23:24:08.95700,1925.500,30
23:24:11.24600,1925.750,46
23:24:11.53100,1925.750,34
23:24:12.22200,1925.750,2
23:24:13.97200,1925.750,4
23:24:14.62500,1925.750,4
23:24:15.48400,1925.750,9
23:24:15.56600,1925.500,1
23:24:16.52300,1925.750,1
23:24:17.54600,1925.750,4
23:24:18.05400,1925.750,2
23:24:18.19100,1925.750,1
23:24:18.96800,1926.000,165
23:24:19.25000,1925.750,23
23:24:19.73000,1925.750,27
23:24:20.15600,1925.500,1
23:24:20.71000,1926.000,1
23:24:21.09300,1926.000,3
23:24:22.33200,1925.750,18
23:24:22.43300,1925.750,1
23:24:23.64400,1925.750,2
23:24:23.71000,1926.000,1
23:24:24.85500,1926.000,1
23:24:27.18300,1926.000,16
23:24:27.42500,1926.000,4
23:24:31.48000,1926.000,2
23:24:37.28900,1926.250,46
23:24:37.78500,1926.250,6
23:24:37.94100,1926.250,1
23:24:38.53900,1926.250,1
23:24:39.30400,1926.000,21
23:24:39.67900,1926.250,29
23:24:40.08200,1926.250,1
23:24:40.33500,1926.250,1
23:24:42.77700,1926.250,2
23:24:43.52300,1926.000,3
23:24:44.34700,1926.500,56
23:24:44.57000,1926.500,1
23:24:44.85500,1926.500,8
23:24:45.02700,1926.500,2
23:24:45.06600,1926.500,2
23:24:46.87500,1926.500,11
23:24:48.88600,1926.500,3
23:24:49.26900,1926.500,1
23:24:49.88600,1926.500,5
23:24:50.07400,1926.500,1
23:24:50.57800,1926.000,46
23:24:50.73800,1926.250,1
23:24:52.30800,1926.000,136
23:24:52.93700,1926.000,1
23:24:53.78100,1926.000,1
23:24:54.43300,1926.000,3
23:24:55.32800,1926.000,1
23:24:55.95300,1926.000,1
23:24:58.64800,1925.750,4
23:25:07.76100,1925.750,2
23:25:10.25300,1926.000,3
23:25:11.32800,1926.000,5
23:25:13.34300,1926.000,4
23:25:14.21000,1926.000,1
23:25:15.03500,1926.000,3
23:25:15.23400,1926.000,1
23:25:19.81200,1926.000,52
23:25:20.45300,1926.000,3
23:25:20.65600,1926.000,1
23:25:20.83900,1926.000,2
23:25:21.11300,1926.250,1
23:25:21.32400,1926.000,1
23:25:24.95300,1926.000,2
23:25:25.16400,1926.000,3
23:25:27.93700,1926.000,1
23:25:33.45700,1926.250,1
23:25:33.62800,1925.750,3
23:25:34.25300,1926.000,2
23:25:38.91700,1926.000,2
23:25:41.80800,1926.000,1
23:25:42.18300,1926.000,1
23:25:43.18700,1926.000,1
23:25:43.93700,1926.000,2
23:25:46.12800,1926.000,1
23:25:47.70300,1926.250,1
23:25:49.51900,1926.250,1
23:25:50.09700,1926.250,5
23:25:51.14400,1926.000,1
23:26:03.80000,1926.000,9
23:26:04.33200,1926.000,1
23:26:04.79200,1926.250,1
23:26:05.05400,1926.250,1
23:26:07.25300,1926.250,1
23:26:07.59700,1926.000,1
23:26:13.60500,1926.000,2
23:26:14.30800,1926.000,2
23:26:16.82000,1926.000,45
23:26:20.48800,1925.750,7
23:26:29.07000,1926.000,1
23:26:31.48000,1926.000,1
23:26:36.25300,1926.000,23
23:26:36.68300,1926.000,3
23:26:37.04200,1926.000,1
23:26:40.48800,1926.250,4
23:26:42.93700,1926.250,2
23:26:47.04200,1926.000,13
23:26:50.03100,1926.000,13
23:26:54.34300,1926.000,1
23:26:55.70300,1926.000,2
23:26:59.80800,1926.000,1
23:27:00.82800,1925.750,10
23:27:03.26500,1926.000,4
23:27:11.40600,1926.000,20
23:27:11.63600,1926.000,2
23:27:11.79600,1926.000,5
23:27:21.90600,1926.000,6
23:27:28.56600,1926.000,2
23:27:30.69500,1926.000,2
23:27:32.87500,1926.000,1
23:27:33.08500,1926.000,1
23:27:33.25700,1926.000,4
23:27:43.31200,1926.250,2
23:27:48.32400,1926.000,4
23:28:03.10100,1926.250,5
23:28:03.33900,1926.250,1
23:28:09.14800,1926.000,1
23:28:10.92900,1926.000,43
23:28:21.57000,1925.750,2
23:28:30.73000,1926.000,4
23:28:43.52700,1925.750,2
23:28:43.69500,1926.000,2
23:28:47.95700,1925.750,1
23:28:49.22600,1926.000,60
23:28:50.48400,1926.000,12
23:28:54.07800,1926.000,1
23:29:03.50000,1926.000,11
23:29:04.22200,1926.250,1
23:29:11.12800,1926.250,1
23:29:13.87800,1926.250,1
23:29:14.86300,1926.250,1
23:29:20.37500,1926.000,1
23:29:22.43300,1926.250,1
23:29:22.82400,1926.250,4
23:29:27.42100,1926.250,2
23:29:28.37500,1926.250,18
23:29:30.02300,1926.250,2
23:29:34.87500,1926.250,5
23:29:36.01100,1926.500,1
23:29:38.67100,1926.250,1
23:29:40.12800,1926.250,1
23:29:43.25700,1926.500,5
23:29:43.50000,1926.500,3
23:29:44.10100,1926.500,22
23:29:47.68300,1926.500,10
23:29:48.21000,1926.250,3
23:29:53.27300,1926.500,1
23:29:57.28900,1926.500,1
23:29:58.48400,1926.250,2
23:29:58.80800,1926.500,6
23:29:59.60900,1926.250,13
23:30:01.09700,1926.000,3
23:30:02.35500,1926.000,5
23:30:02.82800,1926.000,1
23:30:03.59300,1926.000,1
23:30:08.49600,1926.250,4
23:30:27.37800,1926.000,7
23:30:34.46400,1926.000,1
23:30:44.45700,1926.250,2
23:30:46.30400,1926.000,1
23:30:48.25300,1926.000,5
23:30:48.95700,1926.250,2
23:30:51.08900,1926.250,9
23:30:54.17100,1926.250,6
23:30:55.39400,1926.250,3
23:31:03.83200,1926.500,5
23:31:12.66400,1926.250,1
23:31:12.80400,1926.250,1
23:31:13.44100,1926.250,4
23:31:15.39400,1926.500,2
23:31:18.47600,1926.250,24
23:31:19.47600,1926.250,4
23:31:19.67500,1926.250,1
23:31:24.30800,1926.500,7
23:31:26.76500,1926.250,1
23:31:39.07800,1926.250,1
23:31:44.82800,1926.500,3
23:31:45.37800,1926.250,7
23:31:49.11300,1926.250,1
23:32:13.79200,1926.000,41
23:32:20.46000,1926.000,4
23:32:28.40200,1926.000,2
23:32:29.57800,1926.000,4
23:32:30.77700,1926.250,5
23:32:40.44100,1926.250,1
23:32:45.23800,1926.250,1
23:32:47.06600,1926.000,4
23:32:54.87800,1926.000,10
23:33:04.79600,1926.250,8
23:33:07.58500,1926.000,1
23:33:11.58900,1926.000,1
23:33:15.42900,1926.250,2
23:33:15.86700,1926.000,1
23:33:18.23000,1926.000,1
23:33:19.54600,1926.000,64
23:33:39.22200,1926.000,1
23:33:39.96800,1926.000,7
23:33:43.36300,1926.000,2
23:33:44.46800,1926.250,4
23:33:45.61700,1926.250,1
23:33:55.49200,1926.000,1
23:34:01.00700,1926.000,2
23:34:02.01500,1926.000,2
23:34:02.26900,1926.250,1
23:34:03.22200,1926.000,1
23:34:04.62100,1926.000,1
23:34:06.62800,1926.000,4
23:34:10.76100,1926.000,1
23:34:15.80400,1926.250,55
23:34:30.62800,1926.250,69
23:34:33.79600,1926.500,1
23:34:43.37500,1926.500,1
23:34:46.01900,1926.500,1
23:34:47.62800,1926.500,3
23:34:54.89800,1926.250,1
23:34:56.02700,1926.500,9
23:34:58.32400,1926.250,2
23:35:02.26500,1926.250,17
23:35:03.16700,1926.250,1
23:35:16.21000,1926.500,2
23:35:18.16000,1926.500,1
23:35:20.16000,1926.250,2
23:35:20.49600,1926.250,1
23:35:22.18700,1926.250,10
23:35:24.53500,1926.250,5
23:35:31.57400,1926.500,3
23:35:38.94500,1926.500,1
23:35:46.39400,1926.500,1
23:35:47.76500,1926.500,3
23:35:59.40600,1926.250,2
23:35:59.47600,1926.250,5
23:36:07.13200,1926.250,16
23:36:08.20300,1926.250,5
23:36:09.13600,1926.250,24
23:36:13.28100,1926.000,2
23:36:46.77300,1926.250,1
23:36:57.64800,1926.000,4
23:37:16.95700,1926.250,3
23:37:22.52700,1926.250,1
23:37:28.24200,1926.000,2
23:37:45.77300,1926.000,1
23:37:47.17100,1926.250,2
23:37:51.89000,1926.250,1
23:37:53.19900,1926.000,2
23:37:57.21000,1926.250,1
23:37:57.47600,1926.250,1
23:38:12.35500,1926.000,4
23:38:16.55800,1926.000,2
23:38:17.03900,1926.000,34
23:38:17.37100,1926.250,1
23:38:35.60500,1926.000,10
23:38:37.08900,1926.000,1
23:38:41.11300,1926.250,5
23:38:42.07000,1926.000,30
23:38:43.19900,1926.000,2
23:38:45.51500,1926.000,3
23:38:46.08900,1926.000,5
23:38:47.23800,1926.000,1
23:38:54.22200,1926.000,1
23:38:56.17500,1925.750,2
23:39:02.74200,1926.000,10
23:39:03.17100,1926.000,2
23:39:08.88600,1926.000,1
23:39:36.85900,1926.000,1
23:39:39.55400,1926.000,13
23:39:42.40200,1926.000,5
23:39:47.92900,1926.250,2
23:39:52.94900,1926.250,26
23:39:56.66700,1926.000,6
23:39:58.16000,1926.000,2
23:40:03.30400,1926.000,3
23:40:05.22600,1926.000,1
23:40:06.70700,1926.250,2
23:40:10.03500,1926.000,1
23:40:10.53900,1926.000,1
23:40:15.30800,1926.000,1
23:40:15.69100,1926.000,2
23:40:18.14000,1926.250,1
23:40:32.91400,1926.000,1
23:40:36.78900,1926.000,14
23:40:45.42100,1925.750,70
23:40:45.65600,1925.500,24
23:40:48.02300,1925.250,3
23:40:50.28100,1925.250,59
23:40:54.61300,1925.000,2
23:40:54.73400,1925.000,2
23:40:57.30000,1925.250,13
23:40:59.12500,1925.250,1
23:41:09.19100,1925.000,8
23:41:09.76900,1925.000,1
23:41:10.28900,1925.000,1
23:41:13.12100,1925.000,2
23:41:13.78500,1925.250,1
23:41:19.76900,1925.000,1
23:41:20.62100,1925.000,8
23:41:24.21000,1925.000,2
23:41:24.97200,1925.000,1
23:41:28.16400,1925.000,1
23:41:33.14800,1925.000,1
23:41:33.78500,1925.000,55
23:41:35.46000,1925.000,1
23:41:37.67500,1924.750,8
23:41:43.41400,1925.000,5
23:41:47.17100,1925.000,1
23:41:49.90600,1925.000,1
23:41:51.89800,1925.000,1
23:41:55.82000,1925.000,1
23:41:58.14800,1925.000,16
23:41:58.97200,1925.000,14
23:42:06.50000,1925.250,25
23:42:11.21000,1925.250,2
23:42:21.18700,1925.250,2
23:42:27.42500,1925.250,1
23:42:28.07800,1925.250,2
23:42:30.34300,1925.250,1
23:42:30.92900,1925.250,5
23:42:34.92500,1925.250,1
23:42:44.55000,1925.250,1
23:42:48.00700,1925.250,17
23:42:48.42500,1925.250,12
23:42:49.37800,1925.250,3
23:42:54.67900,1925.250,1
23:43:07.66700,1925.500,12
23:43:10.34300,1925.250,1
23:43:14.60500,1925.500,1
23:43:15.53100,1925.250,23
23:43:16.38200,1925.250,5
23:43:17.31600,1925.000,1
23:43:20.68700,1925.250,2
23:43:27.38600,1925.250,1
23:43:39.91400,1925.250,1
23:43:43.03900,1925.000,2
23:43:43.93700,1925.250,5
23:43:44.17900,1925.250,2
23:43:49.26900,1925.250,6
23:43:49.48800,1925.500,1
23:43:50.77700,1925.250,1
23:44:03.86300,1925.500,2
23:44:05.37100,1925.250,5
23:44:15.52300,1925.250,6
23:44:26.68300,1925.250,4
23:44:28.17100,1925.250,4
23:44:38.29600,1925.250,4
23:44:38.78900,1925.500,8
23:44:49.86700,1925.500,1
23:44:57.97200,1925.250,2
23:45:20.08200,1925.500,3
23:45:25.91000,1925.500,3
23:45:32.07800,1925.500,1
23:45:33.01100,1925.250,1
23:45:49.23000,1925.250,1
23:45:50.26500,1925.500,1
23:45:58.20300,1925.250,3
23:46:18.31600,1925.500,2
23:46:20.46800,1925.250,3
23:46:24.30000,1925.500,1
23:46:35.81600,1925.500,1
23:46:44.58500,1925.250,37
23:47:20.83200,1925.250,4
23:47:48.63200,1925.250,1
23:47:51.04200,1925.250,2
23:47:55.75300,1925.000,1
23:48:04.46000,1925.000,2
23:48:20.01900,1925.000,1
23:48:21.23400,1925.250,1
23:48:28.19500,1925.250,24
23:48:34.93300,1925.250,16
23:48:38.88200,1925.250,3
23:48:47.34300,1925.250,1
23:48:51.42100,1925.500,3
23:49:33.64000,1925.500,9
23:49:37.04600,1925.250,44
23:49:41.23400,1925.500,1
23:49:43.74200,1925.250,25
23:49:53.63200,1925.250,2
23:50:26.35100,1925.500,32
23:50:28.34700,1925.500,3
23:50:36.17900,1925.500,25
23:50:39.46400,1925.500,1
23:50:40.53900,1925.500,16
23:50:42.89800,1925.250,25
23:50:48.06200,1925.500,1
23:50:49.85900,1925.500,2
23:50:50.23000,1925.250,50
23:50:52.44500,1925.250,11
23:50:53.58500,1925.500,1
23:50:54.32400,1925.500,1
23:50:56.94900,1925.250,1
23:51:13.92100,1925.500,87
23:51:15.39400,1925.500,1
23:51:16.86300,1925.500,62
23:51:20.18700,1925.500,1
23:51:20.52300,1925.500,1
23:51:20.90600,1925.500,1
23:51:23.11700,1925.250,51
23:51:30.48000,1925.250,1
23:51:34.31600,1925.500,4
23:51:52.57800,1925.500,20
23:51:57.09700,1925.500,1
23:51:57.69100,1925.500,1
23:51:57.96000,1925.500,1
23:52:04.00000,1925.250,27
23:52:05.25300,1925.500,1
23:52:15.65600,1925.500,2
23:52:22.76500,1925.500,2
23:52:23.75700,1925.250,1
23:52:30.20700,1925.500,25
23:52:30.71000,1925.500,1
23:52:31.75000,1925.500,2
23:52:35.69500,1925.500,1
23:52:40.45300,1925.500,1
23:52:44.80400,1925.500,1
23:52:47.05000,1925.500,1
23:52:52.19100,1925.500,1
23:52:54.87100,1925.500,10
23:52:58.49600,1925.750,10
23:52:59.97200,1925.500,19
23:53:06.11700,1925.500,2
23:53:06.44900,1925.500,49
23:53:13.92100,1925.500,1
23:53:19.95300,1925.500,1
23:53:21.51500,1925.500,10
23:53:35.11300,1925.500,30
23:53:38.27700,1925.250,1
23:53:45.94900,1925.500,2
23:53:49.55800,1925.500,1
23:53:52.35100,1925.500,2
23:53:52.69100,1925.750,23
23:53:57.43300,1925.750,1
23:54:17.90200,1925.500,10
23:54:38.46800,1925.750,1
23:54:41.21000,1925.500,59
23:54:55.11700,1925.250,4
23:54:55.36300,1925.250,3
23:54:55.57400,1925.250,26
23:54:55.85100,1925.000,1
23:55:02.60500,1925.000,2
23:55:07.26100,1925.250,6
23:55:12.76500,1925.500,25
23:55:13.96400,1925.250,1
23:55:22.91700,1925.500,2
23:55:54.12800,1925.500,1
23:55:59.63200,1925.250,1
23:56:24.31600,1925.500,4
23:56:36.32400,1925.500,2
23:56:36.51100,1925.500,1
23:56:37.41700,1925.500,1
23:56:41.87800,1925.500,1
23:56:44.23000,1925.500,14
23:56:45.57400,1925.500,1
23:56:53.12800,1925.500,67
23:56:54.40200,1925.750,1
23:57:08.78900,1925.500,26
23:57:09.46400,1925.500,1
23:57:17.12100,1925.250,38
23:57:21.17900,1925.250,4
23:57:22.38200,1925.250,3
23:57:24.95300,1925.250,6
23:57:25.60500,1925.250,3
23:57:36.78100,1925.500,1
23:57:39.46000,1925.500,37
23:57:40.57800,1925.750,1
23:57:54.25300,1925.500,1
23:57:54.87800,1925.750,2
23:58:07.13600,1926.000,22
23:58:08.02300,1925.750,1
23:58:09.28500,1925.750,14
23:58:10.94500,1925.750,22
23:58:12.05800,1925.750,3
23:58:34.20700,1925.750,3
23:58:39.17500,1925.750,13
23:58:48.44500,1925.750,2
23:58:54.10100,1925.750,4
23:58:58.83200,1925.750,2
23:59:04.48800,1925.500,3
23:59:07.43300,1925.750,1
23:59:18.22200,1925.750,1
23:59:22.92100,1925.500,10
23:59:25.46000,1925.750,1
23:59:27.60500,1925.750,1
23:59:40.15200,1925.750,50
23:59:46.73400,1925.750,1
23:59:55.65200,1926.000,2
23:59:55.75700,1925.750,2
