09:00:01.47200,1905.250,0
09:00:01.64000,1905.250,1
09:00:01.82000,1905.250,2
09:00:02.41400,1905.250,11
09:00:02.63200,1905.250,80
09:00:02.89000,1905.250,9
09:00:03.45700,1905.000,4
09:00:04.04200,1905.250,22
09:00:04.41400,1905.250,6
09:00:05.01500,1905.250,20
09:00:05.54200,1905.250,2
09:00:06.01900,1905.250,1
09:00:06.33500,1905.250,1
09:00:06.60500,1905.000,6
09:00:07.88600,1905.000,1
09:00:10.25300,1905.000,109
09:00:10.50300,1905.000,32
09:00:10.70700,1905.000,1
09:00:11.23400,1905.000,7
09:00:12.01900,1905.000,3
09:00:13.69900,1905.000,2
09:00:14.01900,1904.750,7
09:00:14.19500,1904.750,2
09:00:14.58200,1904.750,3
09:00:14.76100,1905.000,11
09:00:14.90600,1905.000,15
09:00:15.47600,1904.750,2
09:00:16.41000,1904.750,1
09:00:16.85900,1904.750,1
09:00:17.11300,1905.000,5
09:00:19.01900,1905.000,1
09:00:19.57000,1904.750,12
09:00:19.83200,1904.750,5
09:00:20.56200,1904.750,4
09:00:20.79600,1904.750,1
09:00:21.17100,1904.250,975
09:00:21.33900,1904.250,1
09:00:21.65200,1904.250,2
09:00:22.06200,1904.250,5
09:00:22.65200,1904.500,5
09:00:23.46400,1904.250,1
09:00:23.86700,1904.000,136
09:00:24.30000,1904.000,1
09:00:24.55000,1904.250,60
09:00:24.67900,1904.250,2
09:00:25.01900,1904.250,1
09:00:25.37800,1904.000,1
09:00:25.52700,1904.250,1
09:00:25.75700,1904.250,109
09:00:25.87100,1904.000,20
09:00:26.35900,1904.000,1
09:00:26.88200,1904.000,2
09:00:26.97200,1904.000,2
09:00:27.40600,1904.000,10
09:00:27.45700,1904.250,2
09:00:27.75000,1904.000,1
09:00:27.87100,1904.250,54
09:00:27.94500,1904.500,1
09:00:28.13200,1904.250,2
09:00:29.10900,1904.250,104
09:00:29.21800,1904.250,5
09:00:29.56200,1904.250,1
09:00:29.83500,1904.500,10
09:00:30.16700,1904.500,99
09:00:30.48400,1904.500,1
09:00:30.87800,1904.500,11
09:00:31.05000,1904.500,14
09:00:31.37100,1904.500,2
09:00:32.02300,1904.500,1
09:00:32.69100,1904.500,4
09:00:33.01500,1904.750,1
09:00:33.61700,1904.750,11
09:00:35.06600,1904.500,21
09:00:35.33900,1904.500,33
09:00:36.21800,1904.500,5
09:00:37.11700,1904.500,6
09:00:37.71000,1904.750,1
09:00:39.21000,1904.500,266
09:00:40.01100,1904.750,1
09:00:40.93700,1904.750,47
09:00:41.31200,1904.750,1
09:00:41.89400,1904.750,2
09:00:43.55000,1905.000,7
09:00:43.81200,1905.000,1
09:00:44.49600,1905.000,4
09:00:46.23000,1905.000,3
09:00:46.39000,1905.000,9
09:00:46.42900,1905.000,17
09:00:46.49200,1905.000,4
09:00:47.82000,1905.000,1
09:00:48.76500,1905.000,1
09:00:48.84700,1905.000,1
09:00:49.23400,1905.000,14
09:00:49.51900,1905.250,12
09:00:49.75300,1905.250,1
09:00:50.02300,1905.250,2
09:00:50.58500,1905.000,10
09:00:51.46400,1905.250,1
09:00:51.68300,1905.000,1
09:00:52.31200,1905.000,2
09:00:53.41000,1905.000,1
09:00:54.16400,1905.250,2
09:00:55.84300,1905.000,1
09:00:56.60500,1905.000,9
09:00:56.69500,1904.750,139
09:00:56.77700,1905.000,1
09:00:57.18300,1905.000,1
09:00:57.72600,1905.000,90
09:00:58.30400,1904.750,1
09:00:58.68700,1904.750,89
09:00:58.96000,1904.750,4
09:00:59.25700,1905.000,31
09:00:59.32400,1905.000,1
09:00:59.66400,1905.000,1
09:01:00.75700,1904.500,287
09:01:00.92100,1904.750,1
09:01:06.03900,1904.750,1
09:01:06.21800,1904.500,1
09:01:07.69500,1904.500,29
09:01:08.12100,1904.500,2
09:01:08.47200,1904.750,1
09:01:09.12100,1904.500,1
09:01:09.39400,1904.750,1
09:01:09.70700,1904.750,3
09:01:13.09300,1904.500,35
09:01:13.18700,1904.500,14
09:01:13.79200,1904.500,6
09:01:14.23400,1904.500,21
09:01:15.12500,1904.500,1
09:01:15.49200,1904.500,5
09:01:15.64000,1904.500,1
09:01:16.40600,1904.500,1
09:01:17.21800,1904.250,5
09:01:17.60500,1904.750,180
09:01:18.01100,1904.750,2
09:01:18.83900,1904.750,6
09:01:19.76100,1905.000,2
09:01:20.84300,1904.750,1
09:01:22.34300,1905.000,1
09:01:23.16000,1904.750,3
09:01:24.37100,1904.750,5
09:01:24.59700,1905.000,15
09:01:25.35100,1904.750,4
09:01:25.53100,1905.000,1
09:01:27.28900,1905.000,1
09:01:27.71000,1904.750,1
09:01:27.82800,1905.000,1
09:01:28.03100,1905.000,130
09:01:28.25700,1905.000,1
09:01:28.43700,1905.000,1
09:01:29.56200,1905.000,60
09:01:31.12500,1905.000,30
09:01:31.64800,1905.250,1
09:01:32.49600,1905.250,1
09:01:32.64000,1905.250,1
09:01:34.22200,1905.250,82
09:01:35.27700,1905.500,2
09:01:35.92900,1905.250,21
09:01:36.01900,1905.250,4
09:01:36.77300,1905.500,1
09:01:37.23000,1905.500,3
09:01:37.79600,1905.250,1
09:01:38.48400,1905.250,1
09:01:38.62500,1905.500,12
09:01:39.52300,1905.250,1
09:01:39.58900,1905.500,1
09:01:39.83200,1905.500,1
09:01:40.00000,1905.500,1
09:01:41.15200,1905.500,1
09:01:42.33500,1905.500,1
09:01:42.58900,1905.500,1
09:01:43.40200,1905.500,1
09:01:44.24600,1905.500,1
09:01:45.59700,1905.500,5
09:01:45.92900,1905.000,405
09:01:46.24200,1905.250,2
09:01:46.49200,1905.250,1
09:01:47.69500,1905.000,8
09:01:48.08900,1905.000,5
09:01:49.25000,1905.000,2
09:01:52.19900,1905.000,1
09:01:53.14000,1905.000,2
09:01:55.02300,1905.000,47
09:01:55.20300,1904.750,6
09:01:55.82800,1904.750,103
09:01:56.04600,1904.750,2
09:01:56.65200,1904.750,1
09:01:57.09700,1904.750,112
09:01:57.80800,1905.250,100
09:01:58.55400,1905.250,4
09:01:59.91700,1905.000,28
09:02:01.11300,1905.000,3
09:02:04.14400,1905.000,23
09:02:05.15200,1905.000,6
09:02:05.41700,1905.000,1
09:02:06.17500,1905.000,2
09:02:06.44900,1904.750,5
09:02:08.42900,1904.750,96
09:02:09.29600,1904.500,259
09:02:09.32400,1904.500,67
09:02:09.45700,1904.750,9
09:02:10.88600,1904.750,18
09:02:11.17500,1904.500,1
09:02:11.48000,1904.500,1
09:02:11.59300,1904.750,33
09:02:13.11700,1905.000,87
09:02:13.82800,1905.000,1
09:02:15.54600,1905.000,71
09:02:16.10900,1905.000,1
09:02:16.37500,1905.000,3
09:02:19.17900,1905.250,1
09:02:20.64000,1905.000,2
09:02:20.72200,1905.250,4
09:02:20.80800,1905.250,4
09:02:21.00000,1905.250,9
09:02:21.16700,1905.250,8
09:02:21.24200,1905.000,1
09:02:25.60900,1905.000,10
09:02:26.32400,1905.000,1
09:02:27.08500,1905.000,28
09:02:28.12500,1905.000,1
09:02:31.14800,1905.250,12
09:02:33.00300,1905.250,90
09:02:34.53900,1905.250,20
09:02:34.85500,1905.250,5
09:02:36.55800,1905.250,1
09:02:38.00000,1905.250,1
09:02:38.05800,1905.250,1
09:02:41.92100,1905.250,1
09:02:44.04200,1905.250,2
09:02:44.35900,1905.500,2
09:02:45.22600,1905.250,1
09:02:45.81600,1905.250,1
09:02:46.32000,1905.500,1
09:02:47.27300,1905.500,107
09:02:47.37500,1905.500,1
09:02:47.80400,1905.750,1
09:02:48.06600,1905.500,1
09:02:48.73400,1905.500,5
09:02:48.82400,1905.500,1
09:02:49.28100,1905.500,29
09:02:49.53900,1905.500,16
09:02:50.00700,1905.500,7
09:02:50.08500,1905.500,9
09:02:53.79200,1905.500,1
09:02:55.31200,1905.500,1
09:02:56.38600,1905.500,1
09:02:57.13200,1905.500,15
09:02:57.48000,1905.500,1
09:02:59.30800,1905.250,21
09:02:59.67500,1905.250,1
09:03:01.95300,1905.250,26
09:03:02.90600,1905.000,5
09:03:03.10900,1905.250,1
09:03:03.35500,1905.250,1
09:03:04.19900,1905.250,1
09:03:04.50700,1905.250,2
09:03:06.17900,1905.250,1
09:03:06.78100,1905.250,1
09:03:07.18700,1905.250,1
09:03:07.42100,1905.000,1
09:03:08.12800,1905.000,3
09:03:09.12800,1905.000,1
09:03:09.46400,1905.000,1
09:03:12.03500,1905.250,2
09:03:12.42900,1905.000,2
09:03:14.23800,1905.000,80
09:03:14.35500,1905.000,7
09:03:14.64800,1905.000,11
09:03:14.93300,1905.000,22
09:03:15.40600,1905.000,1
09:03:15.64400,1905.000,5
09:03:16.42500,1904.750,9
09:03:17.05800,1904.750,4
09:03:17.32400,1904.750,1
09:03:17.68300,1904.750,4
09:03:18.11700,1905.000,1
09:03:19.12100,1904.750,6
09:03:20.49600,1904.750,2
09:03:21.18300,1904.750,2
09:03:21.25700,1904.750,6
09:03:21.57800,1904.750,15
09:03:22.07000,1904.500,3
09:03:22.32000,1904.750,1
09:03:23.16000,1904.500,5
09:03:23.56600,1904.750,1
09:03:24.30400,1904.500,311
09:03:24.60500,1904.500,6
09:03:24.92900,1904.250,2
09:03:26.01900,1904.500,2
09:03:27.47200,1904.250,1
09:03:27.57800,1904.500,1
09:03:28.13200,1904.250,1
09:03:28.95300,1904.500,1
09:03:29.13200,1904.250,52
09:03:29.40600,1904.500,1
09:03:30.00700,1904.000,315
09:03:30.23000,1904.000,2
09:03:30.44500,1904.000,2
09:03:30.82400,1904.000,3
09:03:31.13600,1904.000,1
09:03:31.33900,1904.250,33
09:03:31.45300,1904.250,1
09:03:32.75000,1904.250,113
09:03:32.95700,1904.250,1
09:03:34.07000,1904.500,41
09:03:35.50000,1904.500,1
09:03:35.94500,1904.500,10
09:03:36.32800,1904.500,22
09:03:36.89400,1904.750,4
09:03:38.01900,1904.500,16
09:03:39.10100,1904.250,1
09:03:40.46000,1904.250,1
09:03:40.60500,1904.250,7
09:03:40.80000,1904.250,3
09:03:41.54600,1904.250,13
09:03:41.76900,1904.250,8
09:03:41.85100,1904.250,43
09:03:43.44100,1904.250,1
09:03:44.59700,1904.500,20
09:03:45.50700,1904.500,2
09:03:45.78100,1904.500,26
09:03:46.03500,1904.500,1
09:03:46.67900,1904.500,1
09:03:47.45300,1904.500,2
09:03:49.28500,1904.500,20
09:03:49.28900,1904.500,2
09:03:49.52300,1904.500,4
09:03:50.03900,1904.500,1
09:03:50.21400,1904.500,22
09:03:50.41700,1904.500,13
09:03:50.88200,1904.500,2
09:03:51.22600,1904.500,9
09:03:52.77700,1904.500,9
09:03:53.01500,1904.500,4
09:03:54.68700,1904.750,127
09:03:54.76100,1904.750,11
09:03:55.42100,1905.000,10
09:03:56.70700,1904.750,15
09:03:56.75000,1904.750,3
09:03:56.94500,1904.500,1
09:03:58.75700,1904.500,40
09:03:58.78900,1904.500,1
09:03:58.94900,1904.500,1
09:04:01.53100,1904.250,96
09:04:01.76900,1904.250,2
09:04:03.00000,1904.500,1
09:04:03.31600,1904.250,2
09:04:03.61300,1904.250,10
09:04:04.18700,1904.250,40
09:04:04.60500,1904.250,5
09:04:04.95700,1904.250,1
09:04:05.08200,1904.250,1
09:04:07.63200,1904.250,63
09:04:08.28900,1904.500,1
09:04:08.39400,1904.250,30
09:04:08.66400,1904.250,5
09:04:09.14400,1904.250,3
09:04:10.64000,1904.250,2
09:04:12.43700,1904.250,1
09:04:17.30800,1904.250,1
09:04:18.19500,1904.500,1
09:04:18.45300,1904.250,5
09:04:22.90200,1904.250,1
09:04:25.23000,1904.000,354
09:04:25.25000,1904.000,2
09:04:25.54200,1903.750,4
09:04:26.01900,1903.750,5
09:04:26.10100,1904.000,1
09:04:26.36700,1903.750,4
09:04:26.59700,1903.750,1
09:04:26.89000,1903.750,10
09:04:27.26100,1904.000,1
09:04:27.74200,1904.000,2
09:04:28.13200,1903.750,2
09:04:28.25300,1904.000,69
09:04:28.38600,1903.750,21
09:04:28.65600,1904.000,4
09:04:28.89800,1903.750,16
09:04:29.30400,1904.000,1
09:04:29.74200,1904.000,14
09:04:30.46800,1903.750,2
09:04:30.67500,1903.750,25
09:04:31.36700,1904.000,1
09:04:31.50700,1903.750,2
09:04:32.27300,1904.000,1
09:04:32.65200,1903.750,1
09:04:32.94100,1903.750,5
09:04:33.12100,1903.750,1
09:04:33.25000,1903.750,1
09:04:33.42900,1904.000,1
09:04:33.58200,1904.000,1
09:04:34.48400,1903.500,307
09:04:34.69100,1903.500,4
09:04:35.33200,1903.500,1
09:04:35.58900,1903.500,1
09:04:35.80800,1903.500,2
09:04:36.22600,1903.500,3
09:04:36.50000,1903.500,2
09:04:37.48400,1903.500,26
09:04:37.84700,1903.500,20
09:04:38.05400,1903.750,1
09:04:38.29200,1903.750,1
09:04:38.50300,1903.500,25
09:04:38.66000,1903.500,1
09:04:38.82800,1903.750,2
09:04:39.03500,1903.750,97
09:04:39.09700,1903.750,11
09:04:39.46000,1903.750,1
09:04:39.58200,1903.500,5
09:04:39.94900,1903.750,9
09:04:40.49200,1903.750,1
09:04:40.62100,1903.750,8
09:04:40.94100,1903.750,4
09:04:41.10100,1903.750,4
09:04:41.47600,1903.500,1
09:04:41.58200,1903.500,5
09:04:41.73400,1904.000,24
09:04:43.10500,1903.750,6
09:04:43.27700,1903.750,1
09:04:43.57800,1903.750,3
09:04:43.73000,1904.000,1
09:04:43.97200,1903.750,1
09:04:44.71000,1903.750,49
09:04:46.06200,1903.750,73
09:04:46.42500,1904.000,1
09:04:46.86700,1903.750,21
09:04:46.91000,1903.750,1
09:04:47.33200,1903.750,11
09:04:47.80400,1903.750,5
09:04:47.86700,1903.750,5
09:04:48.08500,1903.500,115
09:04:48.68700,1903.500,16
09:04:49.93300,1903.750,5
09:04:50.51900,1903.750,2
09:04:50.92100,1903.000,396
09:04:50.96400,1903.000,1
09:04:51.22600,1903.250,19
09:04:51.35100,1903.250,1
09:04:52.12800,1903.250,3
09:04:52.54600,1903.250,1
09:04:52.93700,1903.000,1
09:04:53.12800,1903.250,1
09:04:53.37800,1903.250,1
09:04:53.50700,1903.000,1
09:04:53.74600,1903.250,2
09:04:53.76500,1903.250,1
09:04:54.19900,1903.000,215
09:04:54.78500,1903.000,1
09:04:54.86300,1903.000,2
09:04:55.16000,1903.000,1
09:04:55.38600,1903.000,49
09:04:56.28500,1902.750,1107
09:04:56.38600,1902.500,2
09:04:56.43300,1902.750,60
09:04:57.01900,1902.500,23
09:04:57.19100,1902.750,1
09:04:57.41400,1902.500,13
09:04:57.47600,1902.500,18
09:04:57.54200,1902.750,5
09:04:57.73800,1902.500,23
09:04:57.76500,1902.750,1
09:04:58.01900,1902.500,2
09:04:58.46000,1902.750,4
09:04:58.56600,1902.500,61
09:04:58.62100,1902.500,3
09:04:58.83900,1902.750,1
09:04:59.19100,1902.500,75
09:04:59.27700,1902.750,787
09:04:59.42100,1902.750,40
09:04:59.75300,1902.750,1
09:05:00.43300,1902.750,23
09:05:00.64400,1903.000,62
09:05:00.78100,1903.000,1
09:05:00.85100,1903.000,3
09:05:00.95300,1903.000,5
09:05:01.23400,1903.000,16
09:05:01.63600,1903.000,13
09:05:01.78500,1903.000,8
09:05:02.15200,1903.250,3
09:05:02.31200,1903.000,1
09:05:02.64000,1903.250,1
09:05:03.00000,1903.250,2
09:05:03.33200,1903.250,1
09:05:04.16000,1903.000,2
09:05:04.37100,1903.000,1
09:05:04.60100,1903.000,9
09:05:04.69100,1903.000,20
09:05:05.36700,1903.250,20
09:05:05.48400,1903.250,1
09:05:05.80800,1903.000,20
09:05:06.08500,1903.250,3
09:05:06.85500,1903.000,1
09:05:07.02700,1903.250,1
09:05:07.28900,1903.000,67
09:05:07.61300,1903.000,35
09:05:07.80400,1903.000,2
09:05:07.93300,1903.000,1
09:05:08.16000,1903.000,2
09:05:08.32000,1903.000,2
09:05:08.72200,1903.250,3
09:05:10.47600,1903.250,1
09:05:10.85900,1903.000,2
09:05:11.25000,1903.250,1
09:05:11.42100,1903.250,53
09:05:11.53900,1903.250,2
09:05:11.64800,1903.500,3
09:05:11.83900,1903.250,1
09:05:12.07400,1903.250,1
09:05:12.20300,1903.500,4
09:05:12.29600,1903.500,4
09:05:12.67900,1903.500,1
09:05:12.76100,1903.000,204
09:05:12.83500,1903.000,11
09:05:13.02300,1902.750,5
09:05:13.27700,1903.000,10
09:05:13.50700,1903.000,1
09:05:13.55400,1903.000,1
09:05:13.84300,1903.000,1
09:05:14.02300,1903.000,1
09:05:14.37800,1903.000,2
09:05:15.49200,1903.000,2
09:05:15.79600,1903.000,65
09:05:16.28100,1902.750,2
09:05:16.37100,1902.750,39
09:05:16.56600,1902.750,12
09:05:17.91400,1903.000,1
09:05:18.13600,1902.750,1
09:05:19.27300,1903.000,17
09:05:20.41000,1903.000,1
09:05:21.67100,1902.750,10
09:05:22.16700,1903.000,6
09:05:22.30400,1903.000,1
09:05:22.48800,1902.750,1
09:05:23.46400,1903.000,2
09:05:23.72600,1903.000,69
09:05:23.83900,1903.000,1
09:05:24.48000,1903.000,17
09:05:24.73000,1903.000,3
09:05:26.07000,1903.250,1
09:05:27.00300,1903.250,1
09:05:27.81200,1903.250,2
09:05:28.00700,1903.000,1
09:05:28.14400,1903.000,1
09:05:31.18300,1903.000,21
09:05:31.50000,1903.000,1
09:05:32.53500,1903.250,5
09:05:32.93700,1903.000,7
09:05:34.71800,1903.000,27
09:05:34.78100,1903.000,6
09:05:35.51500,1903.000,1
09:05:35.67100,1903.000,1
09:05:35.79600,1902.750,2
09:05:36.13600,1903.750,437
09:05:36.47200,1903.500,713
09:05:36.85900,1903.750,12
09:05:37.24600,1903.500,1
09:05:37.58200,1903.750,6
09:05:37.75000,1903.500,1
09:05:38.20300,1903.750,1
09:05:38.77300,1903.750,1
09:05:39.13600,1903.500,58
09:05:39.87800,1903.500,24
09:05:39.91000,1903.500,1
09:05:40.07800,1903.500,1
09:05:40.34700,1903.500,2
09:05:40.50300,1903.500,1
09:05:40.82800,1903.500,2
09:05:41.78100,1903.250,176
09:05:42.12100,1903.250,1
09:05:42.29200,1903.250,5
09:05:42.77700,1903.250,1
09:05:44.27300,1903.250,1
09:05:44.52700,1903.250,4
09:05:45.02300,1903.250,41
09:05:45.32000,1903.500,5
09:05:46.48000,1903.500,1
09:05:46.91700,1903.250,5
09:05:48.82000,1903.250,1
09:05:49.39400,1903.250,63
09:05:49.72200,1903.250,1
09:05:49.96000,1903.250,1
09:05:50.03500,1903.000,2
09:05:50.40600,1903.250,15
09:05:51.43300,1903.250,1
09:05:51.62500,1903.250,1
09:05:51.96000,1903.250,1
09:05:52.73800,1903.250,21
09:05:53.48400,1903.250,36
09:05:54.28100,1903.500,1
09:05:54.84300,1903.250,23
09:05:55.05000,1903.500,1
09:05:55.39000,1903.500,1
09:05:56.76900,1903.500,1
09:05:57.58200,1903.250,5
09:05:57.83500,1903.500,1
09:05:58.04600,1903.500,1
09:05:58.14400,1903.500,1
09:05:58.60500,1903.500,67
09:05:58.73400,1903.500,1
09:05:59.49600,1903.500,17
09:06:00.03900,1903.500,1
09:06:00.74600,1903.500,20
09:06:02.15200,1903.500,11
09:06:02.73400,1903.500,1
09:06:02.94100,1903.250,1
09:06:03.61700,1903.250,70
09:06:04.33500,1903.000,73
09:06:04.86700,1902.750,17
09:06:04.96400,1902.750,1
09:06:05.14400,1902.750,1
09:06:05.41400,1903.000,2
09:06:05.78900,1902.750,7
09:06:05.94500,1903.000,1
09:06:06.05400,1902.750,1
09:06:06.15200,1903.000,1
09:06:06.26500,1902.750,1
09:06:06.42900,1902.750,1
09:06:06.55000,1902.750,2
09:06:06.73000,1902.750,1
09:06:07.01900,1902.750,2
09:06:07.70700,1902.750,1
09:06:07.91000,1902.750,6
09:06:08.14800,1902.750,2
09:06:08.17100,1902.750,1
09:06:08.44100,1903.000,2
09:06:08.69100,1902.750,33
09:06:08.90600,1902.750,8
09:06:09.72200,1902.750,5
09:06:09.84300,1902.750,1
09:06:10.54200,1902.750,1
09:06:11.77300,1902.750,51
09:06:12.02300,1902.500,3
09:06:12.27300,1902.500,137
09:06:12.75000,1902.750,1
09:06:13.78500,1902.750,1
09:06:14.19900,1902.750,1
09:06:14.57400,1902.750,4
09:06:15.57400,1902.500,2
09:06:15.92100,1902.750,2
09:06:16.86700,1902.750,1
09:06:17.27700,1902.750,3
09:06:17.76500,1902.500,9
09:06:18.05800,1902.750,54
09:06:19.32400,1902.500,3
09:06:19.41400,1902.500,1
09:06:20.35500,1902.500,4
09:06:20.59300,1902.750,4
09:06:20.96000,1902.500,2
09:06:22.24600,1902.750,10
09:06:22.47200,1902.500,1
09:06:23.01100,1902.750,60
09:06:23.39800,1902.500,12
09:06:23.44500,1902.750,2
09:06:23.70700,1902.500,2
09:06:24.75300,1902.500,1
09:06:25.36700,1902.500,12
09:06:26.10900,1902.500,1
09:06:26.21800,1902.500,10
09:06:27.38200,1902.750,85
09:06:27.96400,1902.750,9
09:06:28.48800,1903.000,12
09:06:29.00300,1903.250,9
09:06:29.50000,1903.000,1
09:06:30.13200,1903.250,79
09:06:30.60900,1903.250,5
09:06:31.09300,1903.250,1
09:06:31.28100,1903.250,17
09:06:31.60100,1903.250,16
09:06:32.21800,1903.000,1
09:06:32.94900,1903.250,1
09:06:33.10900,1903.250,1
09:06:34.10100,1903.250,5
09:06:34.39000,1903.000,3
09:06:35.55000,1903.250,12
09:06:36.23000,1903.250,6
09:06:36.76100,1903.000,2
09:06:36.94900,1903.000,34
09:06:38.06200,1903.250,1
09:06:38.69900,1903.250,10
09:06:38.84300,1903.250,1
09:06:39.19100,1903.250,1
09:06:40.41700,1903.250,18
09:06:41.52300,1903.250,1
09:06:41.85100,1903.250,77
09:06:42.58900,1903.250,3
09:06:43.54600,1903.000,1
09:06:44.50700,1903.500,88
09:06:44.57800,1903.500,1
09:06:45.56600,1903.500,1
09:06:46.01900,1903.500,93
09:06:47.60100,1903.500,4
09:06:47.96400,1903.500,1
09:06:48.58500,1903.250,1
09:06:49.03500,1903.500,2
09:06:49.40600,1903.250,3
09:06:49.59300,1903.500,1
09:06:50.14000,1903.250,1
09:06:51.49600,1903.500,1
09:06:53.39400,1903.250,1
09:06:53.76100,1903.500,81
09:06:54.10500,1903.500,8
09:06:55.22600,1903.500,5
09:06:55.67500,1903.500,40
09:06:56.23400,1903.250,1
09:06:56.65600,1903.500,4
09:06:57.80400,1903.500,1
09:06:57.92900,1903.500,5
09:06:58.53900,1903.500,2
09:06:58.74200,1903.500,14
09:06:59.05000,1903.500,1
09:06:59.16400,1903.750,8
09:06:59.24200,1903.500,1
09:06:59.54600,1903.500,2
09:07:01.13600,1903.500,47
09:07:02.37800,1903.500,2
09:07:02.58200,1903.500,1
09:07:04.44100,1903.750,54
09:07:04.90600,1903.500,18
09:07:05.44900,1903.750,2
09:07:05.61700,1903.500,1
09:07:06.42900,1903.750,6
09:07:07.91400,1903.250,22
09:07:08.16700,1903.250,2
09:07:08.42500,1903.500,82
09:07:08.48800,1903.500,2
09:07:08.78500,1903.500,1
09:07:09.44500,1903.500,1
09:07:09.64400,1903.500,10
09:07:10.33900,1903.500,31
09:07:10.66400,1903.250,1
09:07:11.54600,1903.500,32
09:07:11.61700,1903.500,10
09:07:12.58900,1903.500,5
09:07:12.73400,1903.500,15
09:07:12.92900,1903.500,3
09:07:14.14800,1903.500,2
09:07:14.74200,1903.750,1
09:07:14.94900,1903.750,69
09:07:15.15200,1903.750,219
09:07:16.96000,1903.750,1
09:07:18.83500,1903.750,3
09:07:19.31200,1903.500,1
09:07:20.92900,1903.500,29
09:07:21.57800,1903.500,1
09:07:23.50700,1903.500,13
09:07:24.15200,1903.750,2
09:07:25.66400,1903.500,1
09:07:26.01900,1903.500,1
09:07:28.14400,1903.500,1
09:07:28.73800,1903.750,134
09:07:29.80800,1903.750,4
09:07:29.92500,1903.750,4
09:07:30.41400,1903.750,27
09:07:30.73000,1904.000,6
09:07:31.01500,1903.750,1
09:07:31.17500,1903.750,1
09:07:31.33900,1904.000,13
09:07:31.48800,1904.000,1
09:07:32.32800,1904.000,1
09:07:32.93300,1903.750,2
09:07:33.36700,1904.000,2
09:07:33.89400,1904.000,1
09:07:34.76900,1904.000,1
09:07:35.16000,1904.000,12
09:07:36.26100,1903.750,34
09:07:36.51500,1904.000,11
09:07:37.04200,1904.000,1
09:07:38.61300,1904.000,1
09:07:38.78500,1904.000,15
09:07:39.07000,1904.000,1
09:07:39.62500,1904.000,1
09:07:40.24600,1904.000,1
09:07:41.27300,1904.000,1
09:07:41.43300,1904.000,1
09:07:41.65600,1904.000,1
09:07:41.76900,1904.000,46
09:07:43.82800,1904.000,1
09:07:44.83500,1904.000,40
09:07:44.86300,1904.000,4
09:07:45.68700,1904.000,11
09:07:46.07800,1904.000,25
09:07:46.22600,1904.000,1
09:07:48.30400,1904.000,5
09:07:48.73800,1904.000,57
09:07:49.71000,1904.000,1
09:07:51.57800,1903.750,6
09:07:52.73800,1904.000,78
09:07:54.55000,1904.000,35
09:07:56.30400,1904.000,1
09:07:56.60100,1904.000,42
09:07:57.77700,1904.000,1
09:08:00.77700,1904.000,10
09:08:01.96800,1904.000,1
09:08:02.79600,1903.750,1
09:08:03.00300,1904.000,15
09:08:03.46000,1904.000,41
09:08:04.73400,1904.000,11
09:08:04.91400,1904.000,170
09:08:04.94900,1904.250,18
09:08:05.44500,1904.250,4
09:08:05.87500,1904.500,1
09:08:06.03900,1904.500,1
09:08:06.28900,1904.250,5
09:08:06.96800,1904.250,1
09:08:07.51500,1904.500,35
09:08:08.25300,1904.500,90
09:08:08.83500,1904.500,31
09:08:09.33500,1904.500,21
09:08:09.75700,1904.500,14
09:08:09.89400,1904.500,3
09:08:10.21000,1904.500,1
09:08:10.44500,1904.500,1
09:08:10.60900,1904.750,1
09:08:10.88600,1904.750,18
09:08:11.17500,1904.750,3
09:08:11.54600,1904.750,89
09:08:12.24600,1904.500,4
09:08:12.66400,1904.500,2
09:08:13.10100,1904.250,1
09:08:13.22200,1904.500,1
09:08:14.45300,1904.500,1
09:08:14.74600,1904.500,34
09:08:15.57800,1904.250,3
09:08:16.19500,1904.500,52
09:08:16.30800,1904.500,5
09:08:16.47600,1904.500,18
09:08:17.49200,1904.500,25
09:08:17.72200,1904.500,1
09:08:17.92100,1904.500,1
09:08:18.58500,1904.500,35
09:08:18.71400,1904.750,155
09:08:19.18300,1904.500,2
09:08:21.07800,1904.750,2
09:08:21.92100,1904.750,1
09:08:22.69500,1904.500,2
09:08:22.83200,1904.750,4
09:08:23.12500,1904.750,1
09:08:24.65200,1904.750,1
09:08:24.93700,1904.750,2
09:08:25.07800,1904.750,26
09:08:25.23000,1904.500,2
09:08:25.28900,1904.750,1
09:08:28.14800,1904.500,1
09:08:28.46400,1904.750,2
09:08:29.08500,1904.750,1
09:08:30.04200,1904.750,10
09:08:31.35900,1904.750,47
09:08:32.62100,1904.750,1
09:08:33.10500,1904.750,1
09:08:33.42100,1904.750,32
09:08:36.00000,1904.750,2
09:08:37.11700,1904.750,1
09:08:37.67900,1904.750,3
09:08:39.14000,1904.750,1
09:08:40.93700,1904.500,106
09:08:41.12100,1904.500,15
09:08:41.32400,1904.750,1
09:08:42.31200,1904.500,40
09:08:44.55400,1904.750,21
09:08:44.92500,1904.750,1
09:08:46.50000,1904.750,1
09:08:46.65600,1904.500,10
09:08:47.41700,1904.500,42
09:08:47.61300,1904.500,20
09:08:48.01500,1904.250,2
09:08:48.45300,1904.250,1
09:08:48.56600,1904.500,6
09:08:52.06600,1904.500,49
09:08:52.32000,1904.500,5
09:08:53.23800,1904.500,23
09:08:53.49600,1904.500,2
09:08:53.77700,1904.500,5
09:08:53.89800,1904.500,4
09:08:54.03900,1904.500,4
09:08:55.38200,1904.500,26
09:08:56.16700,1904.500,1
09:08:56.46000,1904.500,1
09:08:58.60900,1904.250,20
09:08:59.17100,1904.250,1
09:08:59.48800,1904.500,13
09:08:59.65200,1904.500,3
09:08:59.91700,1904.500,2
09:09:01.37100,1904.500,6
09:09:01.77700,1904.750,1
09:09:02.36300,1904.750,1
09:09:03.20300,1904.750,5
09:09:03.59300,1904.500,1
09:09:03.89400,1904.750,57
09:09:06.48400,1905.000,6
09:09:06.72200,1904.750,54
09:09:07.83200,1904.750,26
09:09:08.37800,1904.750,8
09:09:08.69900,1905.000,1
09:09:09.20700,1904.750,2
09:09:10.75000,1905.000,1
09:09:11.61300,1905.000,1
09:09:12.03100,1904.750,3
09:09:12.10500,1905.000,1
09:09:12.40200,1905.000,3
09:09:12.71800,1905.000,1
09:09:12.89400,1904.750,5
09:09:14.16700,1905.000,1
09:09:15.87500,1904.750,34
09:09:18.57000,1904.750,6
09:09:19.21000,1904.750,3
09:09:19.48400,1904.750,1
09:09:19.60100,1905.000,4
09:09:20.18300,1904.750,66
09:09:20.36700,1904.750,18
09:09:21.25000,1904.750,59
09:09:21.65600,1904.750,1
09:09:21.82800,1904.750,6
09:09:21.83900,1904.750,1
09:09:22.20700,1904.750,11
09:09:22.42500,1905.000,1
09:09:22.62100,1904.750,1
09:09:22.76100,1904.750,9
09:09:22.92500,1904.750,2
09:09:23.12100,1904.750,1
09:09:23.39400,1904.750,2
09:09:26.75700,1904.750,52
09:09:26.92100,1905.000,1
09:09:27.50000,1904.750,4
09:09:27.76900,1905.000,8
09:09:28.40600,1904.750,1
09:09:28.76100,1904.750,8
09:09:30.03900,1904.750,59
09:09:30.13200,1904.500,4
09:09:31.77700,1904.750,5
09:09:32.89000,1904.750,1
09:09:36.61300,1904.750,1
09:09:38.00300,1904.500,3
09:09:39.64000,1904.750,7
09:09:41.50300,1904.750,2
09:09:41.57400,1904.750,7
09:09:42.62800,1904.500,5
09:09:43.39400,1904.500,8
09:09:43.53500,1904.750,2
09:09:44.01500,1904.500,1
09:09:47.15600,1904.750,4
09:09:48.12500,1904.750,5
09:09:48.62800,1904.500,6
09:09:49.43700,1904.500,1
09:09:49.77700,1904.500,9
09:09:54.23400,1904.750,3
09:09:55.04200,1904.500,109
09:09:55.20300,1904.500,8
09:09:55.75700,1904.500,1
09:09:56.04600,1904.500,1
09:09:56.21400,1904.500,5
09:09:56.36300,1904.500,7
09:09:56.52700,1904.500,2
09:09:56.96000,1904.500,2
09:09:57.55000,1904.500,2
09:09:58.23400,1904.250,7
09:09:59.30400,1904.250,32
09:09:59.30400,1904.250,54
09:09:59.77700,1904.250,20
09:10:00.78500,1904.500,4
09:10:00.83500,1904.500,3
09:10:01.13200,1904.250,1
09:10:02.34700,1904.500,22
09:10:02.44500,1904.500,1
09:10:03.58200,1904.250,1
09:10:05.23800,1904.500,1
09:10:06.39000,1904.250,42
09:10:08.42100,1904.250,1
09:10:09.94900,1904.250,1
09:10:10.61700,1904.000,40
09:10:10.74600,1904.000,1
09:10:12.00700,1904.250,1
09:10:12.70700,1904.000,1
09:10:13.08200,1904.000,1
09:10:13.33900,1904.250,1
09:10:13.62100,1904.250,2
09:10:15.07000,1904.250,1
09:10:15.83200,1904.250,33
09:10:16.25300,1904.250,2
09:10:17.10900,1904.500,1
09:10:17.67100,1904.250,132
09:10:17.76900,1904.250,1
09:10:18.00300,1904.500,25
09:10:18.36300,1904.500,20
09:10:19.82000,1904.250,1
09:10:20.17500,1904.250,1
09:10:21.82000,1904.250,2
09:10:23.13200,1904.250,11
09:10:25.11700,1904.250,1
09:10:26.68300,1904.250,1
09:10:27.35500,1904.250,1
09:10:28.16700,1904.250,2
09:10:29.71800,1904.250,1
09:10:30.87800,1904.250,4
09:10:32.50000,1904.250,1
09:10:33.80800,1904.250,1
09:10:36.05400,1904.000,112
09:10:36.76900,1904.000,1
09:10:40.88200,1904.250,3
09:10:42.24200,1904.250,1
09:10:42.52700,1904.250,35
09:10:43.44900,1904.500,5
09:10:45.84300,1904.250,1
09:10:47.00300,1904.500,2
09:10:48.11300,1904.250,1
09:10:48.28900,1904.500,49
09:10:48.37800,1904.500,1
09:10:49.97200,1904.500,39
09:10:51.02300,1904.500,1
09:10:53.02300,1904.750,3
09:10:53.43300,1904.750,2
09:10:54.35900,1904.750,44
09:10:55.05000,1904.750,1
09:10:57.61300,1904.750,11
09:10:58.30800,1904.750,1
09:10:58.85100,1905.000,1
09:11:03.37100,1905.000,49
09:11:04.11700,1904.750,1
09:11:04.71000,1905.000,1
09:11:05.93700,1905.000,6
09:11:06.81200,1905.000,2
09:11:08.43700,1905.000,1
09:11:09.16400,1904.750,1
09:11:09.66000,1905.000,1
09:11:10.45300,1905.000,1
09:11:11.08200,1905.000,1
09:11:11.31600,1904.750,1
09:11:11.34300,1905.000,1
09:11:13.32000,1904.750,1
09:11:13.80000,1905.000,1
09:11:14.05000,1905.000,1
09:11:14.31600,1904.750,1
09:11:15.09700,1905.000,1
09:11:15.50300,1904.750,4
09:11:16.54600,1904.750,1
09:11:19.00300,1904.750,33
09:11:19.96800,1904.750,1
09:11:20.46400,1904.750,49
09:11:20.60900,1904.750,5
09:11:20.60900,1904.750,5
09:11:21.92100,1904.750,8
09:11:22.48400,1904.500,10
09:11:22.65600,1904.500,3
09:11:26.67500,1904.500,1
09:11:30.82400,1904.750,2
09:11:31.64800,1904.750,1
09:11:33.02300,1904.750,1
09:11:34.39800,1904.750,3
09:11:36.04200,1904.750,2
09:11:36.46800,1904.750,1
09:11:39.91400,1904.500,46
09:11:40.12100,1904.250,58
09:11:40.16700,1904.500,2
09:11:40.42500,1904.250,10
09:11:41.23000,1904.250,3
09:11:44.45700,1904.250,14
09:11:44.59700,1904.250,2
09:11:45.24600,1904.000,257
09:11:45.76900,1904.250,2
09:11:46.53900,1904.250,1
09:11:48.42500,1904.000,40
09:11:49.21400,1904.250,41
09:11:49.68300,1904.250,8
09:11:50.32400,1904.000,67
09:11:51.55000,1904.250,2
09:11:51.84700,1904.250,1
09:11:52.51900,1904.250,33
09:11:53.38600,1904.250,1
09:11:54.47200,1904.250,5
09:11:54.56200,1904.500,2
09:11:55.10900,1904.250,1
09:11:55.79200,1904.500,1
09:11:56.83500,1904.500,1
09:11:59.80400,1904.500,1
09:12:01.61300,1904.250,5
09:12:03.00700,1904.250,37
09:12:03.33900,1904.250,1
09:12:04.09300,1904.250,12
09:12:05.48800,1904.250,10
09:12:05.73400,1904.250,8
09:12:07.73400,1904.000,11
09:12:08.79600,1904.000,2
09:12:09.07800,1904.000,4
09:12:09.25300,1904.000,1
09:12:10.78100,1904.250,47
09:12:11.03900,1904.500,31
09:12:11.43300,1904.250,1
09:12:12.88600,1904.500,1
09:12:14.01500,1904.500,7
09:12:15.49200,1904.250,1
09:12:16.55000,1904.500,1
09:12:23.67900,1904.500,3
09:12:24.64400,1904.250,1
09:12:25.80000,1904.500,2
09:12:25.93300,1904.500,1
09:12:27.13200,1904.500,21
09:12:27.35500,1904.500,35
09:12:27.42500,1904.750,40
09:12:27.55800,1904.750,40
09:12:28.42500,1904.750,2
09:12:31.30000,1904.500,1
09:12:34.83200,1904.750,3
09:12:35.05400,1904.500,2
09:12:35.92500,1904.750,1
09:12:36.46800,1904.500,51
09:12:37.66000,1904.500,5
09:12:41.04200,1904.500,9
09:12:41.48400,1904.500,1
09:12:43.80400,1904.750,5
09:12:47.12100,1905.000,55
09:12:47.18700,1904.750,2
09:12:47.78500,1904.750,1
09:12:48.78500,1905.000,1
09:12:48.93300,1904.750,10
09:12:49.35100,1904.750,13
09:12:49.72600,1904.750,44
09:12:53.10100,1904.500,2
09:12:54.21000,1904.750,1
09:12:55.42900,1904.750,1
09:12:55.61300,1904.750,2
09:12:55.96800,1904.750,2
09:12:56.66000,1904.750,1
09:12:57.64400,1904.500,10
09:12:58.54200,1904.750,31
09:12:59.61700,1905.000,1
09:13:00.36700,1904.750,53
09:13:01.70700,1904.750,1
09:13:01.96400,1904.750,2
09:13:03.12100,1904.750,1
09:13:03.56200,1904.500,1
09:13:05.12100,1904.500,1
09:13:08.75000,1904.500,11
09:13:09.57000,1904.500,1
09:13:11.17900,1904.500,1
09:13:13.00000,1904.750,37
09:13:13.41700,1904.750,2
09:13:13.55000,1904.750,6
09:13:14.47200,1905.000,2
09:13:14.78100,1905.000,5
09:13:15.25300,1905.000,197
09:13:15.35900,1904.750,4
09:13:15.47600,1905.000,6
09:13:16.63200,1905.000,19
09:13:17.41400,1904.750,15
09:13:18.16400,1905.000,1
09:13:19.37500,1904.750,57
09:13:19.72600,1904.750,8
09:13:20.12100,1904.750,2
09:13:20.56200,1904.500,88
09:13:21.43300,1904.750,51
09:13:22.08500,1904.750,2
09:13:23.70700,1904.750,1
09:13:24.15600,1905.000,60
09:13:24.39400,1904.750,1
09:13:26.78500,1904.750,17
09:13:27.23400,1904.750,1
09:13:27.67500,1904.750,12
09:13:29.25300,1904.750,20
09:13:33.21400,1904.750,12
09:13:34.93300,1904.500,5
09:13:35.93300,1904.750,2
09:13:36.94100,1904.750,47
09:13:37.50300,1905.000,10
09:13:37.82000,1905.000,3
09:13:39.67100,1905.000,1
09:13:39.90200,1905.000,2
09:13:40.11700,1905.000,45
09:13:41.25000,1905.000,31
09:13:42.46000,1905.000,3
09:13:42.67500,1905.000,16
09:13:45.00700,1905.250,167
09:13:45.12100,1905.500,13
09:13:45.61700,1905.500,1
09:13:45.78500,1905.500,1
09:13:45.91700,1905.250,2
09:13:46.08900,1905.500,1
09:13:46.17100,1905.500,1
09:13:46.33500,1905.250,2
09:13:46.48400,1905.500,3
09:13:47.13200,1905.250,1
09:13:47.26500,1905.250,1
09:13:47.72200,1905.500,13
09:13:47.80000,1905.500,7
09:13:48.62500,1905.250,675
09:13:48.76100,1905.250,12
09:13:49.69900,1905.250,11
09:13:49.88600,1905.250,1
09:13:50.86300,1905.250,19
09:13:51.14400,1905.000,9
09:13:52.20700,1905.250,62
09:13:53.33500,1905.250,5
09:13:54.22200,1905.250,39
09:13:55.48000,1904.750,670
09:13:55.61700,1904.750,40
09:13:56.31200,1905.000,8
09:13:56.39400,1905.000,8
09:13:58.10100,1905.000,2
09:13:59.21800,1905.000,33
09:14:00.70300,1905.000,5
09:14:01.17500,1905.000,1
09:14:02.25700,1905.000,2
09:14:03.87500,1905.000,1
09:14:05.28900,1905.250,3
09:14:06.00700,1905.000,1
09:14:06.80400,1905.000,18
09:14:09.37500,1905.250,1
09:14:12.67100,1905.250,1
09:14:13.19900,1905.000,1
09:14:17.50000,1905.000,1
09:14:17.78900,1905.250,6
09:14:20.89000,1905.250,2
09:14:22.79600,1905.000,2
09:14:22.96000,1905.250,2
09:14:23.37500,1905.250,95
09:14:23.49200,1905.250,1
09:14:23.84300,1905.500,3
09:14:25.63200,1905.500,1
09:14:26.35100,1905.250,53
09:14:26.65600,1905.250,1
09:14:27.13600,1905.000,4
09:14:27.91700,1905.250,14
09:14:27.92900,1905.500,5
09:14:28.85100,1905.500,1
09:14:30.14000,1905.500,5
09:14:30.69100,1905.500,1
09:14:32.59300,1905.500,1
09:14:34.33200,1905.250,1
09:14:37.53900,1905.500,1
09:14:38.23400,1905.250,11
09:14:38.46800,1905.250,9
09:14:38.85900,1905.250,15
09:14:38.93700,1905.250,22
09:14:40.29600,1905.250,5
09:14:40.62500,1905.500,1
09:14:41.38600,1905.500,2
09:14:44.40200,1905.500,10
09:14:45.35500,1905.500,1
09:14:47.11700,1905.500,1
09:14:47.37100,1905.500,1
09:14:48.50700,1905.250,1
09:14:50.08200,1905.250,1
09:14:51.06600,1905.250,1
09:14:52.87100,1905.750,58
09:14:53.15600,1905.500,5
09:14:53.65600,1905.500,1
09:14:54.58500,1906.000,157
09:14:54.80400,1906.000,7
09:14:56.22600,1905.750,40
09:14:56.93700,1905.500,1
09:14:58.15600,1905.750,1
09:14:58.55800,1905.750,5
09:14:59.17100,1905.750,2
09:15:01.53500,1905.750,8
09:15:02.36300,1905.750,5
09:15:03.86300,1905.750,1
09:15:04.87500,1905.750,3
09:15:05.34300,1905.500,1
09:15:06.68300,1905.750,3
09:15:07.28100,1905.500,1
09:15:07.80000,1905.750,1
09:15:08.05800,1905.500,1
09:15:08.37500,1905.750,5
09:15:10.56600,1905.750,2
09:15:11.35900,1905.500,42
09:15:12.68300,1905.750,35
09:15:13.52300,1905.750,1
09:15:13.81600,1905.750,51
09:15:16.13600,1905.750,44
09:15:16.54200,1905.750,2
09:15:16.96400,1905.750,24
09:15:17.66700,1905.750,2
09:15:18.90200,1905.750,2
09:15:19.35900,1905.750,2
09:15:20.52300,1905.750,1
09:15:21.78100,1905.500,1
09:15:22.53500,1905.750,1
09:15:22.93700,1905.750,1
09:15:23.59300,1905.750,1
09:15:23.85500,1905.750,1
09:15:24.33500,1905.750,1
09:15:24.74200,1905.750,1
09:15:26.10100,1905.750,32
09:15:26.80800,1905.750,33
09:15:27.23000,1905.750,1
09:15:27.42500,1905.750,1
09:15:28.09300,1905.750,1
09:15:28.42100,1906.000,3
09:15:29.29600,1905.750,1
09:15:30.21400,1905.750,1
09:15:30.45700,1905.750,1
09:15:30.70700,1906.000,102
09:15:31.35100,1906.000,1
09:15:31.49200,1906.000,12
09:15:31.59300,1906.000,2
09:15:32.53100,1906.000,1
09:15:36.54600,1905.750,2
09:15:36.76500,1905.750,27
09:15:38.32400,1905.750,1
09:15:39.63600,1905.750,3
09:15:39.94900,1905.500,114
09:15:40.06600,1905.750,1
09:15:40.56600,1905.750,2
09:15:41.45300,1906.000,18
09:15:41.56200,1905.750,7
09:15:42.11700,1905.500,4
09:15:45.14400,1905.500,1
09:15:47.62500,1905.750,1
09:15:49.21400,1905.750,1
09:15:51.83200,1905.500,45
09:15:52.27300,1905.500,4
09:15:53.01900,1905.500,1
09:15:56.87500,1905.500,1
09:15:57.52700,1905.500,4
09:16:01.49600,1905.500,160
09:16:03.95700,1905.500,1
09:16:05.05400,1905.500,3
09:16:06.12800,1905.500,1
09:16:07.01500,1905.500,1
09:16:08.53900,1905.250,91
09:16:08.81600,1905.250,2
09:16:08.93700,1905.250,8
09:16:10.00000,1905.500,8
09:16:10.44500,1905.250,1
09:16:11.13600,1905.250,48
09:16:11.26100,1905.250,2
09:16:11.69100,1905.250,2
09:16:13.69900,1905.250,18
09:16:13.75300,1905.000,1
09:16:14.46800,1905.250,1
09:16:14.93300,1905.000,2
09:16:15.87100,1905.000,2
09:16:16.89400,1905.250,3
09:16:17.02300,1905.250,1
09:16:17.48000,1905.000,3
09:16:19.59300,1905.000,1
09:16:21.08500,1905.000,1
09:16:22.48800,1905.000,14
09:16:22.67500,1905.000,1
09:16:23.17500,1905.000,8
09:16:24.02700,1905.000,1
09:16:24.26900,1905.000,1
09:16:24.48800,1905.000,1
09:16:24.94100,1905.000,3
09:16:26.23000,1905.000,218
09:16:27.00700,1905.000,2
09:16:27.45300,1904.750,38
09:16:27.60100,1904.750,12
09:16:28.19500,1904.750,12
09:16:28.39000,1904.500,5
09:16:28.68300,1904.500,2
09:16:29.19500,1904.500,12
09:16:29.42900,1904.500,6
09:16:29.84700,1904.500,1
09:16:30.93300,1904.500,1
09:16:31.13600,1904.750,4
09:16:32.08900,1904.500,1
09:16:33.44500,1904.500,199
09:16:35.00000,1904.500,23
09:16:35.28500,1904.750,20
09:16:35.57400,1904.500,5
09:16:36.15600,1904.500,4
09:16:37.88200,1904.500,1
09:16:38.88600,1904.500,2
09:16:39.39000,1904.500,1
09:16:40.28100,1904.500,2
09:16:40.60500,1904.500,1
09:16:40.64000,1904.750,1
09:16:41.44100,1904.500,1
09:16:42.06600,1904.500,194
09:16:42.41000,1904.500,5
09:16:43.15200,1904.500,1
09:16:43.62100,1904.750,2
09:16:43.75700,1904.750,3
09:16:43.77700,1904.750,1
09:16:45.67500,1904.750,1
09:16:49.45300,1904.500,1
09:16:50.66000,1904.750,203
09:16:50.87100,1904.750,3
09:16:51.13200,1904.750,158
09:16:51.94100,1904.500,2
09:16:52.16700,1904.500,1
09:16:52.61300,1904.500,68
09:16:52.77700,1904.750,31
09:16:52.82800,1904.500,1
09:16:53.94100,1904.750,22
09:16:54.16400,1905.000,1
09:16:54.31600,1904.750,3
09:16:55.33900,1905.000,7
09:16:55.74600,1904.750,1
09:16:57.89400,1905.000,1
09:16:58.03900,1904.750,1
09:16:58.69900,1904.750,1
09:16:59.07400,1904.750,2
09:17:00.27300,1904.750,38
09:17:00.89000,1904.750,8
09:17:03.75000,1904.750,1
09:17:04.35900,1904.750,5
09:17:05.47600,1904.750,2
09:17:05.67500,1904.750,2
09:17:08.03100,1904.750,1
09:17:08.57000,1904.750,1
09:17:09.34300,1904.500,1
09:17:10.01500,1904.750,21
09:17:10.55400,1904.750,1
09:17:12.19900,1904.750,13
09:17:12.54200,1904.750,1
09:17:15.77700,1904.500,4
09:17:17.39400,1904.750,1
09:17:20.87800,1904.750,1
09:17:21.62100,1904.500,1
09:17:22.57400,1904.500,1
09:17:23.08900,1904.500,104
09:17:23.14000,1904.500,4
09:17:24.26500,1904.500,11
09:17:24.61300,1904.500,16
09:17:24.71000,1904.500,7
09:17:25.05800,1904.500,1
09:17:25.54600,1904.500,1
09:17:27.83500,1904.750,2
09:17:28.18300,1904.750,13
09:17:30.47600,1904.500,1
09:17:34.12800,1904.750,29
09:17:34.27300,1904.750,8
09:17:34.69900,1904.750,15
09:17:35.06600,1904.750,1
09:17:35.32000,1904.750,3
09:17:36.58200,1904.750,26
09:17:38.47600,1904.750,8
09:17:38.63200,1904.750,1
09:17:39.59300,1904.750,8
09:17:40.47600,1904.750,8
09:17:42.87500,1904.750,1
09:17:44.02300,1905.000,1
09:17:45.55400,1905.000,4
09:17:45.58900,1905.000,5
09:17:46.33900,1904.750,18
09:17:46.80800,1904.750,13
09:17:49.42900,1904.500,1
09:17:51.96400,1904.750,11
09:17:54.62800,1904.500,1
09:17:56.69900,1904.500,113
09:17:58.25000,1904.250,6
09:18:00.13600,1904.250,52
09:18:00.28500,1904.000,17
09:18:01.21000,1904.250,1
09:18:02.47600,1904.250,1
09:18:02.90200,1904.250,2
09:18:04.57000,1904.000,2
09:18:05.13200,1904.250,25
09:18:05.51100,1904.250,5
09:18:05.70700,1904.500,1
09:18:07.88200,1904.500,16
09:18:09.42100,1904.500,3
09:18:10.39800,1904.250,7
09:18:10.95300,1904.500,2
09:18:11.02700,1904.250,4
09:18:13.07400,1904.750,150
09:18:13.21800,1904.750,3
09:18:13.75300,1904.750,6
09:18:14.46000,1904.500,1
09:18:15.03900,1904.500,1
09:18:16.04600,1904.500,103
09:18:17.18300,1904.750,3
09:18:19.70300,1904.750,12
09:18:20.48000,1904.500,2
09:18:22.60900,1904.750,1
09:18:23.69900,1904.500,141
09:18:25.01900,1904.250,18
09:18:28.69900,1904.500,81
09:18:29.60500,1904.500,13
09:18:30.81600,1904.500,6
09:18:31.12100,1904.500,1
09:18:31.92900,1904.500,12
09:18:32.43700,1904.250,3
09:18:33.25700,1904.500,1
09:18:33.68700,1904.500,3
09:18:33.92500,1904.500,9
09:18:36.48000,1904.500,1
09:18:36.86300,1904.500,1
09:18:38.70300,1904.500,1
09:18:39.78900,1904.500,1
09:18:40.30800,1904.500,50
09:18:44.29200,1904.500,1
09:18:45.30800,1904.750,28
09:18:45.58900,1905.000,2
09:18:45.86700,1904.750,18
09:18:47.00700,1904.750,12
09:18:47.76100,1905.000,48
09:18:47.95300,1905.000,1
09:18:49.94900,1905.250,2
09:18:53.05800,1905.000,2
09:18:53.39000,1905.000,2
09:18:53.67900,1905.000,10
09:18:54.56200,1905.250,93
09:18:58.10500,1905.250,2
09:18:59.16400,1905.000,1
09:19:02.00700,1905.000,4
09:19:02.83500,1905.000,36
09:19:05.80000,1904.750,10
09:19:06.45700,1904.750,78
09:19:08.67500,1904.750,61
09:19:10.03100,1904.500,5
09:19:11.08500,1904.750,1
09:19:12.41000,1904.750,15
09:19:13.58900,1904.750,3
09:19:18.03500,1905.000,31
09:19:18.39000,1904.750,1
09:19:18.66700,1905.000,1
09:19:19.09700,1904.750,1
09:19:19.70700,1905.000,1
09:19:20.07400,1904.750,1
09:19:20.28100,1905.000,1
09:19:20.60100,1904.750,5
09:19:20.71800,1905.000,1
09:19:20.94900,1904.750,1
09:19:23.06600,1904.750,1
09:19:26.63600,1905.000,75
09:19:27.01900,1905.000,1
09:19:27.40200,1905.000,1
09:19:28.71000,1905.000,3
09:19:30.45300,1905.000,1
09:19:31.43700,1905.000,2
09:19:31.70300,1905.250,6
09:19:33.04600,1905.000,1
09:19:33.91700,1905.000,4
09:19:34.74200,1905.250,3
09:19:34.85100,1905.000,1
09:19:34.96400,1905.000,1
09:19:42.26500,1905.250,198
09:19:42.55400,1905.250,35
09:19:44.44900,1905.000,3
09:19:45.11300,1905.250,10
09:19:46.92900,1905.000,64
09:19:47.64800,1905.000,3
09:19:51.26100,1904.750,2
09:19:51.53500,1905.000,1
09:19:53.72200,1905.000,1
09:19:55.08200,1905.250,224
09:19:55.44900,1905.500,10
09:19:56.64800,1905.250,1
09:19:57.09700,1905.250,20
09:19:57.51900,1905.500,3
09:19:58.28500,1905.500,1
09:19:59.49200,1905.250,1
09:20:00.05400,1905.250,49
09:20:00.80800,1905.250,5
09:20:01.12100,1905.250,7
09:20:01.31600,1905.250,2
09:20:02.03500,1905.250,1
09:20:02.20300,1905.250,1
09:20:02.31200,1905.250,1
09:20:06.56200,1905.000,1
09:20:06.86300,1905.250,33
09:20:09.76500,1905.250,1
09:20:10.17500,1905.250,4
09:20:10.31200,1905.000,1
09:20:11.96400,1905.250,15
09:20:12.28100,1905.250,1
09:20:14.94900,1905.250,7
09:20:14.96000,1905.000,17
09:20:22.17900,1905.250,1
09:20:23.54600,1905.250,1
09:20:23.91700,1905.250,4
09:20:24.88600,1905.250,2
09:20:25.25300,1905.250,1
09:20:26.19900,1904.750,1063
09:20:27.78100,1904.500,1
09:20:28.01900,1904.750,1
09:20:28.48400,1904.500,1
09:20:29.83500,1904.500,1
09:20:31.27300,1904.500,4
09:20:31.54600,1904.500,1
09:20:35.01100,1904.500,2
09:20:35.84700,1904.750,1
09:20:36.35500,1904.750,1
09:20:37.85100,1904.250,661
09:20:38.11700,1904.250,1
09:20:38.39000,1904.250,4
09:20:38.79200,1904.250,13
09:20:38.93700,1904.250,1
09:20:39.21800,1904.250,1
09:20:39.82800,1904.000,7
09:20:40.20300,1904.250,1
09:20:40.43300,1904.250,1
09:20:42.63600,1904.000,2
09:20:43.46400,1904.000,1
09:20:44.05400,1904.000,1
09:20:44.66400,1903.750,189
09:20:45.49200,1904.000,1
09:20:45.67900,1903.750,2
09:20:45.82800,1904.000,2
09:20:45.88200,1903.750,2
09:20:47.07000,1903.750,1
09:20:47.20300,1903.750,1
09:20:48.33900,1903.750,25
09:20:48.45700,1903.750,10
09:20:48.66400,1904.000,1
09:20:49.32800,1903.750,5
09:20:49.86700,1903.750,1
09:20:50.06200,1904.000,1
09:20:50.32400,1904.000,17
09:20:52.37100,1904.000,4
09:20:52.55800,1904.000,131
09:20:53.19100,1904.000,30
09:20:53.28100,1904.000,33
09:20:53.73400,1904.000,30
09:20:54.71000,1903.750,1
09:20:55.19100,1904.000,1
09:20:55.75300,1903.750,58
09:20:58.46000,1904.000,88
09:20:58.70300,1903.750,10
09:20:58.85500,1904.000,26
09:21:00.57400,1904.000,30
09:21:01.37100,1904.000,7
09:21:01.82800,1903.750,13
09:21:02.50700,1903.750,1
09:21:02.91400,1904.000,1
09:21:03.68300,1903.750,2
09:21:03.93700,1904.000,1
09:21:04.45700,1904.000,1
09:21:04.76900,1904.000,6
09:21:05.10100,1904.000,36
09:21:05.39800,1904.000,12
09:21:05.77300,1904.000,1
09:21:06.25700,1903.750,51
09:21:12.11700,1904.000,4
09:21:12.35500,1904.000,20
09:21:13.00000,1904.000,4
09:21:13.52300,1904.000,2
09:21:13.81600,1904.000,1
09:21:14.62800,1904.000,1
09:21:15.50000,1904.000,2
09:21:15.92500,1904.000,1
09:21:16.51100,1904.000,1
09:21:17.16700,1904.000,16
09:21:18.30400,1903.750,38
09:21:19.54200,1903.750,3
09:21:21.20300,1903.750,4
09:21:22.48800,1904.000,1
09:21:23.22600,1903.750,5
09:21:23.52300,1903.750,1
09:21:23.89800,1904.000,1
09:21:24.08200,1904.000,1
09:21:25.01500,1903.750,3
09:21:27.80800,1903.750,7
09:21:28.22200,1904.000,1
09:21:28.61300,1904.000,1
09:21:29.26900,1904.000,1
09:21:30.51100,1904.000,1
09:21:31.15600,1904.000,1
09:21:32.42500,1903.750,107
09:21:35.37100,1903.750,3
09:21:35.61700,1903.750,2
09:21:37.58500,1903.750,1
09:21:37.77300,1903.750,1
09:21:39.20700,1904.000,6
09:21:39.37100,1904.000,1
09:21:39.48400,1904.000,1
09:21:41.75000,1903.750,56
09:21:43.88200,1903.750,5
09:21:44.42500,1903.750,74
09:21:44.90200,1903.750,2
09:21:45.17900,1903.750,1
09:21:45.48400,1904.000,42
09:21:46.39800,1903.750,5
09:21:46.90200,1903.750,5
09:21:47.27700,1904.000,5
09:21:48.85100,1903.750,2
09:21:49.05800,1904.000,1
09:21:49.41700,1903.750,2
09:21:53.50300,1903.500,310
09:21:55.00000,1903.500,2
09:21:55.17900,1903.500,1
09:21:55.33200,1903.750,5
09:21:55.58200,1903.500,10
09:21:56.53500,1903.750,1
09:21:57.27700,1903.500,1
09:21:58.16000,1903.750,3
09:21:58.65200,1903.500,2
09:21:59.12100,1903.500,7
09:22:01.66400,1903.500,14
09:22:01.94100,1903.500,1
09:22:02.71000,1903.500,52
09:22:04.28900,1903.250,15
09:22:04.65200,1903.500,1
09:22:04.93700,1903.250,1
09:22:05.38600,1903.500,3
09:22:05.77700,1903.250,1
09:22:08.14800,1903.250,2
09:22:09.19900,1903.250,4
09:22:09.64000,1903.250,1
09:22:14.17900,1903.500,4
09:22:15.21800,1903.250,1
09:22:16.35500,1903.250,1
09:22:22.33500,1903.500,433
09:22:23.60900,1903.500,7
09:22:24.38200,1903.750,11
09:22:25.32400,1903.750,1
09:22:28.20300,1903.500,1
09:22:29.81600,1903.750,1
09:22:30.40600,1903.750,1
09:22:30.93300,1903.750,1
09:22:33.24200,1903.750,2
09:22:34.42100,1903.750,2
09:22:34.75300,1903.750,69
09:22:35.47600,1903.750,5
09:22:37.01500,1903.750,1
09:22:39.55000,1903.500,41
09:22:40.05400,1903.500,2
09:22:41.51100,1903.750,1
09:22:42.41000,1903.750,35
09:22:43.34300,1903.750,25
09:22:43.44500,1903.500,1
09:22:43.62100,1903.500,1
09:22:44.79200,1903.500,57
09:22:45.32800,1903.500,12
09:22:46.47600,1903.500,2
09:22:50.10500,1903.250,14
09:22:51.04200,1903.250,18
09:22:51.37800,1903.250,1
09:22:51.94100,1903.250,10
09:22:52.04200,1903.250,10
09:22:52.94100,1903.250,6
09:22:53.08200,1903.500,11
09:22:53.20700,1903.250,7
09:22:54.08900,1903.500,11
09:22:54.78100,1903.250,81
09:22:55.16700,1903.250,72
09:22:55.70300,1903.250,1
09:22:55.85900,1903.250,2
09:22:56.04600,1903.000,10
09:22:56.12100,1903.000,1
09:22:56.46400,1903.000,2
09:22:56.62800,1903.000,1
09:22:56.97200,1903.000,2
09:22:57.08900,1903.250,21
09:22:57.26900,1903.000,102
09:22:57.37800,1903.000,1
09:22:58.07000,1903.000,14
09:22:58.23400,1903.250,34
09:22:58.48800,1903.000,1
09:22:58.61700,1903.250,1
09:22:59.08500,1903.250,11
09:23:00.37100,1903.250,15
09:23:01.07000,1903.000,13
09:23:01.93700,1903.000,4
09:23:02.06200,1903.000,13
09:23:03.06200,1903.250,13
09:23:03.28500,1903.250,1
09:23:03.94100,1903.000,9
09:23:04.11300,1903.250,13
09:23:04.25700,1903.000,1
09:23:05.07000,1903.000,11
09:23:05.24200,1903.250,3
09:23:06.14400,1903.250,41
09:23:06.53500,1903.250,1
09:23:07.06600,1903.250,11
09:23:07.16700,1903.000,1
09:23:07.36700,1903.250,3
09:23:07.48400,1903.250,1
09:23:08.14400,1903.250,32
09:23:08.26100,1903.250,2
09:23:08.39800,1903.250,2
09:23:08.69500,1903.250,3
09:23:09.05000,1903.000,29
09:23:09.88600,1903.250,1
09:23:10.80400,1903.000,54
09:23:10.93300,1903.000,4
09:23:11.36700,1903.250,1
09:23:11.63600,1903.000,2
09:23:13.00700,1903.000,51
09:23:13.56600,1903.000,2
09:23:13.65600,1903.250,6
09:23:14.31200,1903.000,25
09:23:15.33500,1903.000,1
09:23:15.49600,1903.000,1
09:23:15.81200,1903.000,30
09:23:16.00700,1903.000,50
09:23:16.11700,1903.000,1
09:23:16.23800,1903.000,2
09:23:16.57800,1902.750,4
09:23:17.08900,1902.750,1
09:23:17.43700,1902.750,4
09:23:19.08500,1902.750,1
09:23:19.37500,1902.750,1
09:23:20.11700,1903.000,3
09:23:21.26500,1903.000,4
09:23:21.69100,1902.750,1
09:23:24.59300,1902.750,1
09:23:24.69500,1902.750,2
09:23:24.88600,1902.750,12
09:23:25.44500,1902.750,1
09:23:27.63600,1902.750,124
09:23:27.75000,1902.750,1
09:23:28.89400,1902.750,27
09:23:29.11700,1902.750,7
09:23:29.53100,1902.750,1
09:23:31.22200,1902.750,1
09:23:31.31600,1902.750,1
09:23:31.65600,1902.750,3
09:23:33.04600,1902.750,1
09:23:33.23800,1902.750,28
09:23:33.35100,1902.500,2
09:23:33.37100,1902.500,2
09:23:33.71400,1902.750,3
09:23:33.86300,1902.750,3
09:23:34.01900,1902.500,2
09:23:34.17100,1902.500,5
09:23:34.53900,1902.750,4
09:23:35.44500,1902.750,2
09:23:35.66700,1902.750,1
09:23:35.92100,1902.750,20
09:23:36.77300,1902.750,21
09:23:37.08200,1902.750,1
09:23:37.19500,1902.750,3
09:23:37.46000,1902.750,5
09:23:37.77700,1902.500,10
09:23:38.00300,1902.750,8
09:23:39.89800,1902.750,1
09:23:40.48800,1902.750,1
09:23:42.26500,1902.750,28
09:23:43.26500,1902.750,106
09:23:43.55800,1902.750,7
09:23:44.26500,1902.750,16
09:23:45.70300,1903.000,1
09:23:47.68300,1903.000,1
09:23:48.07000,1902.750,1
09:23:49.59700,1903.000,1
09:23:50.01900,1902.750,2
09:23:50.39000,1903.000,1
09:23:51.75000,1903.000,7
09:23:52.25000,1903.000,3
09:23:52.95300,1903.000,1
09:23:53.57000,1902.750,5
09:23:53.87800,1902.750,61
09:23:54.29200,1902.750,49
09:23:54.46000,1903.000,4
09:23:55.95700,1903.000,25
09:23:56.35900,1903.000,10
09:23:56.80000,1902.750,10
09:23:57.37800,1903.000,1
09:23:57.82400,1902.750,37
09:23:58.01900,1902.750,2
09:23:58.87800,1903.000,50
09:23:59.21400,1903.000,2
09:24:02.14800,1902.750,12
09:24:05.20700,1902.750,3
09:24:05.58200,1903.000,5
09:24:08.85100,1903.000,2
09:24:09.21000,1902.750,1
09:24:09.72200,1902.750,2
09:24:10.34700,1903.000,27
09:24:10.84300,1902.750,66
09:24:11.16000,1902.750,7
09:24:11.24600,1902.750,114
09:24:11.86300,1902.750,1
09:24:12.19100,1902.500,315
09:24:12.96000,1902.750,3
09:24:13.34700,1902.750,1
09:24:15.77700,1902.750,1
09:24:16.39800,1902.500,10
09:24:17.01100,1902.500,50
09:24:17.43700,1902.500,1
09:24:18.20700,1902.500,8
09:24:18.83200,1902.750,4
09:24:21.44500,1902.750,13
09:24:22.97200,1902.750,9
09:24:23.96000,1902.750,4
09:24:24.16400,1902.750,8
09:24:25.13200,1902.750,71
09:24:25.32400,1903.000,8
09:24:25.41000,1903.000,4
09:24:26.19900,1902.750,1
09:24:27.49600,1902.750,41
09:24:27.58500,1902.750,1
09:24:30.63200,1902.750,1
09:24:31.94100,1902.750,1
09:24:33.32400,1902.750,35
09:24:34.07000,1903.000,50
09:24:34.79200,1902.750,20
09:24:40.71000,1903.000,1
09:24:43.30800,1902.750,35
09:24:43.87800,1902.750,7
09:24:44.18700,1902.750,1
09:24:44.76100,1902.750,8
09:24:46.33200,1902.750,2
09:24:46.47200,1902.750,1
09:24:47.15600,1902.750,1
09:24:50.78900,1902.500,15
09:24:51.05800,1902.750,1
09:24:52.85900,1902.750,1
09:24:53.19100,1902.500,5
09:24:54.45700,1902.500,1
09:24:54.86700,1902.750,1
09:24:55.23000,1902.750,1
09:24:56.54200,1902.750,1
09:24:58.12500,1902.750,18
09:25:00.35900,1902.750,2
09:25:01.53100,1902.750,2
09:25:01.92100,1902.750,20
09:25:03.25700,1903.000,1
09:25:06.72200,1903.000,2
09:25:09.02300,1903.000,175
09:25:09.30800,1903.000,3
09:25:09.64400,1903.000,14
09:25:10.22200,1903.250,4
09:25:10.62500,1903.250,51
09:25:11.81600,1903.250,2
09:25:12.27700,1903.000,1
09:25:12.86300,1903.000,1
09:25:13.50300,1903.250,1
09:25:13.76500,1903.250,2
09:25:15.49200,1903.250,118
09:25:16.03500,1903.500,6
09:25:16.45700,1903.500,135
09:25:17.01500,1903.500,27
09:25:17.27300,1903.500,5
09:25:18.13600,1903.500,99
09:25:18.38200,1904.000,554
09:25:18.49200,1904.000,5
09:25:18.65600,1903.750,1
09:25:19.00700,1903.750,51
09:25:19.13600,1903.750,38
09:25:19.28500,1903.750,2
09:25:19.47200,1903.750,1
09:25:19.56600,1903.750,3
09:25:19.70300,1903.750,1
09:25:19.87800,1903.750,2
09:25:21.19900,1903.750,11
09:25:21.78900,1903.750,48
09:25:22.45300,1903.750,22
09:25:22.53900,1903.500,20
09:25:22.75300,1903.750,30
09:25:22.85500,1903.750,4
09:25:23.30000,1903.750,9
09:25:23.61300,1903.750,3
09:25:23.83200,1903.750,5
09:25:24.71000,1904.000,78
09:25:24.84300,1904.000,321
09:25:25.00300,1904.000,29
09:25:25.32000,1904.000,3
09:25:25.44500,1904.000,39
09:25:25.81600,1904.250,1
09:25:26.03900,1904.250,2
09:25:26.29200,1904.000,2
09:25:26.78100,1904.000,20
09:25:27.07800,1904.250,1
09:25:27.94100,1904.000,10
09:25:28.22200,1904.000,1
09:25:29.64400,1903.750,88
09:25:29.97200,1904.000,2
09:25:30.10900,1904.000,6
09:25:30.62500,1904.000,15
09:25:32.32000,1903.750,2
09:25:33.54200,1904.000,1
09:25:33.90600,1904.000,15
09:25:34.10900,1904.000,1
09:25:35.18700,1904.000,1
09:25:36.64800,1904.000,10
09:25:37.88600,1904.000,10
09:25:38.31600,1903.750,32
09:25:38.33200,1903.750,84
09:25:38.68300,1903.750,68
09:25:40.01900,1903.750,6
09:25:40.55400,1903.750,9
09:25:40.63200,1904.000,50
09:25:40.77700,1903.750,1
09:25:41.07800,1903.750,1
09:25:43.06200,1904.000,1
09:25:43.85100,1903.750,5
09:25:44.36700,1903.750,20
09:25:45.74600,1904.000,5
09:25:46.75300,1904.000,5
09:25:47.09700,1904.000,1
09:25:49.35500,1904.000,4
09:25:49.73800,1903.750,1
09:25:52.07800,1904.000,2
09:25:53.94500,1904.000,3
09:25:54.30800,1903.750,10
09:25:55.68300,1903.750,8
09:25:56.22600,1904.000,1
09:25:57.43700,1904.000,109
09:25:58.90600,1903.750,96
09:25:58.91000,1903.750,13
09:25:59.48000,1904.000,1
09:25:59.58900,1904.000,52
09:26:00.53900,1904.000,2
09:26:00.76500,1903.750,30
09:26:02.27300,1903.750,40
09:26:04.03500,1904.000,2
09:26:05.17100,1904.000,18
09:26:05.91000,1903.750,12
09:26:07.82400,1903.750,10
09:26:08.61700,1903.750,1
09:26:09.44500,1904.000,4
09:26:12.17500,1904.000,49
09:26:12.58900,1904.000,29
09:26:12.89000,1904.250,8
09:26:13.20700,1904.000,1
09:26:13.81200,1904.250,52
09:26:15.14400,1904.250,1
09:26:15.58900,1904.250,50
09:26:15.73800,1904.250,2
09:26:17.09700,1904.500,2
09:26:17.87500,1904.250,84
09:26:18.62500,1904.250,2
09:26:19.00700,1904.000,1
09:26:21.18700,1904.250,1
09:26:22.79200,1904.250,2
09:26:26.10900,1904.250,1
09:26:26.57800,1904.250,22
09:26:27.60100,1904.250,4
09:26:28.87800,1904.250,1
09:26:29.34300,1904.250,9
09:26:30.00700,1904.250,1
09:26:30.63200,1904.000,20
09:26:31.42500,1904.000,1
09:26:32.09300,1904.000,108
09:26:32.24600,1904.000,3
09:26:32.67500,1904.000,1
09:26:32.85100,1904.000,1
09:26:35.34700,1904.250,1
09:26:37.13200,1904.250,12
09:26:38.06200,1904.250,1
09:26:38.39000,1904.250,1
09:26:38.72200,1904.250,2
09:26:40.12800,1904.000,1
09:26:42.67100,1904.000,2
09:26:44.89800,1904.250,2
09:26:50.09300,1904.000,1
09:26:51.12500,1904.000,2
09:26:51.17900,1904.250,1
09:26:52.03900,1904.250,1
09:26:53.15200,1904.000,8
09:26:53.30400,1904.250,1
09:26:54.63200,1904.250,25
09:26:55.38600,1904.250,21
09:26:57.67500,1904.250,184
09:26:57.73800,1904.250,5
09:26:57.90200,1904.000,13
09:26:58.09700,1904.250,1
09:26:59.08200,1904.250,41
09:26:59.16000,1904.500,5
09:26:59.39400,1904.250,4
09:26:59.66000,1904.250,1
09:26:59.76500,1904.500,25
09:27:02.42500,1904.250,6
09:27:04.35100,1904.250,1
09:27:04.93300,1904.250,1
09:27:05.71400,1904.500,1
09:27:08.26900,1904.500,3
09:27:10.72200,1904.500,3
09:27:11.23800,1904.500,18
09:27:12.96800,1904.500,1
09:27:13.73000,1904.250,1
09:27:14.17500,1904.500,51
09:27:14.93700,1904.500,1
09:27:15.42900,1904.250,1
09:27:15.73800,1904.500,2
09:27:18.91000,1904.500,1
09:27:19.47200,1904.500,3
09:27:20.06200,1904.250,20
09:27:20.19500,1904.500,2
09:27:20.44900,1904.250,9
09:27:20.76500,1904.500,1
09:27:23.71000,1904.500,1
09:27:24.73400,1904.250,3
09:27:25.51500,1904.250,1
09:27:25.68300,1904.500,1
09:27:26.16000,1904.250,12
09:27:27.35900,1904.250,103
09:27:27.65200,1904.250,6
09:27:28.42900,1904.000,13
09:27:29.53500,1904.000,1
09:27:30.51100,1904.250,1
09:27:32.25000,1904.250,6
09:27:32.25000,1904.250,2
09:27:33.48800,1904.000,2
09:27:34.74200,1904.250,10
09:27:34.83900,1904.000,5
09:27:36.03900,1904.000,8
09:27:37.13600,1904.250,21
09:27:37.31200,1904.250,10
09:27:39.50000,1904.250,10
09:27:39.96000,1904.250,5
09:27:40.32000,1904.250,1
09:27:40.76100,1904.250,1
09:27:42.06600,1904.250,750
09:27:42.39800,1904.500,39
09:27:43.31600,1904.250,1
09:27:43.49600,1904.250,54
09:27:44.28900,1904.250,7
09:27:44.96400,1904.500,1
09:27:46.75300,1904.250,53
09:27:48.30800,1904.500,2
09:27:50.74200,1904.500,51
09:27:53.62800,1904.500,2
09:27:54.60500,1904.500,1
09:27:54.94900,1904.500,5
09:27:55.51500,1904.750,334
09:27:55.93300,1904.750,10
09:27:56.78900,1904.750,1
09:27:56.92500,1904.500,20
09:27:57.28900,1904.750,1
09:27:58.60500,1904.750,4
09:27:58.73000,1904.750,2
09:27:59.50000,1904.750,1
09:28:00.20300,1904.500,87
09:28:00.34700,1904.500,3
09:28:01.72600,1904.250,2
09:28:02.39000,1904.250,30
09:28:03.03500,1904.500,1
09:28:03.35900,1904.500,41
09:28:03.75300,1904.500,1
09:28:04.75300,1904.500,15
09:28:05.27300,1904.500,8
09:28:06.09300,1904.500,9
09:28:06.76100,1904.500,9
09:28:06.83900,1904.500,70
09:28:07.41700,1904.500,3
09:28:08.49200,1904.750,51
09:28:08.76100,1904.500,20
09:28:09.57000,1904.500,1
09:28:10.09700,1904.500,2
09:28:10.59700,1904.500,3
09:28:11.40200,1904.500,1
09:28:11.56200,1904.500,1
09:28:11.81200,1904.750,50
09:28:12.05000,1904.500,4
09:28:12.14000,1904.500,6
09:28:12.89800,1904.500,19
09:28:13.45300,1904.750,35
09:28:13.50700,1904.500,20
09:28:13.64800,1904.750,25
09:28:13.73800,1904.500,2
09:28:13.93700,1904.750,2
09:28:14.11700,1904.500,2
09:28:15.85900,1904.500,5
09:28:17.96400,1904.500,1
09:28:18.48000,1904.750,2
09:28:19.05800,1905.000,80
09:28:20.05800,1904.750,26
09:28:21.07800,1904.750,3
09:28:21.18300,1904.750,3
09:28:21.63600,1904.750,1
09:28:22.26100,1905.000,526
09:28:22.74200,1905.000,9
09:28:23.26100,1905.000,2
09:28:23.64000,1905.000,14
09:28:23.81200,1905.000,8
09:28:24.12500,1905.000,258
09:28:24.77300,1905.000,11
09:28:25.09700,1904.750,52
09:28:25.22200,1905.000,105
09:28:25.41000,1905.000,4
09:28:26.82000,1905.000,4
09:28:27.86700,1904.750,1
09:28:27.96000,1905.000,1
09:28:28.36700,1904.750,1
09:28:28.62800,1904.750,5
09:28:29.34300,1905.000,45
09:28:29.50300,1905.000,1
09:28:29.59700,1905.000,2
09:28:30.05000,1905.250,6
09:28:30.23000,1905.250,4
09:28:30.91400,1905.000,2
09:28:31.52300,1905.000,1
09:28:32.37100,1905.250,52
09:28:32.91400,1905.000,12
09:28:33.08900,1905.250,1
09:28:33.25700,1905.250,5
09:28:33.70700,1905.250,1
09:28:34.14400,1905.250,102
09:28:34.58500,1905.250,3
09:28:35.12500,1905.250,38
09:28:35.38200,1905.500,12
09:28:35.67500,1905.250,1
09:28:35.73400,1905.250,6
09:28:36.25700,1905.500,1
09:28:36.66400,1905.500,1
09:28:37.37100,1905.250,2
09:28:37.47600,1905.250,5
09:28:37.69500,1905.500,3
09:28:37.92500,1905.500,2
09:28:38.16700,1905.250,3
09:28:38.46400,1905.250,11
09:28:38.91700,1905.250,4
09:28:39.05400,1905.250,1
09:28:39.33500,1905.250,6
09:28:40.12500,1905.000,1
09:28:40.26100,1905.250,1
09:28:40.69100,1905.250,1
09:28:42.16000,1905.000,41
09:28:42.42500,1905.000,20
09:28:43.96400,1905.250,100
09:28:44.19500,1905.250,3
09:28:44.82800,1905.250,2
09:28:44.97200,1905.000,10
09:28:45.81600,1905.000,2
09:28:46.34300,1905.000,9
09:28:47.65600,1905.250,22
09:28:47.93300,1905.250,1
09:28:48.27700,1905.250,25
09:28:48.89000,1905.250,1
09:28:49.11700,1905.250,3
09:28:49.94900,1905.250,1
09:28:50.15200,1905.250,1
09:28:50.76500,1905.250,6
09:28:51.08500,1905.250,12
09:28:51.40600,1905.250,3
09:28:52.12800,1905.250,90
09:28:52.54200,1905.250,14
09:28:52.60900,1905.250,2
09:28:52.80400,1905.000,1
09:28:53.51900,1905.250,18
09:28:53.61300,1905.250,2
09:28:54.49200,1905.500,21
09:28:54.70300,1905.250,1
09:28:55.69900,1905.250,44
09:28:56.09700,1905.500,2
09:28:56.29600,1905.250,6
09:28:56.41000,1905.250,146
09:28:56.95300,1905.250,6
09:28:57.36300,1905.250,4
09:28:57.51500,1905.250,3
09:28:57.66000,1905.250,1
09:28:58.30000,1905.250,1
09:28:58.49600,1905.250,79
09:28:58.50700,1905.250,437
09:28:58.88600,1905.250,5
09:28:59.30000,1905.250,1
09:29:00.40600,1905.500,8
09:29:00.59300,1905.250,3
09:29:01.74600,1905.500,5
09:29:02.26100,1905.000,282
09:29:02.48000,1905.250,51
09:29:02.82800,1905.250,28
09:29:03.01500,1905.500,20
09:29:04.07000,1905.250,1
09:29:04.73800,1905.250,1
09:29:06.00300,1905.500,1
09:29:07.26100,1905.000,101
09:29:08.03900,1905.250,1
09:29:09.47200,1905.500,104
09:29:11.54600,1905.250,24
09:29:12.08200,1905.250,9
09:29:12.32400,1905.250,5
09:29:13.03900,1905.000,3
09:29:13.18300,1905.000,1
09:29:13.49200,1905.000,20
09:29:14.29600,1905.000,9
09:29:14.44500,1905.000,2
09:29:14.56600,1905.250,20
09:29:16.70300,1905.250,103
09:29:16.80800,1905.250,4
09:29:18.04600,1905.000,16
09:29:18.50000,1905.250,17
09:29:18.92900,1905.250,1
09:29:19.85100,1905.250,3
09:29:20.64800,1905.500,1
09:29:20.89400,1905.500,2
09:29:21.13200,1905.250,3
09:29:22.35100,1905.500,112
09:29:23.00700,1905.250,84
09:29:23.54600,1905.500,28
09:29:23.64000,1905.250,29
09:29:23.89800,1905.250,2
09:29:24.44100,1905.250,1
09:29:25.91700,1905.250,3
09:29:26.62500,1905.500,1
09:29:27.71400,1905.250,34
09:29:27.89000,1905.250,18
09:29:28.83500,1905.250,1
09:29:29.17100,1905.250,4
09:29:30.30800,1905.250,80
09:29:30.44900,1905.250,25
09:29:30.53100,1905.250,3
09:29:30.64800,1905.000,1
09:29:30.91700,1905.250,4
09:29:31.10900,1905.250,8
09:29:31.37100,1905.500,10
09:29:31.62100,1905.250,7
09:29:31.75000,1905.250,2
09:29:32.01900,1905.250,1
09:29:32.24600,1905.500,204
09:29:32.28900,1905.500,12
09:29:32.92500,1905.500,31
09:29:33.10900,1905.500,20
09:29:34.82800,1905.500,74
09:29:35.26500,1905.500,2
09:29:35.71000,1905.500,4
09:29:36.23400,1905.500,1
09:29:36.42900,1905.250,211
09:29:37.23400,1905.500,8
09:29:37.60500,1905.250,4
09:29:37.91000,1905.500,1
09:29:38.18700,1905.500,1
09:29:38.38200,1905.500,1
09:29:38.50700,1905.500,137
09:29:38.62100,1905.500,1
09:29:38.92900,1905.250,3
09:29:39.22200,1905.500,2
09:29:39.28100,1905.250,4
09:29:39.33500,1905.500,5
09:29:39.84700,1905.500,3
09:29:40.10900,1905.500,1
09:29:40.39800,1905.500,111
09:29:40.59700,1905.500,6
09:29:40.84300,1905.750,14
09:29:41.21000,1905.500,53
09:29:41.30400,1905.500,1
09:29:41.43700,1905.500,4
09:29:41.76500,1905.250,115
09:29:41.91400,1905.250,8
09:29:42.14400,1905.500,1
09:29:42.44900,1905.250,1
09:29:42.65600,1905.500,949
09:29:42.81200,1905.500,136
09:29:42.89000,1905.500,2
09:29:43.11300,1905.500,31
09:29:43.13600,1905.500,3
09:29:43.22200,1905.500,2
09:29:43.35100,1905.250,68
09:29:44.19900,1905.250,1
09:29:44.40600,1905.250,3
09:29:44.60100,1905.500,52
09:29:44.60500,1905.500,18
09:29:44.87800,1905.500,2
09:29:45.08500,1905.250,133
09:29:45.19100,1905.250,24
09:29:45.60500,1905.500,21
09:29:45.85100,1905.500,7
09:29:45.93700,1905.250,126
09:29:46.14000,1905.250,11
09:29:46.22600,1905.500,25
09:29:46.42500,1905.500,1
09:29:47.15600,1905.500,7
09:29:47.66700,1905.500,3
09:29:47.91700,1905.250,3
09:29:48.27300,1905.250,7
09:29:48.32800,1905.250,3
09:29:48.83500,1905.250,5
09:29:49.11300,1905.000,105
09:29:49.73000,1905.250,83
09:29:49.77700,1905.250,1
09:29:50.00300,1905.250,32
09:29:50.14800,1905.250,20
09:29:50.44900,1905.250,2
09:29:50.55800,1905.250,6
09:29:51.28500,1905.000,1
09:29:52.05800,1905.000,137
09:29:52.36300,1905.000,5
09:29:52.44500,1905.000,43
09:29:52.48800,1905.250,1
09:29:52.64800,1905.000,5
09:29:52.72200,1905.000,1
09:29:52.87500,1905.250,526
09:29:53.51900,1905.500,3
09:29:53.61300,1905.250,1
09:29:53.80000,1905.500,1
09:29:53.92900,1905.500,147
09:29:53.94100,1905.500,19
09:29:54.23400,1905.500,2
09:29:54.35900,1905.750,6
09:29:54.39000,1905.500,6
09:29:55.27700,1905.500,176
09:29:55.65600,1905.250,53
09:29:55.83900,1905.500,1
09:29:56.16400,1905.500,15
09:29:56.26900,1905.500,1
09:29:56.82400,1905.250,1
09:29:57.00700,1905.250,1
09:29:57.17100,1905.250,4
09:29:57.33900,1905.250,1
09:29:57.49200,1905.250,1
09:29:57.56200,1905.500,5
09:29:57.90200,1905.500,6
09:29:58.12800,1905.500,204
09:29:58.23000,1905.500,41
09:29:58.31600,1905.500,243
09:29:58.42500,1905.500,7
09:29:58.48800,1905.750,4
09:29:58.62500,1905.750,4
09:29:58.71800,1905.750,394
09:29:59.23000,1905.750,385
09:29:59.73400,1905.750,284
09:29:59.87800,1906.000,271
09:30:00.00300,1906.250,141
09:30:00.07400,1906.500,1927
09:30:00.07400,1906.500,10
09:30:00.57400,1906.000,1331
09:30:01.19100,1906.250,723
09:30:01.20700,1906.250,98
09:30:01.21000,1906.000,59
09:30:01.48400,1906.000,91
09:30:01.49200,1906.000,216
09:30:01.49600,1906.250,1
09:30:01.50000,1906.250,6
09:30:01.50700,1906.250,1
09:30:02.09300,1906.000,66
09:30:02.19500,1906.250,84
09:30:02.20700,1906.000,165
09:30:02.22600,1906.000,181
09:30:02.22600,1906.000,39
09:30:02.22600,1906.000,69
09:30:02.22600,1906.000,36
09:30:02.22600,1906.250,59
09:30:02.23000,1906.250,31
09:30:02.24200,1906.000,51
09:30:02.59700,1906.000,22
09:30:02.71400,1906.250,1
09:30:02.85100,1906.000,9
09:30:03.00000,1906.250,176
09:30:03.06200,1906.250,152
09:30:03.07800,1906.250,20
09:30:03.31600,1906.500,219
09:30:03.49200,1906.750,72
09:30:03.49600,1906.750,67
09:30:03.59300,1906.750,3
09:30:03.71800,1906.500,4
09:30:03.83200,1906.500,4
09:30:04.01100,1906.750,183
09:30:04.05800,1906.750,11
09:30:04.25700,1906.750,35
09:30:04.36300,1906.750,224
09:30:04.52700,1906.750,25
09:30:04.66400,1906.750,15
09:30:04.70700,1906.750,7
09:30:04.81200,1907.000,5
09:30:04.96800,1906.750,12
09:30:05.11700,1907.000,24
09:30:05.21000,1906.750,15
09:30:05.43700,1906.750,305
09:30:05.50300,1907.000,8
09:30:05.60100,1906.750,10
09:30:05.71000,1907.000,32
09:30:05.87800,1907.000,370
09:30:06.00300,1906.750,89
09:30:06.09300,1907.000,43
09:30:06.21400,1907.000,53
09:30:06.28900,1907.250,3
09:30:06.36700,1907.250,2
09:30:06.54600,1907.250,15
09:30:06.58200,1907.250,1
09:30:06.69500,1907.250,16
09:30:06.86300,1907.250,10
09:30:06.94100,1907.250,10
09:30:07.34300,1907.500,1025
09:30:07.46400,1907.250,7
09:30:07.51900,1907.500,5
09:30:07.58900,1907.250,515
09:30:07.60100,1907.000,79
09:30:07.61300,1907.000,59
09:30:07.61300,1907.000,19
09:30:07.75700,1907.000,90
09:30:07.92100,1907.000,49
09:30:07.92100,1907.000,50
09:30:08.08900,1906.750,27
09:30:08.20300,1906.750,16
09:30:08.30800,1906.750,35
09:30:08.51100,1907.000,32
09:30:08.52300,1906.750,4
09:30:08.68300,1906.500,646
09:30:08.78500,1906.500,139
09:30:08.90600,1906.500,67
09:30:08.97200,1906.500,22
09:30:09.15200,1906.250,27
09:30:09.23000,1906.500,16
09:30:09.41700,1906.250,31
09:30:09.51500,1906.250,319
09:30:09.69100,1906.500,186
09:30:09.78500,1906.500,239
09:30:09.89800,1906.500,10
09:30:10.07400,1906.750,399
09:30:10.17500,1906.750,52
09:30:10.64000,1906.750,162
09:30:10.66700,1906.750,11
09:30:10.80000,1907.000,31
09:30:10.94100,1907.000,22
09:30:11.03900,1906.750,95
09:30:11.56600,1907.000,580
09:30:11.75700,1906.750,16
09:30:11.92900,1906.750,391
09:30:12.00700,1906.750,21
09:30:12.07000,1906.750,14
09:30:12.22200,1906.500,15
09:30:12.52300,1906.750,33
09:30:12.72600,1906.250,361
09:30:13.00700,1906.500,276
09:30:13.08500,1906.750,69
09:30:13.30400,1906.500,17
09:30:13.35100,1906.500,15
09:30:13.46000,1906.750,17
09:30:13.49600,1906.750,1
09:30:13.68300,1906.750,7
09:30:13.80400,1906.500,54
09:30:13.92500,1906.500,125
09:30:14.06600,1906.750,130
09:30:14.16000,1906.500,5
09:30:14.29600,1906.500,2
09:30:14.56600,1906.500,267
09:30:14.78500,1906.500,22
09:30:14.92500,1906.500,70
09:30:15.08200,1906.500,9
09:30:15.09700,1906.500,1
09:30:15.26900,1906.750,26
09:30:15.37100,1906.750,55
09:30:15.49200,1906.750,25
09:30:15.54200,1906.750,11
09:30:15.66000,1906.750,221
09:30:15.67900,1907.000,1
09:30:15.79200,1907.000,17
09:30:15.89000,1907.000,8
09:30:16.02700,1906.750,10
09:30:16.15600,1906.750,2
09:30:16.33900,1907.000,2
09:30:16.57400,1906.750,3
09:30:16.60900,1907.000,10
09:30:17.08500,1906.750,139
09:30:17.13200,1906.750,80
09:30:17.28500,1906.750,22
09:30:17.39400,1906.750,4
09:30:17.54600,1906.750,107
09:30:17.79600,1907.000,52
09:30:18.08500,1906.750,31
09:30:18.15200,1906.750,6
09:30:18.21000,1906.750,1
09:30:18.37800,1906.750,62
09:30:18.50300,1906.750,79
09:30:18.74200,1906.750,32
09:30:18.84700,1906.750,4
09:30:18.95700,1906.750,91
09:30:19.04600,1906.750,1
09:30:19.12500,1906.750,2
09:30:19.15600,1907.000,10
09:30:19.42100,1906.750,8
09:30:19.51900,1907.000,20
09:30:19.57400,1906.750,2
09:30:20.03500,1907.250,441
09:30:20.13600,1907.500,117
09:30:20.30800,1907.250,206
09:30:20.31600,1907.250,76
09:30:20.47200,1907.500,11
09:30:20.58500,1907.250,93
09:30:20.69900,1907.000,171
09:30:20.82000,1907.000,5
09:30:20.94900,1907.250,20
09:30:21.17900,1907.250,2
09:30:21.33200,1907.000,12
09:30:21.39800,1907.250,1
09:30:21.73800,1907.250,103
09:30:21.81200,1907.250,1
09:30:22.01900,1907.250,34
09:30:22.15600,1907.250,5
09:30:22.49600,1907.250,131
09:30:22.59300,1907.250,2
09:30:22.64400,1907.250,13
09:30:22.75000,1907.500,15
09:30:22.88200,1907.250,4
09:30:22.96000,1907.250,274
09:30:23.37500,1907.500,26
09:30:23.42100,1907.500,13
09:30:23.73000,1907.500,1
09:30:23.96400,1907.500,117
09:30:24.03100,1907.250,1
09:30:24.14800,1907.500,55
09:30:24.28900,1907.750,283
09:30:24.43300,1907.750,9
09:30:24.58200,1907.750,4
09:30:24.87800,1907.750,13
09:30:25.02700,1907.750,16
09:30:25.08500,1907.750,5
09:30:25.22200,1908.000,80
09:30:25.36300,1907.750,174
09:30:25.46000,1907.500,44
09:30:25.59300,1907.250,624
09:30:25.75300,1907.500,6
09:30:26.01500,1907.250,74
09:30:26.52700,1907.500,157
09:30:26.66400,1907.250,31
09:30:26.80000,1907.500,2
09:30:27.16700,1907.250,7
09:30:27.20700,1907.500,1
09:30:27.25000,1907.500,1
09:30:27.42900,1907.250,2
09:30:27.49200,1907.250,1
09:30:27.67500,1907.500,6
09:30:27.84700,1907.250,9
09:30:28.05400,1907.500,1
09:30:28.23400,1907.250,4
09:30:28.33200,1907.500,2
09:30:28.46800,1907.250,1
09:30:28.60500,1907.500,249
09:30:28.90200,1907.750,68
09:30:29.03500,1907.750,56
09:30:29.12800,1907.750,4
09:30:29.39800,1907.750,25
09:30:29.55800,1907.500,6
09:30:29.71800,1907.750,4
09:30:29.84300,1907.500,3
09:30:30.06600,1907.500,4
09:30:30.57400,1907.750,181
09:30:30.82800,1907.750,3
09:30:30.87800,1908.000,2
09:30:31.08200,1907.750,1
09:30:31.30000,1907.750,2
09:30:31.33200,1907.750,8
09:30:31.96800,1907.750,268
09:30:32.13600,1907.750,42
09:30:32.32400,1907.750,15
09:30:32.39000,1908.000,3
09:30:32.58900,1907.750,37
09:30:32.66400,1907.500,2
09:30:32.74200,1907.750,10
09:30:32.85100,1907.750,5
09:30:33.02300,1907.750,116
09:30:33.17500,1907.750,2
09:30:33.88600,1907.750,344
09:30:34.05400,1908.250,107
09:30:34.41400,1908.500,283
09:30:34.68300,1908.500,5
09:30:34.82400,1908.250,13
09:30:35.05400,1908.250,14
09:30:35.39000,1908.500,120
09:30:35.42500,1908.500,38
09:30:35.58200,1908.500,38
09:30:35.66000,1908.750,14
09:30:35.78100,1908.750,8
09:30:35.89000,1908.750,23
09:30:36.00700,1908.750,2
09:30:36.17100,1908.750,15
09:30:36.45700,1908.750,16
09:30:36.53500,1908.500,3
09:30:36.60900,1908.750,5
09:30:36.66000,1908.750,3
09:30:36.76500,1908.500,1
09:30:36.92900,1908.500,134
09:30:37.08500,1908.750,50
09:30:37.15200,1908.500,10
09:30:37.29600,1908.750,16
09:30:37.34700,1908.500,1
09:30:37.46800,1908.750,5
09:30:37.63600,1908.750,158
09:30:37.67900,1908.750,6
09:30:37.78100,1908.750,5
09:30:37.91400,1908.500,2
09:30:38.08500,1909.000,42
09:30:38.14800,1908.750,4
09:30:38.26100,1908.750,122
09:30:38.42900,1908.750,99
09:30:38.71000,1908.750,113
09:30:38.72600,1908.500,215
09:30:38.94900,1908.750,21
09:30:39.20700,1908.750,107
09:30:39.28100,1908.750,17
09:30:39.33200,1908.750,2
09:30:39.48000,1909.000,2
09:30:39.53900,1908.750,4
09:30:39.69100,1908.750,99
09:30:39.82400,1908.750,41
09:30:40.03500,1908.500,64
09:30:40.03500,1908.500,64
09:30:40.25300,1908.500,131
09:30:40.26500,1908.500,18
09:30:40.42500,1908.500,3
09:30:40.68300,1908.500,3
09:30:40.71400,1908.500,1
09:30:40.94500,1908.250,67
09:30:41.05400,1908.250,2
09:30:41.20700,1908.250,3
09:30:41.50300,1908.500,51
09:30:41.55000,1908.500,5
09:30:41.58900,1908.250,1
09:30:41.83900,1908.250,4
09:30:41.96400,1908.250,1
09:30:42.06200,1908.500,3
09:30:42.23800,1908.250,114
09:30:42.34300,1908.250,9
09:30:42.46800,1908.500,246
09:30:42.62500,1908.500,271
09:30:42.70300,1908.500,1
09:30:42.82800,1908.250,1
09:30:42.92500,1908.500,1
09:30:43.00700,1908.500,1
09:30:43.10900,1908.500,2
09:30:43.20700,1908.250,46
09:30:43.39400,1908.250,1
09:30:43.66700,1908.500,2
09:30:43.87100,1908.250,1
09:30:44.21800,1908.500,1
09:30:44.38200,1908.250,78
09:30:44.75300,1908.000,3
09:30:44.76900,1908.250,1
09:30:45.01500,1908.250,20
09:30:45.13200,1908.250,60
09:30:45.30400,1908.250,11
09:30:45.51900,1908.250,6
09:30:45.58900,1908.250,1
09:30:45.67900,1908.250,1
09:30:45.81600,1908.250,3
09:30:46.03100,1908.500,80
09:30:46.09700,1908.250,3
09:30:46.22200,1908.250,21
09:30:46.42500,1908.500,34
09:30:46.68300,1908.250,20
09:30:46.82800,1908.500,64
09:30:46.90200,1908.500,1
09:30:47.00000,1908.500,21
09:30:47.25300,1908.250,7
09:30:47.41400,1908.500,25
09:30:47.51500,1908.250,1
09:30:47.63200,1908.500,2
09:30:47.73800,1908.500,5
09:30:47.91700,1908.250,1
09:30:48.18700,1908.500,6
09:30:48.43700,1908.250,4
09:30:48.46000,1908.250,2
09:30:48.57400,1908.250,2
09:30:48.96800,1908.250,15
09:30:49.19900,1908.500,2
09:30:49.45300,1908.250,2
09:30:49.62800,1908.500,1
09:30:50.07000,1908.500,102
09:30:50.27300,1908.250,4
09:30:50.39000,1908.250,3
09:30:50.51500,1908.500,1
09:30:50.77700,1908.250,6
09:30:51.05400,1908.250,4
09:30:51.25300,1908.250,194
09:30:51.30800,1908.250,11
09:30:51.62500,1908.250,32
09:30:51.64800,1908.250,1
09:30:51.90200,1908.250,36
09:30:52.15600,1908.250,1
09:30:52.29600,1908.000,8
09:30:52.45300,1908.000,5
09:30:52.92100,1908.000,8
09:30:53.20700,1908.000,2
09:30:53.29600,1908.000,2
09:30:53.36700,1908.250,1
09:30:53.50000,1908.000,13
09:30:53.71400,1908.000,3
09:30:53.80000,1908.000,1
09:30:54.03100,1908.250,384
09:30:54.35500,1908.000,3
09:30:54.46400,1908.250,4
09:30:54.60900,1908.250,2
09:30:54.70300,1908.000,640
09:30:54.70700,1907.750,239
09:30:55.34300,1907.750,532
09:30:55.41400,1907.750,1
09:30:55.55800,1907.750,71
09:30:55.65600,1907.500,17
09:30:55.85500,1907.500,3
09:30:55.97200,1907.500,1
09:30:56.15200,1907.750,5
09:30:56.20300,1907.750,3
09:30:56.43700,1907.500,1
09:30:56.60100,1907.750,1
09:30:57.02300,1907.750,155
09:30:57.16000,1907.750,121
09:30:57.24200,1907.750,1
09:30:57.32800,1908.000,5
09:30:57.47600,1907.750,14
09:30:57.76900,1907.750,13
09:30:57.87500,1907.500,1
09:30:58.17100,1907.500,2
09:30:58.50000,1907.750,268
09:30:58.67500,1907.750,68
09:30:58.87100,1907.500,3
09:30:58.91000,1907.750,25
09:30:58.94100,1907.750,10
09:30:59.16000,1907.500,116
09:30:59.26100,1907.750,43
09:30:59.46400,1907.750,1
09:30:59.60100,1907.750,74
09:30:59.69900,1907.750,1
09:30:59.89400,1907.750,2
09:31:00.25000,1907.750,90
09:31:00.35100,1907.750,24
09:31:00.57800,1908.000,9
09:31:00.63600,1907.750,4
09:31:00.73400,1907.750,36
09:31:00.96000,1907.750,3
09:31:01.16400,1908.000,1
09:31:01.46800,1908.000,7
09:31:01.87800,1907.750,7
09:31:02.25000,1907.750,3
09:31:02.77300,1908.000,188
09:31:02.84300,1907.750,12
09:31:03.05400,1908.000,103
09:31:03.23000,1907.750,4
09:31:03.78900,1907.750,19
09:31:04.10900,1908.000,1
09:31:04.13200,1907.750,1
09:31:04.35100,1907.750,10
09:31:04.37800,1907.750,1
09:31:04.53500,1907.750,2
09:31:04.87800,1908.000,504
09:31:05.05400,1908.000,16
09:31:05.20300,1908.000,1
09:31:05.41700,1908.000,2
09:31:05.55800,1908.250,2
09:31:06.85500,1908.250,262
09:31:07.02700,1908.250,76
09:31:07.19100,1908.500,1
09:31:07.56200,1908.250,66
09:31:07.87500,1908.500,49
09:31:07.87500,1908.500,35
09:31:08.03500,1908.250,2
09:31:08.81200,1908.250,1
09:31:09.18700,1908.500,1
09:31:09.49200,1908.250,3
09:31:09.60900,1908.250,163
09:31:09.87800,1908.500,1
09:31:10.10500,1908.250,1
09:31:10.30800,1908.500,2
09:31:10.41000,1908.250,20
09:31:10.57800,1908.250,1
09:31:10.71400,1908.500,1
09:31:10.81200,1908.250,1
09:31:10.90600,1908.250,2
09:31:11.39000,1908.500,4
09:31:12.32000,1908.250,121
09:31:12.48000,1908.500,1
09:31:12.65200,1908.250,10
09:31:13.11700,1908.500,3
09:31:13.54200,1908.000,125
09:31:13.76500,1908.250,1
09:31:13.87500,1908.000,1
09:31:13.96400,1908.250,1
09:31:14.07000,1908.250,1
09:31:14.19900,1908.250,1
09:31:14.30000,1908.000,21
09:31:14.55800,1908.000,60
09:31:15.63200,1908.250,248
09:31:16.03900,1908.250,5
09:31:16.39000,1908.250,4
09:31:16.57800,1908.250,1
09:31:16.80000,1908.250,105
09:31:17.08500,1908.250,2
09:31:17.45700,1908.250,1
09:31:17.96400,1908.250,1
09:31:18.37800,1908.250,140
09:31:18.50000,1908.250,7
09:31:18.61300,1908.250,2
09:31:19.06200,1908.250,7
09:31:19.35100,1908.250,51
09:31:19.48000,1908.250,2
09:31:20.28100,1908.250,20
09:31:20.47600,1908.000,5
09:31:20.83200,1908.000,7
09:31:21.68300,1908.000,15
09:31:21.71000,1908.000,1
09:31:21.74200,1908.000,1
09:31:22.23000,1908.000,24
09:31:22.63200,1908.250,87
09:31:22.72600,1908.250,153
09:31:22.86300,1908.250,2
09:31:23.09300,1908.250,10
09:31:23.15200,1908.250,49
09:31:23.36300,1908.250,11
09:31:23.49200,1908.000,8
09:31:23.84300,1908.250,44
09:31:23.90600,1908.250,1
09:31:24.04600,1908.250,47
09:31:24.19500,1908.000,5
09:31:24.46800,1908.000,3
09:31:24.64800,1908.000,30
09:31:24.80800,1908.250,32
09:31:24.95300,1908.000,15
09:31:25.15200,1908.000,207
09:31:25.50300,1908.000,100
09:31:25.69100,1908.000,92
09:31:26.01900,1907.750,66
09:31:26.21800,1908.000,176
09:31:26.53500,1908.000,1
09:31:26.71000,1908.000,9
09:31:27.21400,1907.750,1
09:31:27.44100,1908.000,1
09:31:27.52700,1908.000,1
09:31:27.74200,1908.000,1
09:31:27.83200,1908.000,131
09:31:29.08900,1908.000,28
09:31:29.12100,1908.000,2
09:31:29.42900,1908.000,26
09:31:29.62800,1908.000,2
09:31:29.93300,1907.750,158
09:31:30.48400,1908.000,6
09:31:30.91400,1907.750,2
09:31:31.13600,1908.000,1
09:31:31.52700,1907.750,5
09:31:32.04600,1908.000,236
09:31:32.27700,1908.000,272
09:31:32.66000,1908.000,3
09:31:32.94500,1908.250,72
09:31:33.01900,1908.250,1
09:31:33.73400,1908.250,51
09:31:33.79600,1908.250,2
09:31:33.87800,1908.250,1
09:31:34.13200,1908.250,2
09:31:34.58200,1908.250,290
09:31:34.80800,1908.500,20
09:31:35.35900,1908.500,1
09:31:35.70300,1908.250,18
09:31:35.84700,1908.250,5
09:31:36.33900,1908.500,1
09:31:36.79600,1908.500,1
09:31:37.05000,1908.000,144
09:31:37.05400,1908.250,127
09:31:37.15200,1908.250,3
09:31:37.65600,1908.250,61
09:31:37.96000,1908.500,5
09:31:38.11700,1908.250,1
09:31:38.83900,1908.250,36
09:31:38.84300,1908.250,6
09:31:39.03500,1908.250,48
09:31:39.35500,1908.500,1
09:31:39.42500,1908.500,5
09:31:39.46800,1908.250,1
09:31:39.69500,1908.500,1
09:31:39.82400,1908.250,1
09:31:40.07000,1908.250,1
09:31:40.53100,1908.250,2
09:31:40.69900,1908.500,2
09:31:41.25700,1908.250,1
09:31:41.80000,1908.250,6
09:31:41.83900,1908.250,1
09:31:42.22200,1908.250,2
09:31:42.87100,1908.250,26
09:31:42.88200,1908.250,128
09:31:43.08200,1908.250,1
09:31:43.24600,1908.250,1
09:31:43.37100,1908.250,1
09:31:43.41000,1908.000,1
09:31:43.78500,1908.250,13
09:31:44.35900,1908.250,1
09:31:44.49600,1908.000,8
09:31:44.66700,1908.000,1
09:31:44.89000,1908.000,2
09:31:45.32000,1908.000,15
09:31:45.57400,1908.000,1
09:31:45.94900,1908.250,1
09:31:46.17900,1908.250,4
09:31:46.42900,1908.250,3
09:31:46.63600,1908.000,1
09:31:47.01900,1908.000,61
09:31:47.12100,1908.250,6
09:31:47.81200,1908.250,13
09:31:48.19900,1908.000,5
09:31:48.52300,1908.000,3
09:31:48.68700,1908.000,1
09:31:48.89400,1908.250,1
09:31:49.02700,1908.000,12
09:31:49.57000,1908.250,38
09:31:49.63200,1908.000,1
09:31:50.03900,1908.000,183
09:31:50.35500,1908.250,7
09:31:50.42900,1908.000,3
09:31:50.57000,1908.000,1
09:31:50.77700,1908.250,15
09:31:50.84300,1908.000,1
09:31:51.00700,1908.000,11
09:31:51.67500,1908.000,667
09:31:51.84700,1908.000,103
09:31:52.11700,1908.000,40
09:31:52.43300,1908.000,106
09:31:52.89000,1908.000,43
09:31:53.20700,1908.000,4
09:31:53.27700,1908.000,2
09:31:53.41000,1908.000,53
09:31:53.44500,1908.000,29
09:31:54.03100,1908.000,1
09:31:54.55800,1908.000,1
09:31:55.01900,1908.250,310
09:31:55.24200,1908.250,2
09:31:55.87800,1908.250,14
09:31:56.18300,1908.250,5
09:31:56.26500,1908.250,62
09:31:56.54200,1908.500,74
09:31:56.82000,1908.250,6
09:31:57.36300,1908.500,164
09:31:57.71000,1908.250,1
09:31:57.91400,1908.500,2
09:31:58.10900,1908.500,2
09:31:58.34300,1908.500,1
09:31:58.70700,1908.500,3
09:31:58.97200,1908.500,10
09:31:59.12100,1908.500,3
09:31:59.46800,1908.250,13
09:31:59.63600,1908.250,2
09:32:00.31600,1908.250,35
09:32:00.50000,1908.500,6
09:32:00.60500,1908.500,13
09:32:00.87100,1908.500,10
09:32:01.00000,1908.500,174
09:32:01.14400,1908.500,80
09:32:01.43700,1908.500,2
09:32:01.58900,1908.500,5
09:32:01.69900,1908.500,44
09:32:01.78100,1908.500,43
09:32:01.95700,1908.500,20
09:32:02.00000,1908.500,9
09:32:02.17900,1908.500,52
09:32:02.30000,1908.750,50
09:32:02.43700,1908.500,27
09:32:02.58500,1908.500,2
09:32:02.78100,1908.250,3
09:32:03.12800,1908.500,15
09:32:03.25300,1908.500,3
09:32:03.59700,1908.500,86
09:32:03.91400,1908.250,44
09:32:04.02300,1908.500,29
09:32:04.17100,1908.500,29
09:32:04.50700,1908.500,60
09:32:04.82800,1908.250,32
09:32:04.97200,1908.500,21
09:32:05.00700,1908.250,16
09:32:05.29600,1908.250,2
09:32:05.75300,1908.500,109
09:32:05.87100,1908.750,7
09:32:05.91000,1908.500,23
09:32:06.11300,1908.500,59
09:32:06.24600,1908.750,2
09:32:06.29200,1908.750,1
09:32:06.46000,1908.750,2
09:32:06.58900,1908.500,1
09:32:06.97200,1908.750,671
09:32:07.43700,1908.750,9
09:32:08.11300,1908.500,9
09:32:08.19100,1908.500,1
09:32:08.60100,1908.750,5
09:32:08.97200,1908.750,11
09:32:09.22600,1908.750,1
09:32:09.66000,1908.500,45
09:32:09.85100,1908.750,21
09:32:10.40200,1908.750,5
09:32:11.00300,1908.500,575
09:32:11.13200,1908.500,1
09:32:11.32800,1908.500,4
09:32:11.71400,1908.250,261
09:32:11.89800,1908.250,94
09:32:12.01900,1908.250,1
09:32:12.49600,1908.000,133
09:32:12.54200,1907.750,246
09:32:12.71400,1907.750,3
09:32:12.76100,1907.750,13
09:32:12.84300,1908.000,61
09:32:13.26100,1908.000,1
09:32:13.76500,1908.000,181
09:32:14.02300,1908.000,59
09:32:14.35100,1908.000,36
09:32:14.51100,1908.000,81
09:32:14.66000,1908.000,3
09:32:14.72600,1907.750,1
09:32:14.83500,1907.750,2
09:32:14.97200,1907.750,2
09:32:15.22200,1908.000,11
09:32:15.43300,1907.750,3
09:32:15.61700,1908.250,100
09:32:15.74600,1908.250,7
09:32:16.06600,1908.000,41
09:32:16.21000,1908.250,29
09:32:16.28500,1908.000,1
09:32:16.50000,1908.000,4
09:32:16.67100,1908.000,2
09:32:16.81200,1908.250,16
09:32:16.89400,1908.000,5
09:32:17.26100,1908.000,1
09:32:17.48800,1908.000,134
09:32:17.58500,1908.000,1
09:32:18.11700,1907.750,3
09:32:18.17900,1908.000,1
09:32:18.37100,1908.000,161
09:32:18.85500,1908.250,36
09:32:19.07000,1908.000,41
09:32:19.12500,1908.000,1
09:32:19.46800,1908.000,43
09:32:19.52300,1908.000,1
09:32:19.58900,1908.000,1
09:32:20.02300,1907.750,151
09:32:20.29600,1907.750,4
09:32:20.80800,1907.250,668
09:32:21.00700,1907.250,4
09:32:21.03500,1907.250,2
09:32:21.37100,1907.250,2
09:32:21.58500,1907.250,3
09:32:21.62800,1907.250,1
09:32:21.88200,1907.250,291
09:32:22.06200,1907.000,5
09:32:22.32800,1907.250,55
09:32:22.50300,1907.500,19
09:32:22.58200,1907.250,1
09:32:22.89000,1907.250,2
09:32:22.91400,1907.250,3
09:32:23.04600,1907.250,3
09:32:23.62100,1907.250,2
09:32:23.76100,1907.250,2
09:32:24.12500,1907.250,2
09:32:24.89000,1907.250,1
09:32:25.28100,1907.250,8
09:32:25.86300,1907.500,12
09:32:25.93300,1907.250,1
09:32:26.39800,1907.500,2
09:32:26.46000,1907.500,4
09:32:27.01500,1907.250,11
09:32:27.34300,1907.250,12
09:32:27.44900,1907.250,1
09:32:27.65200,1907.500,4
09:32:27.88200,1907.500,7
09:32:28.01100,1907.250,5
09:32:28.25700,1907.500,1
09:32:28.51900,1907.500,1
09:32:28.84300,1907.500,25
09:32:29.43300,1907.500,343
09:32:30.02700,1907.750,150
09:32:30.30400,1907.750,1
09:32:30.71800,1907.750,187
09:32:30.83500,1907.750,1
09:32:31.11300,1907.750,40
09:32:31.20700,1907.500,1
09:32:31.29200,1907.500,1
09:32:31.41700,1907.750,3
09:32:31.50000,1907.500,2
09:32:31.87100,1908.000,71
09:32:32.04600,1907.750,5
09:32:32.41400,1908.000,4
09:32:32.48400,1907.750,10
09:32:32.69100,1907.750,112
09:32:32.75000,1907.750,1
09:32:32.89800,1907.750,1
09:32:33.12800,1907.750,1
09:32:33.41000,1907.750,1
09:32:33.64800,1907.500,25
09:32:34.20700,1907.750,2
09:32:34.30800,1907.500,1
09:32:34.67500,1907.500,292
09:32:34.85900,1907.500,44
09:32:34.96000,1907.500,7
09:32:35.05800,1907.500,5
09:32:35.28500,1907.250,116
09:32:35.40600,1907.250,1
09:32:35.92500,1907.250,8
09:32:36.13600,1907.250,7
09:32:36.21000,1907.000,5
09:32:36.35100,1907.000,6
09:32:36.42100,1907.250,10
09:32:36.72600,1907.000,8
09:32:36.82800,1907.000,5
09:32:36.96000,1907.000,1
09:32:37.05400,1907.000,5
09:32:37.26900,1907.000,5
09:32:37.35100,1907.250,1
09:32:37.61300,1907.000,3
09:32:37.70700,1907.000,6
09:32:38.00700,1907.000,103
09:32:38.03500,1907.000,50
09:32:38.31200,1907.250,50
09:32:38.43700,1907.000,10
09:32:38.57000,1907.000,204
09:32:38.82000,1907.250,25
09:32:38.91700,1907.000,5
09:32:39.75700,1907.000,325
09:32:40.32400,1907.000,38
09:32:40.69500,1906.750,3
09:32:40.98600,1906.750,1
09:32:41.23400,1906.750,51
09:32:41.38600,1906.750,1
09:32:41.81600,1906.750,2
09:32:42.30000,1907.000,143
09:32:42.56600,1907.000,14
09:32:42.73800,1907.250,2
09:32:42.88200,1907.000,1
09:32:43.11700,1907.000,1
09:32:43.24200,1907.000,4
09:32:43.72600,1907.000,6
09:32:44.01900,1907.000,95
09:32:44.01900,1907.000,1
09:32:44.17500,1907.000,1
09:32:44.28500,1907.000,5
09:32:44.68300,1907.000,1
09:32:45.63600,1907.000,42
09:32:46.48400,1907.000,1
09:32:46.69500,1907.000,2
09:32:47.01900,1906.500,336
09:32:47.18700,1906.500,2
09:32:47.26500,1906.500,22
09:32:47.50300,1906.500,5
09:32:47.57000,1906.500,1
09:32:47.66700,1906.500,3
09:32:48.30400,1906.750,10
09:32:48.40600,1906.500,1
09:32:48.57800,1906.500,224
09:32:48.66700,1906.500,3
09:32:49.02300,1906.500,42
09:32:49.19100,1906.500,1
09:32:49.30400,1906.500,16
09:32:49.48000,1906.500,4
09:32:49.53500,1906.750,1
09:32:50.05000,1906.500,61
09:32:50.12100,1906.500,84
09:32:50.25300,1906.500,1
09:32:50.42100,1906.500,1
09:32:50.85900,1906.500,1
09:32:50.90600,1906.750,1
09:32:51.00700,1906.750,15
09:32:51.19500,1906.750,10
09:32:51.75000,1906.750,19
09:32:51.85900,1906.750,1
09:32:52.28500,1906.500,174
09:32:52.53100,1906.500,1
09:32:52.69500,1906.750,17
09:32:52.85500,1906.500,144
09:32:52.87100,1906.500,41
09:32:53.06200,1906.250,100
09:32:53.23800,1906.500,9
09:32:53.30000,1906.500,12
09:32:53.30000,1906.500,9
09:32:53.50000,1906.500,62
09:32:54.18700,1906.500,6
09:32:54.76900,1906.500,2
09:32:54.79600,1906.500,1
09:32:55.01900,1906.500,14
09:32:55.07800,1906.750,1
09:32:55.11700,1906.500,5
09:32:55.53500,1906.500,78
09:32:55.82800,1906.500,10
09:32:56.12500,1906.500,3
09:32:56.54200,1906.500,96
09:32:56.58200,1906.500,1
09:32:57.05400,1906.500,1
09:32:57.36300,1906.500,9
09:32:57.50700,1906.500,1
09:32:57.66400,1906.750,7
09:32:57.74600,1906.750,8
09:32:57.83900,1906.500,1
09:32:58.30000,1906.750,92
09:32:58.45700,1906.750,2
09:32:58.64400,1906.750,19
09:32:58.69900,1906.750,1
09:32:58.79200,1906.750,1
09:32:58.86300,1907.000,1
09:32:59.03900,1907.000,12
09:32:59.30000,1906.750,26
09:32:59.51900,1907.000,4
09:33:00.08500,1906.750,2
09:33:00.34700,1907.000,8
09:33:00.44900,1907.000,5
09:33:00.75700,1906.750,69
09:33:00.91000,1906.750,84
09:33:00.96800,1907.000,43
09:33:01.05000,1907.000,7
09:33:01.09300,1906.750,2
09:33:01.51100,1907.000,85
09:33:01.78900,1906.750,1
09:33:02.14000,1906.750,26
09:33:02.50300,1907.000,11
09:33:02.91400,1906.750,7
09:33:03.05000,1907.000,35
09:33:03.11300,1907.000,2
09:33:03.56600,1907.000,2
09:33:03.73800,1907.000,1
09:33:04.37500,1907.000,1
09:33:04.51100,1907.000,1
09:33:04.58500,1906.750,3
09:33:04.84700,1907.000,1
09:33:05.05000,1906.750,1
09:33:05.41700,1906.750,10
09:33:05.63200,1907.000,1
09:33:06.14800,1907.000,2
09:33:06.48000,1907.000,13
09:33:06.85100,1906.750,3
09:33:07.32400,1906.750,119
09:33:07.47600,1906.750,1
09:33:07.84300,1906.750,3
09:33:08.14400,1906.750,2
09:33:08.24600,1906.750,25
09:33:08.71800,1906.500,6
09:33:10.03500,1906.750,2
09:33:10.13200,1906.750,122
09:33:10.46400,1906.750,4
09:33:10.58500,1906.750,1
09:33:10.92100,1906.750,51
09:33:11.44900,1907.000,2
09:33:11.45700,1907.000,1
09:33:11.69500,1907.000,158
09:33:11.77700,1907.000,13
09:33:12.12800,1907.000,1
09:33:12.78900,1907.000,6
09:33:12.94100,1907.000,2
09:33:13.29600,1907.000,84
09:33:13.66400,1907.250,2
09:33:14.09700,1907.000,5
09:33:14.15600,1907.250,25
09:33:14.51900,1907.250,4
09:33:14.66000,1907.250,13
09:33:14.78900,1907.000,6
09:33:15.02700,1907.250,5
09:33:15.20300,1907.250,1
09:33:15.57400,1907.250,71
09:33:16.25700,1907.500,66
09:33:16.68700,1907.250,12
09:33:16.97200,1907.500,4
09:33:17.08900,1907.500,1
09:33:17.23400,1907.500,1
09:33:17.57000,1907.500,4
09:33:18.46800,1907.250,6
09:33:18.95300,1907.500,13
09:33:19.04600,1907.500,5
09:33:19.12800,1907.500,1
09:33:19.25300,1907.500,2
09:33:19.55800,1907.500,2
09:33:19.82400,1907.500,1
09:33:20.10500,1907.500,6
09:33:20.67900,1907.250,99
09:33:20.69900,1907.250,1
09:33:20.87100,1907.250,2
09:33:21.57000,1907.000,1
09:33:21.61700,1907.000,34
09:33:21.79200,1907.000,50
09:33:22.32000,1907.000,1
09:33:22.52300,1906.750,23
09:33:22.62100,1906.750,2
09:33:22.76900,1907.000,3
09:33:22.93700,1907.000,10
09:33:23.58200,1906.750,1
09:33:23.94500,1906.750,20
09:33:24.13600,1907.000,8
09:33:24.39400,1906.750,1
09:33:24.54600,1907.000,3
09:33:24.67900,1907.000,1
09:33:25.00300,1907.000,1
09:33:25.17100,1906.750,1
09:33:25.35500,1906.750,38
09:33:26.38200,1907.000,1
09:33:26.76500,1907.000,299
09:33:26.87100,1907.000,11
09:33:27.00300,1907.000,13
09:33:27.16700,1906.750,21
09:33:27.41000,1907.000,1
09:33:27.61300,1907.000,29
09:33:27.89000,1907.000,26
09:33:28.37500,1907.000,1
09:33:28.72200,1907.250,1
09:33:29.04600,1907.250,1
09:33:29.21000,1907.000,2
09:33:29.43300,1907.000,1
09:33:30.44900,1907.250,17
09:33:30.63600,1907.250,5
09:33:30.90200,1907.250,129
09:33:31.03900,1907.250,10
09:33:31.30000,1907.250,1
09:33:31.53900,1907.250,1
09:33:32.44500,1907.500,1
09:33:32.83900,1907.250,1
09:33:33.01100,1907.250,65
09:33:33.12800,1907.500,3
09:33:33.28500,1907.250,24
09:33:33.47200,1907.250,6
09:33:33.73400,1907.250,115
09:33:33.83900,1907.250,3
09:33:34.07400,1907.000,2
09:33:34.26900,1907.000,2
09:33:34.56200,1907.250,7
09:33:34.63600,1907.250,61
09:33:34.89400,1907.000,115
09:33:35.23000,1907.000,56
09:33:35.46000,1906.750,3
09:33:35.77700,1907.000,1
09:33:36.56200,1907.000,3
09:33:37.42900,1907.000,106
09:33:37.60900,1907.250,3
09:33:37.61300,1907.250,2
09:33:37.95300,1907.250,4
09:33:38.03500,1907.250,4
09:33:38.70700,1907.250,20
09:33:39.25300,1907.000,1
09:33:39.75000,1907.000,52
09:33:40.22200,1907.000,33
09:33:40.50300,1907.000,4
09:33:40.62500,1907.000,2
09:33:40.96400,1907.000,3
09:33:41.41700,1907.000,1
09:33:41.82800,1907.000,30
09:33:41.92100,1907.000,2
09:33:42.91000,1907.250,20
09:33:43.12100,1907.000,1
09:33:43.19500,1907.000,1
09:33:44.22600,1907.000,10
09:33:44.59300,1906.500,780
09:33:45.16700,1906.500,1
09:33:45.25700,1906.500,3
09:33:45.54200,1906.750,15
09:33:45.88200,1906.750,1
09:33:46.41400,1906.500,281
09:33:46.44100,1906.500,4
09:33:46.90600,1906.250,12
09:33:47.09700,1906.500,10
09:33:47.27300,1906.500,4
09:33:47.57000,1906.500,2
09:33:47.85100,1906.250,1
09:33:48.13200,1906.500,1
09:33:48.26500,1906.250,2
09:33:48.85900,1906.500,212
09:33:49.35500,1906.250,25
09:33:50.06200,1906.250,66
09:33:50.14000,1906.250,1
09:33:50.30000,1906.750,20
09:33:50.52300,1906.500,36
09:33:51.35500,1906.500,20
09:33:51.76900,1906.500,2
09:33:52.28500,1906.500,1
09:33:52.63200,1906.250,1
09:33:52.94100,1906.250,5
09:33:53.18700,1906.250,5
09:33:53.26500,1906.500,25
09:33:53.57800,1906.250,2
09:33:54.61700,1906.250,7
09:33:55.03500,1906.250,1
09:33:55.57400,1906.500,3
09:33:55.84300,1906.500,2
09:33:56.30000,1906.500,2
09:33:56.69900,1906.250,31
09:33:56.94500,1906.500,1
09:33:57.43700,1906.250,15
09:33:57.88200,1906.500,2
09:33:58.25300,1906.250,2
09:33:58.49200,1906.250,4
09:33:59.07400,1906.250,5
09:33:59.31200,1906.500,132
09:33:59.71400,1906.500,15
09:34:00.01100,1906.500,91
09:34:00.19900,1906.750,14
09:34:00.39400,1906.750,8
09:34:00.70300,1906.500,6
09:34:01.14400,1906.750,1
09:34:02.14400,1906.750,5
09:34:02.47200,1907.000,174
09:34:02.58500,1907.000,1
09:34:02.87500,1906.750,1
09:34:03.13200,1907.000,2
09:34:03.37800,1907.000,5
09:34:03.78900,1907.000,1
09:34:04.23800,1907.250,318
09:34:04.30400,1907.250,1
09:34:04.52300,1907.250,78
09:34:05.26500,1907.500,93
09:34:05.31600,1907.250,1
09:34:05.56600,1907.500,3
09:34:05.83500,1907.500,2
09:34:06.21400,1907.500,98
09:34:06.28500,1907.500,1
09:34:06.87500,1907.500,2
09:34:07.80400,1907.750,131
09:34:07.83200,1908.000,1
09:34:08.28100,1908.000,36
09:34:08.33500,1908.000,1
09:34:08.39800,1908.000,1
09:34:08.65600,1908.000,2
09:34:08.88200,1908.000,1
09:34:08.91000,1907.750,1
09:34:09.04600,1908.000,1
09:34:09.23400,1908.000,8
09:34:09.36700,1907.750,1
09:34:09.57800,1908.000,24
09:34:09.74200,1908.000,132
09:34:09.86700,1908.000,2
09:34:10.25000,1908.000,2
09:34:10.30800,1908.000,1
09:34:10.50000,1907.750,143
09:34:10.56200,1907.750,1
09:34:11.54600,1907.500,5
09:34:11.93300,1907.250,103
09:34:12.37800,1907.500,5
09:34:12.44900,1907.500,1
09:34:12.59700,1907.500,9
09:34:12.77700,1907.250,1
09:34:13.33200,1907.500,10
09:34:13.37100,1907.250,4
09:34:13.70700,1907.250,1
09:34:13.88200,1907.500,5
09:34:14.32800,1907.250,2
09:34:14.92900,1907.500,2
09:34:15.24600,1907.250,4
09:34:15.50300,1907.500,7
09:34:15.65600,1907.250,10
09:34:15.73000,1907.500,2
09:34:15.91400,1907.500,1
09:34:16.27700,1907.500,2
09:34:16.36300,1907.500,8
09:34:16.45300,1907.500,67
09:34:16.56200,1907.500,1
09:34:17.30400,1907.500,10
09:34:17.37500,1907.750,2
09:34:18.54600,1907.750,156
09:34:18.68300,1907.500,6
09:34:18.82400,1907.500,27
09:34:19.25300,1907.500,1
09:34:19.52700,1907.750,1
09:34:19.94900,1907.500,1
09:34:20.59700,1907.500,1
09:34:21.21400,1907.500,1
09:34:21.51900,1907.500,90
09:34:21.95700,1907.250,349
09:34:22.14000,1907.500,11
09:34:22.37500,1907.500,1
09:34:22.58500,1907.500,7
09:34:22.75000,1907.500,1
09:34:23.17100,1907.500,113
09:34:23.23800,1907.500,2
09:34:23.63200,1907.500,6
09:34:23.93300,1907.500,9
09:34:24.25700,1907.500,2
09:34:24.82800,1907.500,80
09:34:25.32800,1907.500,3
09:34:26.34700,1907.500,9
09:34:26.60100,1907.500,105
09:34:26.72200,1907.500,1
09:34:26.80800,1907.500,2
09:34:26.89400,1907.500,1
09:34:27.07800,1907.250,112
09:34:27.27300,1907.250,2
09:34:27.61300,1907.250,2
09:34:28.12800,1907.250,1
09:34:28.55000,1907.250,57
09:34:28.62500,1907.000,11
09:34:29.08200,1907.000,1
09:34:29.33200,1907.250,47
09:34:29.44100,1907.250,6
09:34:29.44100,1907.250,2
09:34:29.69900,1907.250,25
09:34:29.75700,1907.250,1
09:34:30.02700,1907.250,1
09:34:30.18700,1907.500,37
09:34:30.26500,1907.250,5
09:34:30.44100,1907.500,49
09:34:30.57400,1907.500,6
09:34:31.04600,1907.500,1
09:34:31.82800,1907.500,1
09:34:32.29600,1907.500,1
09:34:32.46800,1907.500,3
09:34:32.88200,1907.500,1
09:34:33.06200,1907.500,1
09:34:33.78500,1907.500,1
09:34:34.13600,1907.500,1
09:34:34.64400,1907.500,1
09:34:35.33900,1907.750,1
09:34:35.66000,1907.750,322
09:34:35.67500,1907.750,1
09:34:35.90200,1907.750,1
09:34:35.94900,1907.750,31
09:34:36.07800,1907.750,6
09:34:36.20300,1908.000,3
09:34:36.37500,1908.000,7
09:34:36.43300,1908.000,2
09:34:36.50300,1907.750,1
09:34:36.89400,1908.000,11
09:34:37.19100,1907.750,4
09:34:37.46800,1908.000,6
09:34:37.55400,1907.750,1
09:34:37.61700,1908.000,10
09:34:38.09300,1908.000,1
09:34:38.25000,1908.000,4
09:34:38.37500,1908.000,4
09:34:38.67500,1907.750,1
09:34:39.34300,1908.000,71
09:34:39.51900,1908.250,4
09:34:39.62500,1908.000,3
09:34:39.90200,1907.750,30
09:34:40.01100,1908.000,5
09:34:40.23800,1907.750,39
09:34:40.34300,1907.750,1
09:34:40.72600,1908.000,1
09:34:40.86700,1908.000,2
09:34:41.49600,1908.000,7
09:34:41.72200,1908.000,1
09:34:42.05400,1908.000,6
09:34:42.25300,1908.000,27
09:34:42.33900,1908.000,17
09:34:42.54600,1908.000,18
09:34:43.03500,1908.000,1
09:34:43.28900,1908.000,66
09:34:43.48800,1908.000,12
09:34:43.95700,1908.000,1
09:34:44.17500,1908.250,6
09:34:44.59300,1908.000,53
09:34:44.70700,1907.750,1
09:34:45.01100,1908.000,4
09:34:45.23000,1908.000,1
09:34:45.48000,1907.750,264
09:34:45.96800,1907.500,6
09:34:46.15200,1907.500,44
09:34:46.46400,1907.250,13
09:34:46.69900,1907.250,1
09:34:46.80800,1907.250,1
09:34:47.01100,1907.500,4
09:34:47.91000,1907.500,1
09:34:48.39400,1907.500,5
09:34:48.70700,1907.250,17
09:34:48.73400,1907.500,2
09:34:48.85100,1907.500,1
09:34:49.01100,1907.500,7
09:34:49.16400,1907.500,3
09:34:49.47600,1907.250,2
09:34:50.02700,1907.500,3
09:34:50.43700,1907.250,4
09:34:50.61300,1907.250,4
09:34:51.01100,1907.500,6
09:34:51.29600,1907.250,1
09:34:52.19500,1907.500,1
09:34:52.41400,1907.500,2
09:34:52.83900,1907.250,4
09:34:53.01100,1907.500,5
09:34:53.14400,1907.500,6
09:34:53.32000,1907.250,11
09:34:53.38600,1907.250,46
09:34:53.62500,1907.250,3
09:34:53.84300,1907.250,1
09:34:54.17900,1907.250,9
09:34:54.55000,1907.250,2
09:34:54.71400,1907.000,107
09:34:55.13600,1907.250,27
09:34:55.30800,1907.250,1
09:34:55.47200,1907.000,1
09:34:55.89800,1907.250,97
09:34:56.25700,1907.250,8
09:34:56.51500,1907.250,19
09:34:56.57800,1907.500,4
09:34:57.01100,1907.500,7
09:34:57.35500,1907.500,181
09:34:57.60500,1907.750,119
09:34:57.62100,1907.750,4
09:34:57.64800,1907.750,1
09:34:58.08500,1907.750,2
09:34:59.01500,1907.500,78
09:34:59.07000,1907.750,9
09:34:59.33200,1907.500,1
09:34:59.53500,1907.750,1
09:34:59.88600,1907.750,4
09:35:00.23800,1907.500,3
09:35:00.40200,1907.750,5
09:35:00.57000,1907.750,4
09:35:00.60900,1907.500,1
09:35:00.70300,1907.500,1
09:35:00.95300,1907.500,1
09:35:02.17500,1907.750,1
09:35:03.35500,1907.500,5
09:35:03.57800,1907.500,111
09:35:04.07400,1907.500,7
09:35:04.53100,1907.500,27
09:35:05.48400,1907.250,3
09:35:06.15200,1907.500,5
09:35:06.31200,1907.250,1
09:35:06.71000,1907.500,21
09:35:06.92100,1907.250,1
09:35:07.05400,1907.250,98
09:35:07.14800,1907.250,56
09:35:07.21800,1907.250,3
09:35:07.41400,1907.250,1
09:35:07.48400,1907.250,1
09:35:07.66700,1907.250,2
09:35:07.70700,1907.250,1
09:35:07.92100,1907.250,23
09:35:08.22600,1907.250,5
09:35:08.61300,1907.000,1
09:35:08.80400,1907.250,36
09:35:09.32400,1907.000,4
09:35:09.53500,1907.250,3
09:35:09.66400,1907.250,1
09:35:09.82400,1907.000,6
09:35:10.36700,1907.250,38
09:35:10.62800,1907.000,6
09:35:10.75000,1907.000,77
09:35:11.00300,1907.000,3
09:35:11.03500,1906.750,16
09:35:11.16400,1906.750,1
09:35:11.46400,1907.000,10
09:35:11.76100,1907.000,1
09:35:12.09300,1907.000,4
09:35:12.19900,1907.000,1
09:35:12.23000,1906.750,1
09:35:12.68300,1906.750,3
09:35:12.89000,1906.750,96
09:35:12.89800,1906.750,10
09:35:13.19100,1906.750,4
09:35:13.27300,1906.750,6
09:35:13.71400,1906.250,283
09:35:13.92500,1906.250,2
09:35:14.11700,1906.500,1
09:35:14.48000,1906.250,2
09:35:14.58500,1906.500,5
09:35:14.85100,1906.250,4
09:35:15.01100,1906.500,26
09:35:15.17100,1906.250,29
09:35:15.43300,1906.500,11
09:35:15.54600,1906.500,3
09:35:15.65200,1906.500,16
09:35:15.83200,1906.500,3
09:35:16.04200,1906.250,10
09:35:16.22200,1906.250,1
09:35:16.45300,1906.250,5
09:35:16.48000,1906.250,4
09:35:16.61300,1906.000,254
09:35:16.66000,1906.250,77
09:35:16.86300,1906.000,31
09:35:17.25300,1906.250,3
09:35:17.35100,1906.000,2
09:35:17.46400,1906.000,6
09:35:17.86700,1906.250,66
09:35:18.08900,1906.000,4
09:35:18.18700,1906.000,3
09:35:18.44100,1906.000,14
09:35:18.60500,1906.000,1
09:35:19.10100,1906.000,32
09:35:19.38600,1906.250,205
09:35:20.00000,1906.500,492
09:35:20.19100,1906.500,45
09:35:20.26100,1906.500,6
09:35:20.36700,1906.500,27
09:35:20.47600,1906.500,10
09:35:20.64800,1906.500,65
09:35:20.83900,1906.500,1
09:35:21.07800,1906.250,10
09:35:21.10100,1906.500,9
09:35:21.57800,1906.500,2
09:35:22.09700,1906.500,1
09:35:22.22600,1906.500,1
09:35:22.46000,1906.500,13
09:35:22.57000,1906.500,3
09:35:22.85100,1906.250,256
09:35:23.43700,1906.000,1
09:35:24.36700,1905.750,384
09:35:24.87500,1905.500,81
09:35:25.28500,1905.500,4
09:35:25.64000,1905.500,7
09:35:25.77700,1905.500,26
09:35:25.94500,1905.750,225
09:35:26.09300,1905.750,5
09:35:26.19100,1905.750,64
09:35:26.27300,1905.750,24
09:35:26.42500,1905.750,3
09:35:26.49600,1905.750,6
09:35:26.78900,1905.750,48
09:35:26.81600,1905.750,1
09:35:27.17100,1906.000,4
09:35:27.52300,1905.750,5
09:35:27.77700,1906.000,1
09:35:28.23800,1906.000,2
09:35:28.43700,1905.750,1
09:35:29.01500,1905.750,10
09:35:29.25000,1905.750,13
09:35:29.38600,1906.000,6
09:35:29.91700,1905.750,79
09:35:30.16400,1905.500,4
09:35:30.37100,1905.500,383
09:35:30.58900,1905.250,221
09:35:30.66700,1905.250,14
09:35:30.78500,1905.250,2
09:35:30.86300,1905.250,4
09:35:30.91400,1905.500,143
09:35:31.30000,1905.500,11
09:35:31.51900,1905.500,6
09:35:31.85500,1905.500,3
09:35:32.00300,1905.500,2
09:35:32.16000,1905.500,21
09:35:32.32400,1905.500,1
09:35:32.41000,1905.500,5
09:35:32.57000,1905.500,2
09:35:32.59700,1905.750,1
09:35:32.91700,1905.750,5
09:35:32.92500,1905.500,5
09:35:33.23800,1905.750,258
09:35:33.56600,1905.750,120
09:35:33.77700,1906.000,63
09:35:33.82400,1906.000,15
09:35:34.00700,1905.750,209
09:35:34.05000,1905.750,1
09:35:34.21000,1905.750,1
09:35:34.31600,1905.750,7
09:35:34.45700,1905.750,18
09:35:34.50300,1905.750,33
09:35:35.04600,1905.750,80
09:35:35.23000,1905.750,5
