21:00:00.64000,1915.250,0
21:00:01.07400,1915.250,1
21:00:02.22600,1915.000,1
21:00:06.02300,1915.250,2
21:00:12.03900,1915.250,1
21:00:15.91400,1915.000,1
21:00:20.35900,1915.000,3
21:00:26.95300,1915.000,2
21:00:29.07400,1914.750,121
21:00:29.13200,1915.000,2
21:00:30.25000,1915.000,1
21:00:30.46800,1914.750,3
21:00:32.26100,1915.000,1
21:00:33.93300,1914.750,2
21:00:35.66700,1914.750,1
21:00:37.10500,1914.750,1
21:00:37.63200,1914.750,57
21:00:38.90200,1914.750,3
21:00:39.12100,1914.750,4
21:00:41.32400,1914.750,9
21:00:42.66700,1915.000,1
21:00:43.47600,1915.000,1
21:00:50.42900,1915.000,17
21:00:51.51500,1915.000,2
21:00:54.96800,1914.750,4
21:01:00.64800,1914.750,7
21:01:01.91000,1914.750,2
21:01:02.08900,1914.750,5
21:01:02.19900,1914.750,1
21:01:02.47200,1914.750,3
21:01:02.64000,1914.500,6
21:01:04.45700,1914.750,2
21:01:07.64000,1914.750,1
21:01:09.85500,1914.750,3
21:01:10.69100,1914.750,1
21:01:11.20700,1914.750,3
21:01:15.21800,1914.750,5
21:01:16.42900,1914.750,2
21:01:17.23400,1914.500,4
21:01:21.19100,1915.000,3
21:01:23.59700,1914.750,1
21:01:31.20700,1915.000,15
21:01:31.71400,1915.000,2
21:01:31.95700,1914.750,1
21:01:35.33500,1915.000,1
21:01:37.21800,1914.750,1
21:01:38.40600,1914.750,1
21:01:39.48400,1914.750,1
21:01:47.53500,1914.750,1
21:01:49.62800,1914.500,43
21:01:51.38600,1915.000,1
21:01:52.83200,1914.750,1
21:01:54.47200,1914.750,1
21:01:57.51100,1914.750,5
21:02:00.52300,1914.750,6
21:02:01.25700,1914.750,2
21:02:03.07000,1914.750,1
21:02:07.46400,1914.500,1
21:02:14.78900,1914.750,9
21:02:19.68700,1914.500,2
21:02:20.64400,1914.750,7
21:02:22.14800,1914.750,2
21:02:27.62800,1914.500,1
21:02:28.53500,1914.500,35
21:02:36.28100,1914.500,1
21:02:38.12500,1914.500,35
21:02:38.22600,1914.250,1
21:02:39.01100,1914.250,2
21:02:43.89400,1914.500,1
21:02:45.66400,1914.500,2
21:02:45.82800,1914.500,2
21:02:46.00300,1914.500,1
21:02:47.12100,1914.500,1
21:02:47.55800,1914.250,50
21:02:47.82800,1914.250,1
21:02:48.12100,1914.500,1
21:02:48.92900,1914.500,1
21:02:50.91700,1914.250,1
21:02:53.85500,1914.250,2
21:02:56.05800,1914.250,1
21:02:59.42100,1914.500,18
21:02:59.89800,1914.500,1
21:03:01.94100,1914.500,10
21:03:05.64800,1914.750,1
21:03:07.10100,1914.500,1
21:03:26.96400,1914.500,1
21:03:27.96000,1914.500,1
21:03:28.19500,1914.500,1
21:03:32.49600,1914.750,16
21:03:33.74600,1914.750,1
21:03:34.07800,1914.750,1
21:03:35.82000,1915.000,1
21:03:36.00700,1914.750,1
21:03:40.71800,1914.750,5
21:03:43.75000,1914.750,2
21:03:51.07800,1914.750,1
21:03:54.49600,1914.750,22
21:04:00.84700,1914.750,6
21:04:13.47200,1914.750,1
21:04:26.27300,1914.750,1
21:04:32.16000,1914.750,1
21:04:34.78500,1914.500,16
21:04:38.51100,1914.750,1
21:04:42.02700,1914.500,1
21:04:44.76500,1914.750,1
21:04:45.63200,1914.750,5
21:04:47.79600,1914.500,1
21:04:50.75300,1914.500,2
21:04:55.73400,1914.500,1
21:04:56.25000,1914.500,1
21:05:00.87100,1914.500,17
21:05:02.42500,1914.250,1
21:05:05.10100,1914.250,2
21:05:13.65200,1914.250,1
21:05:14.76900,1914.500,10
21:05:20.88200,1914.250,4
21:05:22.67900,1914.250,27
21:05:22.83500,1914.250,1
21:05:24.11300,1913.750,76
21:05:31.62100,1913.750,1
21:05:32.48400,1914.000,1
21:05:35.09300,1914.000,1
21:05:35.37100,1914.000,1
21:05:38.35900,1914.000,1
21:05:38.68300,1913.750,1
21:05:44.04200,1913.750,1
21:05:44.88200,1914.000,1
21:05:47.19100,1913.750,2
21:05:51.22600,1913.750,1
21:05:56.41400,1914.000,2
21:06:01.35100,1913.750,20
21:06:04.07000,1914.000,69
21:06:06.48000,1914.250,5
21:06:11.03500,1914.000,1
21:06:12.13200,1914.250,1
21:06:14.13200,1914.000,1
21:06:14.42500,1914.250,1
21:06:14.66400,1914.250,1
21:06:15.64000,1914.000,1
21:06:20.05400,1914.000,2
21:06:22.24600,1914.250,7
21:06:22.76500,1914.250,14
21:06:24.44900,1914.250,11
21:06:26.55400,1914.000,1
21:06:27.82800,1914.000,1
21:06:34.23000,1914.000,1
21:06:38.53900,1914.000,1
21:06:40.35500,1914.000,46
21:06:41.19500,1914.000,4
21:06:44.19900,1914.000,6
21:06:51.36300,1913.750,1
21:06:54.58200,1913.750,1
21:06:56.56600,1914.000,19
21:06:56.59700,1914.000,1
21:06:56.95700,1913.750,10
21:06:58.62800,1914.000,1
21:07:03.64000,1914.000,5
21:07:06.69500,1914.000,2
21:07:08.57000,1914.000,5
21:07:11.43300,1914.000,3
21:07:12.10900,1913.750,20
21:07:17.20700,1913.750,4
21:07:18.36300,1913.750,1
21:07:27.37800,1913.750,10
21:07:30.44100,1914.000,20
21:07:31.33200,1913.750,1
21:07:32.31600,1914.000,1
21:07:33.93300,1914.000,1
21:07:35.20300,1914.000,1
21:07:35.67100,1914.250,1
21:07:36.82000,1914.250,2
21:07:39.56600,1914.000,2
21:07:44.16000,1914.000,5
21:07:47.78900,1914.000,2
21:07:59.22200,1914.000,1
21:07:59.78900,1914.000,22
21:08:02.69100,1914.000,7
21:08:06.25300,1914.000,1
21:08:07.57800,1913.750,1
21:08:09.94900,1914.000,49
21:08:10.10500,1914.000,10
21:08:21.80400,1914.250,8
21:08:23.96400,1914.000,1
21:08:25.50300,1914.000,1
21:08:28.91400,1914.250,1
21:08:30.70700,1914.250,4
21:08:31.51500,1914.500,4
21:08:33.76900,1914.250,1
21:08:34.09300,1914.500,1
21:08:37.08900,1914.500,2
21:08:41.26100,1914.250,3
21:08:42.75300,1914.250,18
21:08:43.73800,1914.250,1
21:08:47.83500,1914.250,1
21:08:48.28900,1914.250,1
21:08:48.67900,1914.250,2
21:08:58.41700,1914.250,5
21:09:07.20700,1914.250,2
21:09:14.28100,1914.250,6
21:09:16.09700,1914.250,3
21:09:16.56600,1914.250,5
21:09:17.20700,1914.250,21
21:09:18.00300,1914.500,5
21:09:18.16700,1914.250,6
21:09:20.89000,1914.250,5
21:09:29.80800,1914.500,1
21:09:37.33500,1914.500,2
21:09:48.60100,1914.250,1
21:09:50.32000,1914.250,1
21:09:53.53500,1914.500,1
21:10:04.78500,1914.500,2
21:10:07.45700,1914.500,1
21:10:11.71800,1914.500,1
21:10:13.58200,1914.500,1
21:10:15.73000,1914.500,1
21:10:20.77700,1914.500,19
21:10:21.44100,1914.500,17
21:10:24.83500,1914.500,1
21:10:26.10500,1914.750,1
21:10:31.88600,1914.750,1
21:10:32.37500,1914.750,2
21:10:37.59300,1914.750,45
21:10:40.39400,1914.750,1
21:10:41.37100,1914.750,1
21:10:47.26100,1915.000,5
21:10:51.26900,1915.000,1
21:10:52.44900,1914.750,1
21:10:55.33200,1915.000,1
21:10:59.19100,1914.750,1
21:11:02.22200,1914.750,3
21:11:05.11700,1915.000,20
21:11:07.22600,1914.750,2
21:11:07.69500,1915.000,1
21:11:08.13200,1914.750,2
21:11:09.09300,1914.750,1
21:11:12.35100,1914.750,19
21:11:15.39000,1914.750,1
21:11:15.46800,1914.750,1
21:11:15.71000,1914.750,1
21:11:21.51500,1914.750,1
21:11:23.82000,1914.750,2
21:11:26.61300,1915.000,1
21:11:33.47600,1914.750,1
21:11:33.91700,1914.750,1
21:11:36.80000,1914.750,1
21:11:37.82400,1915.000,2
21:11:38.06200,1914.750,1
21:11:38.76900,1914.750,1
21:11:39.76900,1914.750,1
21:11:41.90600,1914.750,5
21:11:44.14000,1914.750,1
21:11:46.02300,1914.750,10
21:11:52.57800,1914.750,2
21:11:52.87100,1914.750,2
21:11:57.94900,1914.750,2
21:12:01.61700,1914.500,6
21:12:08.52700,1914.500,49
21:12:08.75300,1914.500,1
21:12:08.90600,1914.500,1
21:12:12.72200,1914.500,1
21:12:13.89000,1914.750,31
21:12:28.24600,1915.000,1
21:12:31.62800,1915.000,60
21:12:34.10100,1915.000,2
21:12:35.64800,1915.000,1
21:12:38.09700,1915.250,3
21:12:44.02700,1915.250,1
21:12:47.96800,1915.250,1
21:12:52.67100,1915.000,1
21:13:06.41400,1915.000,41
21:13:06.58900,1915.000,1
21:13:09.80400,1915.000,1
21:13:21.78500,1915.250,5
21:13:26.76100,1915.250,1
21:13:30.14400,1915.250,1
21:13:31.87500,1915.250,1
21:13:32.29200,1915.000,11
21:13:38.33200,1915.250,1
21:13:41.79600,1915.000,3
21:13:50.86300,1915.000,1
21:14:03.49200,1914.750,20
21:14:14.89000,1914.750,1
21:14:16.79600,1914.750,1
21:14:22.43700,1915.000,10
21:14:38.57400,1915.250,1
21:14:40.05400,1915.250,1
21:14:42.47200,1915.250,43
21:14:42.92100,1915.500,3
21:14:54.89000,1915.500,12
21:14:57.51900,1915.500,9
21:15:01.45700,1915.750,4
21:15:01.60500,1915.750,1
21:15:04.56600,1915.500,1
21:15:08.70300,1915.750,6
21:15:14.96800,1915.750,3
21:15:16.24600,1915.750,1
21:15:20.35500,1915.500,3
21:15:20.69100,1915.750,4
21:15:21.41400,1915.750,9
21:15:21.70700,1915.750,1
21:15:22.00000,1915.500,4
21:15:25.64800,1915.500,2
21:15:29.75000,1915.500,1
21:15:32.72600,1915.750,6
21:15:38.82400,1915.750,1
21:15:39.86300,1915.750,8
21:15:44.53500,1915.750,3
21:15:54.10900,1915.750,34
21:15:55.90600,1915.500,3
21:16:07.23000,1915.500,6
21:16:08.41700,1915.500,1
21:16:17.43700,1915.500,10
21:16:27.52700,1915.500,10
21:16:27.63600,1915.250,1
21:16:28.33200,1915.500,7
21:16:31.44900,1915.500,1
21:16:37.47200,1915.500,2
21:16:39.08900,1915.500,1
21:16:40.46800,1915.500,8
21:16:55.44100,1915.500,7
21:17:01.25700,1915.750,1
21:17:02.17900,1915.500,4
21:17:05.65200,1915.500,2
21:17:06.56200,1915.500,3
21:17:08.89000,1915.500,3
21:17:11.09700,1915.250,4
21:17:13.63600,1915.500,3
21:17:16.39400,1915.500,6
21:17:20.33900,1915.500,1
21:17:22.64800,1915.250,2
21:17:39.33200,1915.750,1
21:17:46.64400,1915.500,1
21:17:58.53100,1915.500,15
21:18:16.19100,1915.250,4
21:18:23.08900,1915.250,29
21:18:28.54200,1915.250,1
21:18:30.29600,1915.250,5
21:18:36.34700,1915.000,1
21:18:39.56200,1915.250,2
21:18:41.08200,1915.250,3
21:18:42.11300,1915.250,1
21:18:42.35500,1915.000,3
21:18:42.35500,1915.000,1
21:18:43.45700,1915.250,1
21:18:49.57800,1915.250,1
21:18:50.23400,1915.000,1
21:18:56.11700,1915.000,5
21:19:00.28500,1915.000,1
21:19:03.00300,1915.250,47
21:19:09.70300,1915.500,2
21:19:10.73400,1915.250,1
21:19:14.44900,1915.250,1
21:19:17.84300,1915.250,1
21:19:18.08500,1915.250,1
21:19:18.30400,1915.250,1
21:19:33.09300,1915.500,11
21:19:33.87100,1915.500,2
21:19:37.46000,1915.500,5
21:19:51.09300,1915.250,25
21:19:55.61700,1915.500,1
21:19:57.77300,1915.250,23
21:19:58.78100,1915.250,6
21:20:18.75300,1915.500,2
21:20:22.53500,1915.250,4
21:20:30.07000,1915.250,14
21:20:46.25700,1915.250,1
21:20:51.44900,1915.250,22
21:20:51.87500,1915.500,1
21:20:56.45700,1915.500,10
21:21:07.17500,1915.250,3
21:21:07.70700,1915.250,8
21:21:18.50700,1915.000,1
21:21:29.53100,1915.250,3
21:21:35.62500,1915.250,3
21:21:38.29200,1915.250,6
21:22:00.48800,1915.250,1
21:22:02.51900,1915.250,3
21:22:02.71400,1915.000,2
21:22:08.62500,1915.000,1
21:22:11.94900,1915.250,4
21:22:14.24200,1915.250,5
21:22:16.03500,1915.250,2
21:22:19.03100,1915.500,8
21:22:19.76100,1915.500,3
21:22:25.43300,1915.500,1
21:22:29.40200,1915.500,6
21:22:33.96400,1915.500,6
21:22:35.67100,1915.750,5
21:22:39.11700,1915.500,1
21:22:40.24600,1915.500,1
21:22:56.60100,1915.500,4
21:23:11.42500,1915.500,3
21:23:23.33900,1915.500,1
21:23:30.73000,1915.250,2
21:23:40.81200,1915.500,2
21:23:42.89400,1915.250,2
21:23:55.90200,1915.500,3
21:23:59.16400,1915.500,2
21:24:03.45700,1915.750,7
21:24:20.31200,1915.750,1
21:24:24.15600,1915.500,8
21:24:24.35100,1915.750,1
21:24:41.09700,1915.750,2
21:24:42.57800,1915.750,57
21:25:11.21400,1916.000,7
21:25:17.04200,1915.500,8
21:25:17.78100,1915.500,5
21:25:23.09700,1915.500,4
21:25:40.32400,1915.750,28
21:25:41.33200,1916.000,2
21:25:42.83200,1915.500,1
21:25:49.85900,1916.000,1
21:26:07.33900,1915.750,4
21:26:12.06600,1915.750,3
21:26:35.17900,1916.000,25
21:26:41.58200,1916.000,1
21:27:03.27700,1915.750,52
21:27:11.71000,1916.000,3
21:27:20.51100,1915.750,1
21:27:20.78100,1916.000,1
21:27:29.69900,1916.000,1
21:27:32.11300,1915.750,28
21:27:35.10100,1915.500,19
21:27:35.41400,1915.500,6
21:27:36.35500,1915.500,4
21:27:43.95700,1915.500,1
21:27:55.42500,1915.250,14
21:28:02.39000,1915.250,4
21:28:04.76900,1915.000,1
21:28:06.87500,1915.250,3
21:28:09.30400,1915.250,5
21:28:15.21000,1915.250,1
21:28:28.51900,1915.000,1
21:28:42.08500,1915.250,1
21:28:43.45700,1915.000,4
21:29:02.14800,1915.000,33
21:29:02.40200,1915.000,2
21:29:05.45700,1914.750,3
21:29:06.45700,1914.750,12
21:29:09.37100,1914.750,12
21:29:09.58500,1914.750,8
21:29:14.01100,1914.750,6
21:29:14.92900,1914.750,3
21:29:15.38600,1914.750,1
21:29:26.00300,1915.000,1
21:29:28.57400,1915.000,5
21:29:28.91000,1915.000,2
21:29:32.77700,1915.000,2
21:29:41.47200,1914.750,10
21:29:41.68300,1914.750,3
21:29:43.59300,1914.750,1
21:29:48.85100,1914.750,8
21:29:54.66700,1914.750,1
21:29:59.25300,1914.750,1
21:30:00.31200,1915.000,25
21:30:00.51100,1915.000,2
21:30:02.93700,1915.000,7
21:30:04.30800,1915.000,1
21:30:09.54600,1914.750,1
21:30:12.46800,1915.000,2
21:30:12.61300,1915.000,1
21:30:14.97200,1915.000,1
21:30:16.56600,1915.000,1
21:30:20.39400,1915.000,1
21:30:22.28100,1914.750,5
21:30:22.42100,1915.000,1
21:30:23.63600,1914.750,2
21:30:41.72200,1915.000,14
21:30:42.57800,1915.250,1
21:30:48.81600,1915.000,4
21:30:49.02300,1915.000,1
21:30:50.48000,1915.000,5
21:30:50.76900,1915.000,1
21:30:51.67500,1915.000,1
21:30:54.42100,1915.250,66
21:30:54.69100,1915.250,1
21:30:55.09700,1915.250,1
21:31:09.57400,1915.000,6
21:31:10.44100,1915.000,6
21:31:10.92500,1915.000,1
21:31:22.64400,1915.000,10
21:31:22.74200,1915.000,2
21:31:35.93700,1914.750,1
21:31:42.82000,1915.000,1
21:31:47.21000,1914.750,1
21:31:53.51100,1914.750,9
21:32:02.54200,1914.750,2
21:32:03.81600,1914.500,2
21:32:08.69900,1914.500,1
21:32:09.56200,1914.500,1
21:32:11.41000,1914.500,10
21:32:24.00300,1914.500,1
21:32:27.85100,1914.500,1
21:32:34.16000,1914.500,30
21:32:36.22600,1914.500,4
21:32:39.63200,1914.500,1
21:32:43.33200,1914.500,7
21:32:46.10500,1914.500,1
21:32:48.17500,1914.500,2
21:33:13.20700,1914.750,2
21:33:28.62800,1914.750,3
21:33:43.33500,1914.750,2
21:33:44.01500,1914.500,3
21:33:52.55800,1914.500,1
21:33:54.51500,1914.500,1
21:33:59.83900,1914.500,5
21:34:06.08200,1914.750,15
21:34:13.46000,1915.000,1
21:34:43.05400,1915.000,1
21:34:43.58200,1915.000,2
21:34:59.25700,1914.750,9
21:35:13.87100,1914.750,2
21:35:14.52300,1915.000,1
21:35:24.19500,1914.750,4
21:35:29.83900,1914.750,1
21:35:43.82400,1915.000,2
21:35:48.60500,1914.750,8
21:35:49.13200,1915.000,1
21:36:13.94900,1915.000,2
21:36:20.51100,1914.750,4
21:36:44.08900,1915.000,2
21:37:13.54600,1915.000,40
21:37:14.22200,1915.250,1
21:37:15.54600,1915.250,1
21:37:24.31600,1915.000,1
21:37:26.57000,1915.250,31
21:37:39.35500,1915.000,8
21:37:39.68300,1915.250,1
21:37:44.33500,1915.250,2
21:37:55.18700,1915.000,1
21:38:02.78900,1915.250,5
21:38:05.15600,1915.250,8
21:38:06.26100,1915.250,1
21:38:17.35900,1915.250,3
21:38:20.91700,1915.500,10
21:38:22.87800,1915.500,1
21:38:33.46800,1915.500,5
21:38:35.24600,1915.250,3
21:38:36.96800,1915.500,6
21:38:40.55000,1915.750,1
21:38:44.40200,1915.750,1
21:38:44.55400,1915.500,4
21:38:45.20700,1915.750,4
21:38:45.28500,1915.500,2
21:38:55.72200,1915.500,2
21:39:04.64000,1915.750,27
21:39:08.19100,1915.750,1
21:39:12.31200,1915.750,3
21:39:19.83900,1915.750,3
21:39:39.25300,1916.000,4
21:39:42.51100,1915.750,10
21:39:43.79600,1915.750,1
21:39:54.71000,1915.750,1
21:39:55.73800,1915.750,3
21:40:00.12800,1915.750,1
21:40:00.51100,1916.000,1
21:40:03.82000,1915.750,1
21:40:05.13600,1915.750,1
21:40:10.92100,1915.750,1
21:40:11.36300,1915.750,4
21:40:20.37800,1915.500,1
21:40:23.42100,1915.500,1
21:40:23.60900,1915.500,1
21:40:24.73400,1915.500,2
21:40:45.09700,1915.750,1
21:40:46.79200,1915.750,2
21:40:51.66400,1915.500,45
21:41:06.77300,1915.500,7
21:41:08.74600,1915.500,5
21:41:09.67900,1915.500,1
21:41:25.78500,1915.250,12
21:41:26.42900,1915.250,8
21:41:30.26100,1915.250,1
21:41:45.34300,1915.500,1
21:41:47.92900,1915.500,3
21:41:51.76100,1915.500,6
21:41:53.49600,1915.500,1
21:42:05.05800,1915.500,20
21:42:08.95700,1915.500,9
21:42:11.89000,1915.500,2
21:42:13.14800,1915.500,3
21:42:45.59300,1915.500,1
21:43:08.48800,1915.250,2
21:43:11.80000,1915.250,6
21:43:15.92500,1915.250,1
21:43:17.46800,1915.250,4
21:43:19.60900,1915.250,1
21:43:19.85500,1915.000,1
21:43:35.81600,1915.000,9
21:43:45.11300,1915.000,4
21:43:45.83500,1915.250,1
21:43:53.49200,1915.000,1
21:43:57.12100,1915.250,1
21:43:57.39000,1915.250,3
21:44:02.18300,1915.250,1
21:44:02.65600,1915.250,10
21:44:03.42500,1915.250,1
21:44:09.36300,1915.250,1
21:44:22.27700,1915.250,3
21:44:32.83900,1915.250,1
21:44:34.21400,1915.250,2
21:44:37.83200,1915.250,1
21:44:40.60500,1915.250,4
21:44:41.02300,1915.250,5
21:45:11.96000,1915.500,2
21:45:14.64800,1915.500,25
21:45:16.22600,1915.500,1
21:45:18.42100,1915.500,1
21:45:21.29600,1915.500,2
21:45:25.29600,1915.500,2
21:45:26.75700,1915.500,3
21:45:46.34300,1915.750,3
21:46:21.33200,1915.750,2
21:46:25.73800,1915.500,6
21:46:26.21400,1915.500,3
21:46:40.13600,1915.500,12
21:46:46.59300,1915.750,2
21:46:48.80800,1915.500,10
21:46:53.96000,1915.500,2
21:47:13.14400,1915.500,5
21:47:21.30000,1915.500,1
21:47:44.32400,1915.750,35
21:47:44.44900,1915.750,3
21:47:45.58200,1915.500,1
21:47:46.91700,1916.000,4
21:47:52.71000,1915.750,1
21:47:58.92100,1915.750,3
21:47:59.41000,1915.750,1
21:48:11.83900,1916.000,9
21:48:16.96000,1915.750,1
21:48:33.25300,1915.500,8
21:48:33.46800,1915.500,16
21:48:36.11700,1915.500,1
21:48:39.65200,1915.500,32
21:48:42.78900,1915.500,2
21:48:45.65200,1915.250,4
21:48:48.40200,1915.500,2
21:48:56.81200,1915.500,2
21:49:19.38600,1915.250,91
21:49:20.47600,1915.250,2
21:49:30.12500,1915.500,29
21:49:40.17500,1915.500,10
21:49:47.34300,1915.750,2
21:49:49.69500,1915.750,12
21:49:55.66000,1916.000,1
21:50:10.35500,1916.000,3
21:50:17.47200,1916.000,1
21:50:20.42100,1915.750,9
21:50:20.80400,1915.750,2
21:50:21.77300,1915.750,1
21:50:25.83200,1915.500,2
21:50:26.19100,1915.500,23
21:50:27.67500,1915.500,16
21:50:28.58900,1915.500,12
21:50:32.41700,1915.500,19
21:50:34.76100,1915.500,25
21:50:39.16700,1915.500,1
21:50:45.64400,1915.750,5
21:50:46.55400,1915.750,6
21:50:50.23000,1915.750,4
21:51:01.91000,1915.750,21
21:51:17.71000,1916.000,2
21:51:32.63600,1916.000,1
21:51:35.17100,1916.000,1
21:51:42.07800,1916.000,17
21:51:47.83200,1916.000,1
21:51:48.60100,1915.750,1
21:51:55.57000,1915.750,1
21:51:56.78100,1916.000,25
21:52:01.13600,1916.000,11
21:52:03.04600,1916.000,4
21:52:06.04200,1916.000,11
21:52:22.37500,1915.750,2
21:52:45.10500,1916.000,13
21:52:47.17900,1916.000,4
21:52:47.29200,1916.000,1
21:52:53.44900,1916.000,1
21:53:15.80800,1915.750,18
21:53:24.86700,1915.750,1
21:53:40.54200,1915.750,1
21:53:46.21400,1915.750,2
21:53:47.64400,1915.750,2
21:54:15.80000,1915.750,9
21:54:17.91400,1915.500,50
21:54:20.20300,1915.500,68
21:54:20.28900,1915.500,3
21:54:23.15600,1915.250,9
21:54:23.30800,1915.250,11
21:54:23.50000,1915.250,2
21:54:23.73400,1915.500,1
21:54:28.00000,1915.250,69
21:54:30.78500,1915.000,2
21:54:30.94900,1915.000,2
21:54:41.77300,1915.250,7
21:54:45.14000,1915.250,4
21:54:48.59700,1915.500,1
21:54:51.66700,1915.250,5
21:54:54.47200,1915.250,1
21:54:54.66400,1915.250,1
21:55:18.71000,1915.500,3
21:55:26.39000,1915.250,8
21:55:26.90200,1915.250,4
21:55:28.90200,1915.000,1
21:55:33.79200,1915.000,1
21:55:34.54600,1915.000,1
21:55:35.30000,1915.000,1
21:55:36.07400,1915.000,5
21:55:37.53900,1915.000,11
21:55:48.48000,1915.000,9
21:55:50.73800,1914.750,6
21:55:59.96000,1914.750,1
21:56:13.49600,1914.750,2
21:56:14.33200,1914.750,1
21:56:18.95700,1915.000,32
21:56:24.33500,1915.250,1
21:56:25.51100,1915.000,1
21:56:28.75700,1915.250,16
21:56:49.10900,1915.250,1
21:57:07.73000,1915.250,4
21:57:14.01900,1915.250,1
21:57:19.23000,1915.250,2
21:57:35.97200,1915.000,1
21:57:49.35100,1915.250,2
21:57:53.72600,1915.250,3
21:57:56.00700,1915.250,4
21:57:56.28500,1915.250,2
21:58:08.89800,1915.250,6
21:58:19.48000,1915.500,1
21:58:21.54200,1915.500,9
21:58:24.63600,1915.250,1
21:58:24.80400,1915.250,1
21:58:41.52300,1915.500,1
21:58:46.75300,1915.250,11
21:58:47.25000,1915.250,2
21:58:59.78100,1915.250,5
21:59:00.74600,1915.250,5
21:59:19.71400,1915.250,1
21:59:19.79600,1915.000,1
21:59:20.00300,1915.000,1
21:59:44.71800,1915.250,1
21:59:48.53500,1915.250,5
21:59:48.62500,1915.250,1
21:59:49.41400,1915.250,3
21:59:58.46800,1915.250,12
22:00:03.67900,1915.250,0
22:00:18.85900,1915.250,1
22:00:19.96400,1915.500,1
22:00:20.67500,1915.250,5
22:00:21.36300,1915.250,2
22:00:26.45700,1915.250,1
22:00:26.92900,1915.250,3
22:00:40.69900,1915.250,1
22:00:43.20300,1915.250,1
22:00:50.11300,1915.500,16
22:00:50.17100,1915.500,5
22:00:54.07000,1915.500,2
22:00:54.41400,1915.750,2
22:01:09.60500,1915.750,28
22:01:12.95700,1915.750,1
22:01:13.85900,1915.500,3
22:01:17.69900,1915.750,2
22:01:20.41700,1915.750,2
22:01:22.07000,1915.750,6
22:01:26.27700,1915.750,22
22:01:32.14800,1915.750,1
22:01:33.30000,1915.500,10
22:01:37.79200,1915.250,1
22:01:39.10500,1915.250,2
22:01:39.31200,1915.500,1
22:01:45.25700,1915.500,1
22:01:46.77300,1915.500,1
22:01:50.36700,1915.500,2
22:01:51.00700,1915.500,5
22:01:54.83500,1915.500,1
22:02:10.80000,1915.500,17
22:02:15.28900,1915.500,2
22:02:18.57800,1915.500,1
22:02:19.07400,1915.500,1
22:02:22.77300,1915.500,1
22:02:26.41000,1915.500,3
22:02:29.03100,1915.250,1
22:02:29.88600,1915.500,1
22:02:41.02300,1915.500,11
22:02:44.09300,1915.250,1
22:02:51.02700,1915.250,3
22:02:51.35900,1915.250,1
22:02:54.14400,1915.500,1
22:03:16.45300,1915.500,2
22:03:20.70300,1915.500,2
22:03:30.11700,1915.500,35
22:03:31.39800,1915.500,8
22:03:41.00300,1915.500,20
22:03:41.07800,1915.500,6
22:03:47.31200,1915.500,4
22:03:50.82800,1915.750,1
22:04:13.48800,1915.500,48
22:04:15.07400,1915.250,3
22:04:22.77300,1915.500,1
22:04:37.57400,1915.250,14
22:04:39.81200,1915.250,16
22:04:53.76100,1915.250,1
22:04:59.00300,1915.250,5
22:05:15.66000,1915.500,17
22:05:17.16700,1915.500,2
22:05:21.53100,1915.250,1
22:05:22.38200,1915.250,1
22:05:27.49200,1915.250,2
22:05:27.72200,1915.250,8
22:05:38.77700,1915.250,1
22:05:51.36300,1915.250,1
22:06:21.48000,1915.250,3
22:06:44.37100,1915.250,15
22:06:51.59300,1915.500,1
22:06:58.09300,1915.250,1
22:07:07.66700,1915.250,13
22:07:08.25700,1915.250,10
22:07:10.04600,1915.250,1
22:07:11.16400,1915.250,2
22:07:14.33900,1915.250,7
22:07:15.79600,1915.250,1
22:07:20.30400,1915.250,1
22:07:26.44100,1915.000,6
22:07:27.72200,1915.250,15
22:07:29.51100,1915.250,2
22:07:29.87500,1915.250,3
22:07:36.87100,1915.250,1
22:07:41.59700,1915.250,1
22:07:49.23400,1915.000,1
22:07:51.83500,1915.250,1
22:08:21.96800,1915.250,3
22:08:45.54200,1915.250,12
22:08:47.84700,1915.000,3
22:08:49.33500,1915.250,1
22:08:52.10500,1915.250,1
22:08:57.52700,1915.250,1
22:09:05.50300,1915.250,11
22:09:06.29200,1915.250,3
22:09:10.59700,1915.250,11
22:09:13.70700,1915.250,1
22:09:24.32800,1915.250,1
22:09:36.51500,1915.000,1
22:09:51.91400,1915.250,1
22:09:52.35900,1915.250,2
22:10:03.81600,1915.250,2
22:10:18.65600,1915.250,1
22:10:22.45300,1915.250,9
22:10:23.88600,1915.250,1
22:10:28.04600,1915.250,2
22:10:31.09300,1915.250,1
22:10:35.70700,1915.500,1
22:10:52.60900,1915.500,2
22:10:56.54600,1915.250,13
22:10:56.68300,1915.250,1
22:11:22.72600,1915.500,4
22:11:26.80800,1915.500,2
22:11:28.69900,1915.500,35
22:11:29.85100,1915.500,9
22:11:38.25000,1915.500,24
22:11:38.41700,1915.500,12
22:11:38.67500,1915.500,5
22:11:52.85100,1915.500,2
22:12:09.42500,1915.500,4
22:12:22.96800,1915.500,1
22:12:23.25000,1915.250,10
22:12:23.92500,1915.250,1
22:12:25.41000,1915.500,1
22:12:43.28500,1915.250,1
22:12:53.10900,1915.500,2
22:12:53.75700,1915.250,66
22:12:56.40600,1915.000,5
22:12:57.42100,1915.250,1
22:12:57.58200,1915.250,6
22:13:23.23000,1915.250,3
22:13:34.02300,1915.000,2
22:13:36.35100,1915.000,38
22:13:36.37100,1915.000,69
22:13:36.47600,1914.750,16
22:13:38.64000,1914.750,22
22:13:39.10100,1914.750,1
22:13:43.28100,1914.500,3
22:13:48.13600,1914.500,1
22:13:48.40600,1914.500,4
22:13:52.43300,1914.500,3
22:13:53.36300,1914.750,2
22:13:54.53500,1914.750,1
22:13:57.59700,1914.750,1
22:14:06.95300,1914.250,31
22:14:07.06200,1914.250,1
22:14:09.42900,1914.250,1
22:14:09.62500,1914.250,32
22:14:12.85100,1914.500,34
22:14:14.90200,1914.500,28
22:14:18.75300,1914.250,1
22:14:19.33500,1914.250,1
22:14:31.88200,1914.250,1
22:14:32.76500,1914.250,1
22:14:33.26500,1914.500,3
22:14:33.55800,1914.250,1
22:14:34.83900,1914.500,1
22:14:37.86700,1914.250,5
22:14:38.78100,1914.250,1
22:14:40.02300,1914.250,2
22:14:40.54600,1914.250,1
22:14:42.68300,1914.250,1
22:14:45.89000,1914.250,1
22:14:53.62500,1914.500,4
22:14:54.95700,1914.750,33
22:14:55.73800,1914.500,1
22:14:59.90600,1914.500,13
22:15:00.24600,1914.500,1
22:15:00.51100,1914.500,1
22:15:10.39000,1914.500,2
22:15:10.96800,1914.500,1
22:15:15.58500,1914.750,2
22:15:23.72600,1914.750,1
22:15:28.58200,1914.500,2
22:15:32.81600,1914.500,28
22:15:37.50000,1914.500,4
22:15:37.63600,1914.250,2
22:15:38.28900,1914.500,2
22:15:44.29200,1914.250,1
22:15:53.84300,1914.500,2
22:15:55.51500,1914.250,1
22:15:57.42100,1914.250,1
22:16:04.33200,1914.500,2
22:16:04.89400,1914.250,1
22:16:05.11700,1914.250,1
22:16:07.37100,1914.250,1
22:16:08.25300,1914.250,48
22:16:09.26100,1914.000,2
22:16:10.72200,1914.000,7
22:16:23.95700,1914.250,2
22:16:24.87800,1914.000,5
22:16:25.21000,1914.000,1
22:16:31.96400,1914.000,1
22:16:33.86700,1914.000,81
22:16:35.34700,1914.000,1
22:16:35.96000,1914.000,1
22:16:36.27300,1914.000,1
22:16:54.12100,1914.000,2
22:16:55.35900,1914.000,1
22:16:57.46800,1913.750,25
22:16:57.84700,1913.750,1
22:16:59.03100,1913.750,117
22:16:59.41000,1913.750,28
22:16:59.75000,1913.750,4
22:16:59.96000,1913.750,1
22:17:00.46800,1914.000,4
22:17:04.80800,1914.000,67
22:17:05.76500,1914.000,1
22:17:06.29200,1914.000,1
22:17:08.46400,1914.000,10
22:17:08.76100,1914.000,4
22:17:09.10100,1914.000,7
22:17:09.70700,1914.000,7
22:17:14.83500,1914.000,2
22:17:16.77700,1914.000,1
22:17:19.60900,1913.750,60
22:17:21.37500,1913.750,1
22:17:25.49200,1913.750,1
22:17:28.15600,1913.750,1
22:17:33.01500,1913.750,3
22:17:35.76100,1913.750,1
22:17:35.92500,1913.750,1
22:17:36.37100,1914.000,4
22:17:39.48400,1914.000,1
22:17:39.80800,1914.000,17
22:17:41.96000,1914.250,19
22:17:43.83500,1914.250,1
22:17:46.52700,1914.000,1
22:17:51.19900,1914.000,1
22:17:52.43300,1914.000,1
22:17:54.73800,1914.000,9
22:17:55.91000,1914.000,4
22:17:56.92900,1914.000,1
22:18:08.93300,1914.000,55
22:18:19.26100,1913.750,1
22:18:24.48400,1914.000,2
22:18:26.91000,1913.750,1
22:18:29.97200,1914.000,7
22:18:33.10900,1913.750,1
22:18:37.86700,1913.750,5
22:18:44.17100,1913.750,39
22:18:45.37500,1913.750,1
22:18:47.64400,1913.750,1
22:18:48.70300,1913.750,1
22:18:48.93700,1913.750,4
22:18:51.81600,1914.000,1
22:18:52.05000,1913.750,1
22:19:09.21000,1913.750,6
22:19:13.28900,1914.000,2
22:19:24.79200,1914.000,4
22:19:26.12800,1914.000,1
22:19:26.57400,1914.000,1
22:19:33.51500,1914.000,3
22:19:34.39000,1914.000,1
22:19:35.83500,1914.000,3
22:19:39.62100,1914.000,1
22:19:52.74600,1914.000,46
22:19:54.85100,1914.250,12
22:20:06.30000,1914.000,26
22:20:09.72200,1914.000,2
22:20:15.03900,1914.000,1
22:20:17.38200,1914.250,5
22:20:24.87500,1914.000,18
22:20:28.83900,1914.000,1
22:20:29.14000,1914.000,3
22:20:30.83200,1914.000,25
22:20:33.44500,1913.750,2
22:20:34.77300,1914.250,4
22:20:35.14400,1914.000,2
22:20:41.00300,1914.000,1
22:20:45.07400,1914.000,2
22:20:51.72600,1913.750,5
22:20:52.75700,1913.750,1
22:20:54.77300,1913.750,1
22:20:55.11700,1914.000,1
22:21:05.47600,1914.000,3
22:21:16.80400,1913.750,1
22:21:25.22600,1914.000,2
22:21:29.62100,1914.000,71
22:21:34.08500,1914.250,3
22:21:40.65600,1914.000,25
22:21:42.82000,1914.000,30
22:21:44.46000,1914.250,58
22:21:44.62800,1914.250,4
22:21:50.47600,1914.250,15
22:21:50.91400,1914.250,2
22:21:51.43700,1914.000,5
22:21:52.68300,1914.000,1
22:21:54.10900,1914.250,4
22:21:55.82400,1914.250,1
22:21:56.38600,1914.250,5
22:22:00.21800,1914.250,1
22:22:03.47200,1914.250,1
22:22:03.80800,1914.250,2
22:22:04.86300,1914.000,1
22:22:07.89000,1914.500,1
22:22:09.32000,1914.250,3
22:22:14.56200,1914.250,2
22:22:25.47600,1914.500,2
22:22:27.64800,1914.250,1
22:22:29.32400,1914.250,25
22:22:29.66400,1914.250,1
22:22:31.21400,1914.250,1
22:22:34.22200,1914.250,2
22:22:36.36300,1914.250,2
22:22:40.36300,1914.250,1
22:22:40.72200,1914.250,1
22:22:41.70300,1914.250,1
22:22:48.93700,1914.000,1
22:22:55.60500,1914.250,2
22:22:57.44900,1914.000,1
22:23:25.70700,1914.250,2
22:23:27.18700,1914.000,1
22:23:35.33200,1914.250,2
22:23:35.92900,1914.250,1
22:23:38.51500,1914.000,1
22:23:45.12500,1914.000,1
22:23:46.27700,1914.250,2
22:23:49.50000,1914.000,4
22:23:55.85100,1914.250,2
22:24:02.39000,1914.250,13
22:24:07.41700,1914.250,1
22:24:10.73800,1914.250,1
22:24:22.00300,1914.000,2
22:24:25.95300,1914.250,1
22:24:29.19100,1914.250,1
22:24:33.17500,1914.250,3
22:24:40.37800,1914.250,2
22:24:46.41000,1914.250,1
22:24:53.94500,1914.250,6
22:24:56.33500,1914.250,3
22:24:57.67500,1914.250,1
22:24:59.50000,1914.250,14
22:24:59.76500,1914.250,3
22:25:00.51100,1914.250,2
22:25:17.46800,1914.250,6
22:25:20.94100,1914.000,154
22:25:29.67500,1913.750,3
22:25:43.69900,1913.750,2
22:25:46.28100,1914.000,1
22:25:56.35900,1914.000,2
22:26:01.46800,1914.000,1
22:26:05.64000,1913.750,49
22:26:06.79600,1914.000,4
22:26:07.94900,1913.750,5
22:26:08.93700,1914.000,1
22:26:09.92500,1913.750,5
22:26:10.96000,1913.750,1
22:26:14.47200,1913.750,39
22:26:14.66000,1913.750,6
22:26:14.90600,1913.500,35
22:26:15.49600,1913.500,1
22:26:28.80800,1913.750,14
22:26:32.00700,1914.000,1
22:26:32.79200,1914.000,1
22:26:36.37800,1913.750,11
22:26:38.68700,1913.750,5
22:26:40.25300,1913.750,4
22:26:48.27300,1913.750,10
22:26:49.10500,1914.000,21
22:26:57.67900,1913.750,25
22:27:00.67100,1913.750,1
22:27:02.60100,1913.750,4
22:27:02.87500,1913.750,1
22:27:04.09700,1913.750,1
22:27:05.51100,1913.750,1
22:27:07.18700,1913.500,1
22:27:09.85500,1913.500,3
22:27:11.51100,1913.750,1
22:27:21.32000,1913.750,1
22:27:26.73400,1913.750,1
22:27:29.24600,1913.750,16
22:27:34.36700,1913.750,1
22:27:36.22200,1913.750,9
22:27:39.13200,1913.750,1
22:27:43.70700,1914.000,3
22:27:54.58900,1913.750,1
22:27:56.85100,1914.000,2
22:27:59.21400,1914.000,1
22:28:26.96400,1914.000,4
22:28:38.71800,1913.750,6
22:28:38.82000,1914.000,1
22:28:41.76900,1914.000,1
22:28:50.05400,1913.750,4
22:28:52.29600,1914.000,23
22:28:57.12500,1914.250,2
22:28:57.31200,1914.000,1
22:28:58.47200,1914.000,1
22:29:03.19500,1914.250,3
22:29:11.23800,1914.250,1
22:29:24.46800,1914.250,4
22:29:27.24600,1914.250,2
22:29:43.15200,1914.250,1
22:29:43.76100,1914.250,3
22:29:46.35500,1914.250,2
22:29:47.14800,1914.000,2
22:29:48.13200,1914.250,1
22:29:53.22200,1914.250,1
22:29:56.95700,1914.250,1
22:29:57.37500,1914.250,1
22:29:58.81600,1914.250,1
22:30:00.03900,1914.000,146
22:30:00.50000,1913.750,3
22:30:10.07400,1914.000,1
22:30:17.09300,1914.000,6
22:30:17.79200,1914.000,12
22:30:18.11700,1914.000,3
22:30:19.49200,1914.000,1
22:30:22.23400,1914.250,47
22:30:22.61700,1914.250,1
22:30:22.73000,1914.500,3
22:30:22.89400,1914.500,20
22:30:24.25000,1914.750,34
22:30:24.55800,1914.750,1
22:30:27.08900,1915.000,34
22:30:27.63600,1915.250,7
22:30:28.81600,1915.000,10
22:30:30.23400,1914.750,3
22:30:30.80400,1915.000,6
22:30:33.02700,1915.250,1
22:30:33.49200,1915.000,5
22:30:34.35100,1915.000,1
22:30:34.89000,1915.000,1
22:30:35.09700,1915.000,2
22:30:35.53100,1914.750,18
22:30:35.64800,1914.750,6
22:30:36.29600,1914.750,9
22:30:36.49600,1914.750,11
22:30:37.64000,1914.750,3
22:30:43.08200,1914.750,1
22:30:43.74600,1914.750,1
22:30:48.16000,1915.000,13
22:30:48.35900,1915.000,6
22:30:49.87500,1915.000,1
22:30:55.06600,1914.750,14
22:31:02.09300,1914.750,2
22:31:02.78900,1914.750,2
22:31:03.12800,1914.500,13
22:31:04.66400,1914.750,3
22:31:07.77300,1914.750,4
22:31:11.01900,1915.000,5
22:31:13.00000,1914.750,1
22:31:23.96000,1915.000,1
22:31:27.72600,1915.000,2
22:31:30.18300,1915.000,12
22:31:33.06600,1915.000,3
22:31:33.92500,1915.000,1
22:31:36.51900,1915.000,1
22:31:37.35500,1915.000,14
22:31:40.19500,1915.000,4
22:31:41.01500,1915.000,2
22:31:43.47200,1915.000,1
22:31:43.80800,1915.250,2
22:31:50.02300,1915.000,1
22:31:55.48000,1915.250,1
22:32:10.18700,1915.000,2
22:32:10.41000,1915.000,2
22:32:12.78500,1915.000,4
22:32:25.25700,1915.000,1
22:32:31.05800,1915.000,9
22:32:39.64800,1915.000,1
22:32:44.21800,1915.250,10
22:32:49.64400,1915.250,1
22:32:50.33900,1915.000,14
22:32:51.85900,1915.000,4
22:32:57.52300,1915.000,2
22:33:22.38200,1914.750,24
22:33:24.23000,1914.750,2
22:33:32.37500,1914.750,2
22:33:36.80800,1914.750,5
22:33:41.28900,1914.750,3
22:33:41.88600,1914.750,1
22:33:42.26500,1914.750,5
22:33:44.39000,1914.750,2
22:33:46.57400,1914.750,1
22:33:50.80800,1914.750,2
22:33:55.54200,1914.750,2
22:33:59.47600,1914.750,1
22:34:12.88200,1914.750,2
22:34:15.75700,1914.750,3
22:34:23.35100,1914.750,6
22:34:26.37100,1914.750,4
22:34:28.63600,1914.750,1
22:34:34.74200,1914.750,2
22:34:35.14800,1914.750,1
22:34:49.25300,1914.500,3
22:34:56.92900,1914.500,10
22:34:58.60500,1914.750,2
22:35:02.62800,1914.750,2
22:35:06.15600,1914.500,1
22:35:10.76900,1914.500,1
22:35:27.94900,1914.500,1
22:35:28.72600,1914.750,1
22:35:30.76900,1914.500,4
22:35:37.81200,1914.750,1
22:35:40.03900,1914.750,2
22:35:41.64400,1914.750,12
22:35:43.60900,1914.750,7
22:35:47.39800,1914.750,4
22:35:50.18300,1914.750,2
22:35:53.04600,1914.750,2
22:35:58.20300,1914.750,2
22:36:02.87100,1915.000,2
22:36:06.36300,1915.000,29
22:36:09.31200,1915.000,1
22:36:11.01100,1915.000,1
22:36:13.23400,1915.250,36
22:36:17.94500,1915.250,6
22:36:21.28900,1915.250,1
22:36:21.59300,1915.250,1
22:36:21.92500,1915.250,1
22:36:22.39000,1915.250,1
22:36:22.90600,1915.250,20
22:36:27.50700,1915.250,1
22:36:28.47600,1915.000,1
22:36:34.87100,1915.250,1
22:36:39.35900,1915.500,1
22:36:42.12100,1915.500,1
22:36:42.51500,1915.500,1
22:36:43.46000,1915.500,18
22:36:45.37100,1915.500,25
22:36:45.88600,1915.500,3
22:36:51.23800,1915.250,18
22:36:57.70300,1915.250,2
22:37:10.94500,1915.250,6
22:37:11.60500,1915.500,11
22:37:14.08900,1915.250,1
22:37:18.63600,1915.250,1
22:37:22.68700,1915.500,4
22:37:23.91000,1915.250,1
22:37:25.47600,1915.250,1
22:37:29.23400,1915.500,1
22:37:30.62100,1915.500,1
22:37:36.35500,1915.250,1
22:37:37.25300,1915.250,10
22:37:38.45700,1915.000,1
22:37:38.55400,1915.250,2
22:37:39.09700,1915.000,26
22:37:47.66000,1915.250,4
22:37:50.83200,1915.500,1
22:37:51.06600,1915.250,4
22:37:54.64800,1915.250,1
22:37:57.58200,1915.250,1
22:37:59.78100,1915.250,1
22:38:13.01500,1915.500,3
22:38:13.33200,1915.500,10
22:38:15.13600,1915.500,9
22:38:20.44900,1915.500,9
22:38:21.16400,1915.500,6
22:38:24.42900,1915.500,5
22:38:26.11300,1915.500,1
22:38:35.88600,1915.500,10
22:38:43.50000,1915.250,11
22:38:45.53500,1915.250,2
22:38:51.14800,1915.000,2
22:38:51.48800,1915.000,1
22:38:55.73400,1915.000,8
22:39:07.97200,1915.250,8
22:39:10.28100,1915.250,1
22:39:14.56600,1915.000,1
22:39:23.09700,1915.000,12
22:39:24.67900,1915.250,2
22:39:28.54600,1915.000,7
22:39:35.57400,1915.000,2
22:39:37.54200,1915.000,1
22:39:43.55000,1915.000,2
22:39:44.26100,1915.000,1
22:39:46.82400,1914.750,25
22:39:58.75000,1914.750,15
22:39:59.30000,1914.500,43
22:40:00.19500,1914.500,2
22:40:00.56200,1914.500,4
22:40:04.61300,1914.750,1
22:40:17.37500,1914.750,1
22:40:18.73000,1914.750,1
22:40:24.67500,1914.750,1
22:40:26.32800,1914.500,8
22:40:31.32400,1914.250,7
22:40:32.02700,1914.500,3
22:40:40.80800,1914.750,1
22:40:42.57400,1914.500,5
22:40:45.06600,1914.750,8
22:40:46.27300,1914.750,2
22:40:47.08500,1914.750,8
22:40:54.94100,1914.750,1
22:40:59.53500,1914.750,4
22:41:07.68700,1915.000,1
22:41:28.87100,1915.000,1
22:41:30.23000,1915.000,2
22:41:39.69500,1914.750,9
22:41:44.28900,1914.750,5
22:41:49.25000,1914.500,3
22:41:52.39400,1914.250,7
22:41:53.05400,1914.500,4
22:41:54.67900,1914.500,7
22:42:06.89400,1914.500,14
22:42:08.04600,1914.750,1
22:42:11.50300,1914.500,3
22:42:19.17500,1914.500,1
22:42:30.48400,1914.750,2
22:42:34.94100,1914.500,13
22:42:36.19500,1914.500,4
22:42:48.21000,1914.500,5
22:42:52.66700,1914.500,1
22:42:56.41000,1914.750,1
22:42:56.63600,1914.500,7
22:43:03.82800,1914.750,2
22:43:04.53900,1914.500,22
22:43:07.59300,1914.500,1
22:43:13.64400,1914.250,1
22:43:13.83200,1914.500,8
22:43:15.65200,1914.750,22
22:43:15.83200,1914.750,1
22:43:19.52700,1914.750,4
22:43:21.08900,1914.750,6
22:43:22.45300,1914.750,6
22:43:22.91700,1914.500,53
22:43:23.19500,1914.500,2
22:43:23.39000,1914.500,4
22:43:27.01100,1914.500,2
22:43:27.88200,1914.500,1
22:43:30.92900,1914.500,1
22:43:33.60100,1914.500,1
22:43:38.96400,1914.500,18
22:43:39.97200,1914.500,43
22:43:51.67900,1914.500,4
22:43:52.72200,1914.500,2
22:44:01.07400,1914.500,2
22:44:06.27300,1914.750,14
22:44:07.37800,1914.750,2
22:44:08.01100,1914.750,1
22:44:14.44100,1914.750,1
22:44:17.45300,1914.750,1
22:44:30.97200,1914.750,2
22:44:33.21400,1914.750,11
22:44:56.44500,1914.750,2
22:45:05.46400,1914.750,2
22:45:09.14000,1914.750,1
22:45:09.78900,1914.750,21
22:45:13.36700,1914.750,3
22:45:28.66400,1914.750,16
22:45:31.23800,1914.750,2
22:45:31.57400,1914.750,1
22:45:31.85900,1914.500,4
22:45:32.10500,1914.500,11
22:45:33.24200,1914.500,19
22:45:34.09700,1914.500,1
22:45:38.41400,1914.250,52
22:45:38.62800,1914.250,1
22:45:39.42500,1914.000,3
22:45:40.37500,1914.250,2
22:45:40.92500,1914.250,6
22:45:41.80400,1914.250,3
22:45:48.51900,1914.250,1
22:45:55.84300,1914.250,1
22:45:56.69100,1914.250,2
22:46:16.80000,1914.250,5
22:46:20.73800,1914.250,1
22:46:25.12100,1914.250,1
22:46:32.59700,1914.250,1
22:46:33.02300,1914.250,1
22:46:35.35900,1914.250,1
22:46:46.30000,1914.250,1
22:46:47.96000,1914.250,1
22:46:56.91000,1914.250,4
22:47:09.26100,1914.250,5
22:47:12.06200,1914.000,3
22:47:13.43300,1914.250,2
22:47:14.20700,1914.250,1
22:47:14.46400,1914.250,1
22:47:16.81600,1914.250,1
22:47:20.94100,1914.000,1
22:47:31.72200,1914.250,4
22:47:32.14000,1913.750,88
22:47:32.35100,1914.000,8
22:47:33.72200,1914.000,15
22:47:36.30800,1914.000,12
22:47:37.57400,1914.000,2
22:47:38.40600,1914.000,1
22:47:41.39800,1914.000,5
22:47:58.89400,1914.250,7
22:47:59.37500,1914.250,4
22:48:00.82800,1914.000,3
22:48:01.85100,1914.250,3
22:48:03.84300,1914.250,2
22:48:04.37500,1914.250,4
22:48:31.96400,1914.250,1
22:48:42.93300,1914.250,3
22:48:45.35900,1914.250,1
22:48:46.77700,1914.250,3
22:48:49.87100,1914.000,1
22:48:51.52300,1914.000,1
22:48:52.23800,1914.000,4
22:49:02.67100,1914.000,3
22:49:13.81200,1914.000,11
22:49:14.63200,1914.250,1
22:49:21.44500,1914.250,2
22:49:32.23400,1914.500,1
22:49:34.30800,1914.250,5
22:50:03.96400,1914.500,3
22:50:10.84300,1914.250,5
22:50:15.07800,1914.250,1
22:50:19.22200,1914.500,12
22:50:24.32800,1914.500,1
22:50:25.19500,1914.500,4
22:50:32.41700,1914.500,2
22:50:35.41000,1914.500,11
22:50:46.70700,1914.500,1
22:50:50.11700,1914.750,1
22:51:08.29200,1914.750,3
22:51:17.50000,1914.750,1
22:51:22.57400,1914.500,8
22:51:23.67100,1914.500,3
22:51:25.11700,1914.500,1
22:51:29.95700,1914.500,1
22:51:34.32800,1914.500,4
22:51:44.10900,1914.500,3
22:51:48.79200,1914.250,1
22:51:49.92500,1914.500,5
22:51:51.52700,1914.500,1
22:52:04.23400,1914.500,3
22:52:07.53100,1914.250,17
22:52:12.59700,1914.250,4
22:52:20.37100,1914.500,12
22:52:21.30400,1914.500,6
22:52:25.64400,1914.500,6
22:52:31.36700,1914.500,21
22:52:50.91000,1914.250,1
22:52:57.79600,1914.500,2
22:52:58.56600,1914.250,1
22:53:10.73800,1913.750,112
22:53:13.45300,1913.750,10
22:53:14.36700,1914.000,1
22:53:27.89400,1914.000,1
22:53:33.23800,1914.000,1
22:53:38.10100,1914.000,1
22:53:40.58900,1913.750,25
22:53:40.83500,1914.000,9
22:53:44.60100,1913.750,6
22:53:46.11300,1913.750,3
22:53:52.77300,1913.750,3
22:53:53.46800,1913.750,6
22:53:53.85500,1913.750,7
22:53:54.93300,1913.750,1
22:54:05.66000,1913.750,4
22:54:08.81600,1913.750,7
22:54:11.80000,1913.750,1
22:54:13.03500,1913.750,2
22:54:13.55400,1913.750,1
22:54:16.71000,1913.500,2
22:54:17.01900,1913.500,1
22:54:19.86300,1913.750,4
22:54:23.48000,1913.750,47
22:54:23.74200,1913.750,9
22:54:23.78900,1913.750,1
22:54:31.87100,1913.750,3
22:54:33.48400,1914.000,1
22:54:34.76500,1914.000,2
22:54:42.78500,1913.750,7
22:54:43.31600,1913.500,1
22:54:50.06200,1913.750,1
22:54:54.65200,1913.750,1
22:54:57.94900,1913.500,1
22:55:04.66700,1913.750,2
22:55:06.30800,1913.750,1
22:55:07.36700,1913.750,1
22:55:11.29600,1913.750,5
22:55:14.06600,1913.750,1
22:55:16.19100,1913.750,1
22:55:21.34300,1913.750,1
22:55:21.62100,1913.750,2
22:55:27.83900,1913.750,1
22:55:32.95300,1913.750,2
22:55:37.62800,1914.000,2
22:55:41.75700,1913.750,3
22:55:42.33500,1913.750,1
22:55:44.48400,1914.000,3
22:55:50.81200,1914.000,2
22:55:51.70300,1914.000,2
22:55:51.94100,1913.750,1
22:56:08.52300,1913.750,6
22:56:10.12100,1913.750,12
22:56:10.65200,1913.500,1
22:56:17.73000,1913.750,5
22:56:20.08900,1913.750,6
22:56:20.19500,1913.750,1
22:56:20.58500,1913.750,1
22:56:23.71400,1913.750,2
22:56:25.62100,1913.750,6
22:56:27.61300,1913.750,2
22:56:33.35500,1913.750,1
22:56:36.17100,1913.750,1
22:56:38.37500,1913.500,1
22:56:40.46400,1913.750,3
22:56:50.04600,1913.750,4
22:56:56.22200,1914.000,1
22:57:08.01900,1914.000,2
22:57:13.15600,1913.750,3
22:57:16.60500,1913.750,2
22:57:34.25000,1914.000,2
22:57:39.60500,1914.000,1
22:57:46.57000,1913.750,1
22:58:03.62500,1913.750,2
22:58:04.37100,1914.000,1
22:58:25.26100,1914.000,4
22:58:30.82800,1913.750,1
22:58:34.48800,1914.000,2
22:58:47.20700,1914.000,1
22:58:53.33500,1913.750,2
22:59:03.81600,1914.000,1
22:59:04.26900,1914.000,1
22:59:04.61700,1914.000,1
22:59:06.15200,1913.750,1
22:59:32.25300,1913.750,1
22:59:35.74600,1914.000,2
22:59:47.10100,1914.000,1
22:59:50.03100,1914.000,2
22:59:51.41700,1913.750,1
22:59:55.23000,1913.750,5
22:59:57.57800,1914.000,3
23:00:03.43700,1914.000,0
23:00:03.92100,1914.000,1
23:00:06.85500,1914.000,6
23:00:13.52700,1914.000,10
23:00:18.07800,1914.000,1
23:00:20.61700,1914.000,10
23:00:33.51500,1914.000,2
23:00:40.94100,1914.000,2
23:00:55.76900,1914.000,21
23:01:02.33900,1913.750,6
23:01:05.04600,1913.750,24
23:01:05.12100,1913.750,3
23:01:05.25000,1913.750,3
23:01:06.27700,1913.750,2
23:01:18.35100,1913.750,10
23:01:26.27300,1913.750,16
23:01:27.30000,1913.750,11
23:01:31.08200,1913.750,1
23:01:38.71000,1913.750,9
23:01:39.40600,1913.750,4
23:01:39.64800,1913.750,1
23:01:41.90600,1913.750,1
23:01:55.51900,1913.750,1
23:01:56.20700,1914.000,1
23:02:03.78500,1914.000,24
23:02:04.07400,1914.000,1
23:02:04.23000,1914.000,1
23:02:04.53500,1914.000,1
23:02:08.96800,1914.000,1
23:02:13.69500,1913.750,2
23:02:16.14000,1913.750,25
23:02:20.47600,1913.750,2
23:02:22.10900,1914.000,10
23:02:25.32800,1914.000,1
23:02:29.85100,1913.750,1
23:02:42.83500,1914.000,1
23:03:23.43700,1913.750,10
23:03:28.39000,1913.750,5
23:03:32.10100,1913.750,1
23:03:44.03500,1914.000,1
23:03:48.41700,1913.750,1
23:03:53.87500,1913.750,2
23:04:16.28500,1914.000,20
23:04:25.54600,1914.000,3
23:04:28.32800,1914.000,8
23:04:30.39800,1914.000,1
23:04:32.69100,1914.000,4
23:04:35.76500,1914.000,2
23:04:50.04200,1914.250,2
23:04:59.31200,1914.250,1
23:05:12.37100,1914.000,29
23:05:28.33900,1913.750,1
23:05:33.04600,1913.750,1
23:05:34.07800,1913.750,4
23:05:38.06200,1913.750,3
23:05:40.87500,1913.750,3
23:05:48.53500,1913.750,1
23:06:15.40200,1914.000,21
23:06:16.88600,1914.000,1
23:06:21.48800,1914.000,2
23:06:28.76900,1913.750,1
23:06:30.59700,1914.000,10
23:06:42.89000,1913.750,1
23:06:53.51900,1913.750,1
23:07:14.25700,1913.500,64
23:07:15.86300,1913.500,1
23:07:17.66700,1913.500,1
23:07:22.27700,1913.500,1
23:07:23.92500,1913.500,10
23:07:28.39400,1913.500,2
23:07:28.95300,1913.250,277
23:07:29.06200,1913.250,1
23:07:29.34700,1913.500,1
23:07:29.55000,1913.250,1
23:07:30.01100,1913.250,21
23:07:32.32400,1913.500,1
23:07:32.80400,1913.250,1
23:07:35.56200,1913.250,10
23:07:39.32000,1913.250,1
23:07:40.62500,1913.250,98
23:07:41.24600,1913.250,5
23:07:41.43700,1913.250,1
23:07:41.53100,1913.250,45
23:07:41.66700,1913.250,1
23:07:44.19500,1913.500,1
23:07:45.27700,1913.250,19
23:07:48.54600,1913.250,1
23:07:49.62500,1913.250,1
23:07:50.38200,1913.250,1
23:07:50.58500,1913.250,1
23:07:51.80000,1913.250,1
23:08:02.91400,1913.250,3
23:08:03.71400,1913.250,51
23:08:10.09300,1913.500,74
23:08:11.82400,1913.500,3
23:08:13.49200,1913.250,1
23:08:18.72200,1913.500,21
23:08:19.72200,1913.500,3
23:08:22.03100,1913.500,2
23:08:22.21800,1913.500,1
23:08:23.81600,1913.250,5
23:08:24.02700,1913.500,9
23:08:24.19100,1913.500,1
23:08:24.35500,1913.500,2
23:08:26.40600,1913.500,3
23:08:26.58900,1913.500,1
23:08:29.37100,1913.500,5
23:08:31.64000,1913.500,2
23:08:41.12800,1913.500,1
23:08:48.47200,1913.500,1
23:08:50.02700,1913.500,7
23:08:52.27300,1913.500,1
23:08:54.03100,1913.500,1
23:08:54.43700,1913.250,4
23:08:59.47600,1913.500,2
23:09:02.11700,1913.500,4
23:09:05.57400,1913.500,1
23:09:11.03100,1913.500,12
23:09:25.46000,1913.250,1
23:09:35.62800,1913.250,1
23:09:44.55800,1913.250,1
23:09:50.03100,1913.250,1
23:09:59.48800,1913.500,8
23:09:59.94100,1913.500,30
23:10:04.20700,1913.500,4
23:10:04.49600,1913.500,1
23:10:10.82000,1913.500,19
23:10:11.70300,1913.500,1
23:10:30.19900,1913.250,1
23:10:34.61300,1913.250,4
23:10:52.00000,1913.250,1
23:10:56.94900,1913.250,2
23:10:58.91000,1913.500,2
23:10:59.71800,1913.500,41
23:11:11.42500,1913.500,16
23:11:12.71800,1913.500,2
23:11:13.04600,1913.250,1
23:11:18.81200,1913.500,3
23:11:23.21800,1913.500,2
23:11:29.16700,1913.500,2
23:11:29.96400,1913.500,4
23:11:30.30800,1913.250,1
23:11:38.06600,1913.500,2
23:11:51.53100,1913.500,9
23:11:56.55000,1913.500,10
23:12:03.50000,1913.500,7
23:12:04.46000,1913.500,5
23:12:07.11700,1913.500,14
23:12:14.79200,1913.500,3
23:12:20.89000,1913.500,5
23:12:23.51500,1913.500,5
23:12:26.00700,1913.500,5
23:12:26.86700,1913.500,6
23:12:27.82000,1913.500,4
23:12:28.12500,1913.500,2
23:12:28.41000,1913.500,3
23:12:28.87100,1913.500,5
23:12:29.76900,1913.250,5
23:12:35.54600,1913.250,1
23:12:40.71000,1913.500,1
23:12:55.82400,1913.500,1
23:12:56.30400,1913.250,1
23:13:21.32800,1913.500,6
23:13:23.66400,1913.250,1
23:13:54.97200,1913.250,4
23:13:55.43700,1913.250,30
23:13:58.72200,1913.500,2
23:14:10.37800,1913.250,35
23:14:14.68300,1913.250,32
23:14:14.94100,1913.250,5
23:14:18.68300,1913.250,47
23:14:18.73400,1913.250,1
23:14:20.28500,1913.500,1
23:14:26.19100,1913.500,1
23:14:38.39800,1913.250,20
23:14:47.61300,1913.500,2
23:14:54.66700,1913.250,5
23:14:57.42900,1913.250,7
23:14:58.24600,1913.250,123
23:15:00.28500,1913.500,3
23:15:02.26500,1913.250,2
23:15:02.66400,1913.250,5
23:15:02.95300,1913.250,5
23:15:03.34300,1913.250,2
23:15:05.55800,1913.250,54
23:15:05.94500,1913.250,77
23:15:06.68300,1913.500,2
23:15:07.13600,1913.250,1
23:15:07.52300,1913.250,1
23:15:08.09300,1913.250,30
23:15:14.86300,1913.250,10
23:15:20.46400,1913.250,10
23:15:30.86300,1913.250,20
23:15:33.50300,1913.500,56
23:15:34.49200,1913.500,15
23:15:34.87100,1913.500,4
23:15:35.17500,1913.500,4
23:15:35.65600,1913.500,1
23:15:36.01900,1913.500,2
23:15:37.07400,1913.500,2
23:15:37.62800,1913.500,1
23:15:37.85100,1913.500,4
23:15:40.53900,1913.500,1
23:15:45.02300,1913.500,3
23:16:04.87100,1913.500,21
23:16:05.17500,1913.500,4
23:16:06.79600,1913.500,3
23:16:19.18700,1913.500,2
23:16:20.40200,1913.500,2
23:16:32.75300,1913.750,55
23:16:33.45700,1913.750,1
23:16:35.42900,1913.750,6
23:16:49.96000,1913.750,1
23:17:01.44900,1914.000,3
23:17:06.00000,1913.750,1
23:17:06.42900,1914.000,1
23:17:07.82800,1913.750,17
23:17:08.27700,1913.750,5
23:17:08.54600,1913.750,1
23:17:08.83200,1913.750,13
23:17:09.90600,1913.750,4
23:17:11.83500,1913.500,5
23:17:15.35500,1913.500,4
23:17:20.44900,1913.500,8
23:17:20.85900,1913.750,4
23:17:45.55800,1913.750,23
23:18:07.48800,1913.750,15
23:18:17.83900,1913.750,1
23:18:18.52300,1913.750,1
23:18:19.64400,1913.750,17
23:18:20.42900,1913.750,1
23:18:21.17100,1913.750,4
23:18:23.21000,1914.000,1
23:18:29.88600,1913.750,15
23:18:33.42500,1913.750,1
23:18:55.53500,1913.750,2
23:19:04.25700,1913.750,1
23:19:11.16000,1913.750,1
23:19:12.80000,1914.000,1
23:19:15.65200,1913.750,15
23:19:41.87500,1913.750,1
23:19:52.63600,1913.500,2
23:19:53.95700,1913.750,3
23:19:56.64000,1913.750,2
23:19:59.66400,1913.750,5
23:20:08.09700,1913.500,12
23:20:18.62100,1913.750,8
23:20:21.68300,1913.750,1
23:20:27.81200,1913.750,1
23:20:35.71400,1913.500,3
23:20:43.01500,1913.500,2
23:20:50.43700,1913.750,2
23:20:57.00300,1913.750,1
23:21:09.89800,1913.750,3
23:21:10.17500,1913.750,12
23:21:10.29200,1913.750,3
23:21:10.53500,1913.750,3
23:21:25.58900,1913.750,32
23:21:38.39800,1913.750,17
23:22:10.33900,1913.500,16
23:22:15.89400,1913.500,3
23:22:20.13200,1913.750,3
23:22:21.48400,1913.750,1
23:22:25.56600,1913.750,2
23:22:33.29200,1914.000,106
23:22:38.21400,1914.250,8
23:22:49.01100,1914.250,1
23:22:50.58500,1914.000,3
23:22:55.26900,1914.250,1
23:23:05.75300,1914.250,96
23:23:16.05400,1914.250,33
23:23:16.90600,1914.500,5
23:23:20.40600,1914.250,4
23:23:21.44900,1914.250,1
23:23:22.16700,1914.250,4
23:23:25.76900,1914.250,2
23:23:40.65200,1914.250,1
23:23:42.14800,1914.000,5
23:23:47.09700,1914.000,1
23:23:47.71000,1914.000,1
23:23:50.61300,1914.000,1
23:23:56.09300,1914.000,3
23:24:10.12100,1914.250,6
23:24:16.08500,1914.250,1
23:24:21.04600,1914.250,1
23:24:21.64800,1914.250,1
23:24:21.86700,1914.250,20
23:24:25.55400,1914.250,4
23:24:27.80000,1914.250,2
23:25:05.67900,1914.500,37
23:25:15.62500,1914.750,6
23:25:16.05000,1914.750,14
23:25:17.02700,1914.750,5
23:25:17.41000,1914.750,2
23:25:17.54600,1914.750,3
23:25:19.01100,1914.750,2
23:25:21.11300,1914.750,3
23:25:24.03100,1914.500,1
23:25:27.93700,1914.500,12
23:25:36.27700,1914.500,4
23:25:36.78900,1914.750,1
23:25:47.58900,1914.500,1
23:25:50.66000,1914.500,2
23:25:50.94100,1914.500,1
23:25:51.15600,1914.500,3
23:26:12.34300,1914.250,9
23:26:12.53900,1914.250,4
23:26:15.41000,1914.250,25
23:26:19.07800,1914.250,1
23:26:24.74200,1914.500,11
23:26:28.51900,1914.500,2
23:26:38.25300,1914.500,18
23:26:45.01900,1914.750,1
23:26:47.73000,1914.500,5
23:27:08.74600,1914.750,15
23:27:08.82800,1914.750,2
23:27:12.47200,1914.500,1
23:27:16.45300,1914.500,4
23:27:20.40200,1914.500,3
23:27:40.64800,1914.750,1
23:27:41.46800,1914.750,1
23:27:47.03100,1914.500,3
23:27:49.54200,1914.500,1
23:28:09.35100,1915.000,58
23:28:11.69100,1914.750,1
23:28:13.48800,1914.750,15
23:28:16.01100,1914.750,19
23:28:16.35900,1914.750,3
23:28:17.28500,1914.750,1
23:28:19.07800,1914.750,1
23:28:20.43300,1914.500,1
23:28:22.43300,1914.750,1
23:28:24.39000,1914.500,15
23:28:28.83900,1914.500,11
23:28:29.69900,1914.500,1
23:28:35.17500,1914.500,3
23:28:48.60500,1914.500,6
23:28:51.76100,1914.500,6
23:28:56.63200,1914.250,3
23:29:03.10100,1914.750,9
23:29:10.16400,1914.500,13
23:29:12.17500,1914.500,8
23:29:16.89000,1914.500,1
23:29:19.82000,1914.500,1
23:29:23.07400,1914.500,1
23:29:26.63200,1914.500,5
23:29:30.81200,1914.500,5
23:29:34.06600,1914.250,1
23:29:47.61300,1914.500,11
23:29:50.75000,1914.500,3
23:29:55.49600,1914.500,2
23:29:59.71800,1914.500,2
23:29:59.93300,1914.500,1
23:30:01.77300,1914.500,5
23:30:03.38200,1914.750,2
23:30:08.35100,1914.750,1
23:30:08.88600,1914.500,1
23:30:20.42900,1914.500,5
23:30:24.74600,1914.750,1
23:30:36.81600,1914.500,8
23:30:40.20300,1914.500,2
23:30:41.62500,1914.500,1
23:30:42.59300,1914.500,1
23:31:06.12500,1914.750,70
23:31:06.80000,1914.750,1
23:31:08.46000,1914.750,1
23:31:19.86300,1915.000,89
23:31:20.45700,1915.000,9
23:31:23.28100,1915.000,1
23:31:28.79600,1915.000,12
23:31:33.92500,1914.750,1
23:31:35.20300,1915.000,3
23:31:43.12500,1915.000,2
23:31:46.46000,1914.750,33
23:32:00.26500,1914.750,1
23:32:17.01500,1914.500,3
23:32:19.12100,1914.500,3
23:32:37.16700,1914.750,1
23:32:41.90600,1914.500,8
23:32:50.65600,1914.500,5
23:32:57.14000,1914.750,2
23:32:57.46000,1914.750,22
23:33:05.74600,1914.750,1
23:33:33.39000,1914.500,1
23:33:38.21400,1914.750,4
23:33:56.61700,1914.750,20
23:33:57.19100,1914.500,3
23:34:12.85500,1914.500,4
23:34:20.45700,1914.500,2
23:34:24.07400,1914.750,29
23:34:32.33900,1914.750,2
23:34:42.35900,1914.750,8
23:35:05.90200,1914.750,2
23:35:18.24600,1915.000,46
23:35:20.39400,1915.000,12
23:35:28.88200,1915.000,8
23:35:34.91400,1915.000,1
23:35:37.37100,1914.750,3
23:37:17.55000,1914.500,43
23:37:38.41700,1914.500,6
23:37:53.57800,1914.750,2
23:37:54.35500,1914.500,1
23:38:33.91700,1914.250,99
23:38:39.93700,1914.250,1
23:38:41.91000,1914.250,2
23:38:42.93700,1914.500,35
23:38:48.78900,1914.500,6
23:38:48.94900,1914.500,3
23:38:57.73400,1914.250,2
23:38:57.95700,1914.500,25
23:38:58.41000,1914.750,2
23:38:58.65600,1914.500,1
23:39:10.54200,1914.750,2
23:39:10.73400,1914.750,1
23:39:16.16700,1914.750,2
23:39:24.05800,1914.750,1
23:39:25.56600,1914.750,1
23:39:30.34700,1914.750,10
23:39:38.48400,1914.750,4
23:39:40.41400,1914.750,1
23:39:45.30800,1914.750,13
23:39:55.71000,1915.000,2
23:40:20.44900,1914.750,2
23:40:25.85100,1915.000,2
23:40:37.17900,1915.000,27
23:40:37.28500,1915.000,1
23:40:37.91000,1914.750,10
23:40:38.49200,1915.000,2
23:40:40.94900,1915.000,1
23:40:43.22200,1915.000,3
23:40:43.32800,1915.000,6
23:40:44.18700,1915.000,1
23:40:56.01500,1915.250,5
23:40:57.47600,1915.250,1
23:41:12.18300,1915.000,10
23:41:14.50000,1915.000,1
23:41:20.45300,1914.750,2
23:41:21.79600,1915.000,1
23:41:26.25000,1915.000,1
23:41:33.75300,1915.000,12
23:41:34.69100,1915.000,2
23:41:35.21800,1914.750,1
23:41:41.93300,1915.000,1
23:41:42.91700,1915.000,1
23:41:44.76900,1915.000,7
23:41:56.29600,1915.250,3
23:41:58.50300,1915.000,6
23:42:07.60100,1915.000,1
23:42:18.11300,1914.750,4
23:42:18.85100,1915.000,6
23:42:20.28900,1915.000,1
23:42:26.43700,1915.000,2
23:42:42.95700,1915.000,2
23:42:56.58200,1915.000,2
23:43:22.64000,1914.750,9
23:43:22.91400,1915.000,2
23:43:26.72200,1915.250,2
23:43:27.89800,1915.000,3
23:43:29.93300,1915.000,1
23:43:31.69900,1915.000,3
23:43:35.46400,1915.000,1
23:43:36.22200,1915.000,2
23:43:39.63600,1915.000,3
23:43:40.34300,1915.000,1
23:43:47.92900,1915.000,6
23:43:50.36300,1915.000,3
23:43:56.86700,1915.000,1
23:43:58.11700,1915.000,6
23:43:58.29200,1915.000,3
23:44:10.56200,1915.000,2
23:44:13.35100,1915.000,3
23:44:19.12500,1915.000,10
23:44:21.76900,1915.000,4
23:44:22.02300,1915.000,1
23:44:27.03100,1915.000,7
23:44:32.82000,1915.000,13
23:44:40.08500,1915.250,5
23:44:43.57800,1915.250,1
23:44:46.84700,1915.000,25
23:44:49.24200,1915.000,17
23:44:55.67100,1915.000,8
23:44:57.17100,1915.000,2
23:44:58.55400,1915.000,29
23:45:03.42900,1915.000,11
23:45:04.05000,1915.000,12
23:45:10.30800,1915.000,2
23:45:11.12100,1915.000,6
23:45:16.74200,1914.750,15
23:45:27.31200,1915.000,2
23:45:30.94500,1915.000,1
23:45:35.03100,1915.000,1
23:45:38.46800,1914.750,2
23:45:45.25300,1915.000,4
23:45:50.39400,1915.000,8
23:45:52.51100,1915.000,4
23:45:54.71800,1915.000,3
23:46:13.13600,1914.750,5
23:46:27.58900,1915.000,1
23:46:36.17100,1915.000,4
23:46:36.58200,1915.000,5
23:46:41.94900,1915.250,1
23:46:43.51100,1915.000,2
23:46:54.39800,1915.000,1
23:46:57.73400,1915.250,2
23:47:01.32800,1915.250,1
23:47:15.62800,1915.000,3
23:47:18.64800,1914.750,4
23:47:19.26900,1915.000,7
23:47:21.11300,1915.000,9
23:47:23.56600,1915.000,5
23:47:24.89800,1915.000,1
23:47:27.87500,1915.000,2
23:47:49.71800,1915.000,1
23:47:49.87800,1914.750,1
23:47:49.97200,1915.000,70
23:47:58.03500,1915.250,2
23:48:02.41400,1915.250,13
23:48:26.60500,1915.250,11
23:48:28.20300,1915.500,8
23:48:32.68300,1915.250,1
23:48:41.11300,1915.250,1
23:48:52.21400,1915.250,11
23:48:58.32000,1915.500,12
23:48:58.82800,1915.000,3
23:49:24.23400,1915.250,3
23:49:24.59300,1915.250,3
23:49:25.91000,1915.250,1
23:49:28.46000,1915.500,2
23:49:47.68700,1915.500,1
23:49:57.56200,1915.250,4
23:49:58.60100,1915.500,2
23:50:05.85500,1915.500,2
23:50:18.89400,1915.250,18
23:50:20.45700,1915.000,3
23:50:23.57800,1915.000,3
23:50:28.73800,1915.250,2
23:50:39.03900,1915.000,4
23:50:58.87800,1915.250,1
23:51:27.52700,1915.000,23
23:51:28.23400,1914.750,3
23:51:28.48800,1914.750,9
23:51:31.11700,1914.750,11
23:51:38.13600,1914.750,2
23:51:43.57000,1915.000,1
23:51:49.58200,1915.000,2
23:51:49.77300,1915.000,11
23:51:55.14400,1915.000,3
23:51:56.97200,1915.000,5
23:51:59.18700,1915.250,2
23:52:07.35900,1915.000,1
23:52:07.79200,1915.250,38
23:52:15.63200,1915.250,3
23:52:19.20700,1915.000,4
23:52:29.32000,1915.250,4
23:52:49.01500,1915.250,22
23:52:54.66000,1915.250,7
23:52:59.45700,1915.250,2
23:53:08.18300,1915.250,6
23:53:19.16400,1915.250,6
23:53:23.38600,1915.000,1
23:53:29.59300,1915.250,1
23:53:50.88600,1915.000,27
23:53:55.75000,1915.000,1
23:53:59.38200,1914.750,3
23:53:59.73800,1915.000,2
23:54:18.09700,1915.000,14
23:54:29.88200,1915.000,2
23:54:30.67100,1915.000,1
23:54:34.94500,1915.000,1
23:55:00.31200,1915.000,3
23:55:00.80800,1914.750,1
23:55:10.62500,1915.000,45
23:55:11.80800,1915.000,3
23:55:19.64000,1915.000,3
23:55:30.18700,1915.000,1
23:55:39.56200,1914.750,3
23:55:40.10900,1915.000,2
23:56:02.32400,1915.000,8
23:56:12.47200,1915.250,1
23:56:14.69500,1915.000,2
23:56:21.21000,1915.000,3
23:56:26.44500,1915.000,3
23:56:30.46800,1915.250,2
23:56:40.08200,1915.250,1
23:56:44.17100,1915.250,17
23:57:00.60900,1915.250,2
23:57:07.97200,1915.000,8
23:57:08.24200,1915.000,1
23:57:19.73800,1914.750,3
23:57:26.22600,1915.000,7
23:57:30.75000,1915.000,2
23:57:52.14000,1914.750,1
23:57:56.17500,1914.750,1
23:58:01.42900,1914.750,25
23:58:07.69500,1914.750,1
23:58:14.05400,1914.750,1
23:58:18.91400,1914.750,1
23:58:29.86300,1914.750,2
23:58:31.05400,1915.000,2
23:58:35.62500,1915.000,16
23:58:44.75000,1915.250,5
23:58:53.53100,1915.000,25
23:58:59.91700,1915.000,5
23:59:01.72600,1915.000,4
23:59:23.16000,1915.250,2
23:59:27.50700,1915.250,1
23:59:31.33500,1915.250,2
23:59:44.10500,1915.250,1
23:59:47.76100,1915.250,1
23:59:56.89400,1915.250,28
23:59:58.78100,1915.250,2
