03:00:00.16400,1930.000,0
03:00:00.26100,1930.000,1
03:00:00.40200,1930.000,9
03:00:00.53100,1930.250,6
03:00:00.75700,1930.000,1
03:00:01.03900,1930.000,43
03:00:01.14000,1930.000,14
03:00:01.51500,1930.000,15
03:00:01.71000,1930.000,3
03:00:02.36300,1929.750,2
03:00:02.55800,1929.750,4
03:00:02.71800,1929.750,2
03:00:03.25000,1929.750,17
03:00:04.43700,1929.500,91
03:00:07.56200,1929.750,1
03:00:08.06600,1929.750,3
03:00:10.07400,1929.750,47
03:00:10.58500,1929.750,12
03:00:10.76500,1929.750,4
03:00:11.30800,1930.000,1
03:00:12.15600,1930.000,3
03:00:12.39800,1930.000,10
03:00:12.62800,1930.000,12
03:00:12.69100,1930.000,2
03:00:13.79200,1930.000,9
03:00:15.05800,1930.250,3
03:00:16.59300,1930.000,28
03:00:17.36700,1930.000,1
03:00:17.57400,1930.000,47
03:00:17.67900,1930.000,2
03:00:18.13600,1930.000,3
03:00:19.05800,1930.000,1
03:00:19.22600,1930.000,6
03:00:20.09300,1930.000,1
03:00:21.00000,1930.000,13
03:00:21.26100,1930.250,1
03:00:22.07800,1930.000,10
03:00:22.25000,1930.000,3
03:00:23.07800,1930.250,1
03:00:24.12500,1930.250,57
03:00:24.53500,1930.250,29
03:00:24.85900,1930.250,1
03:00:25.56600,1930.000,10
03:00:25.61300,1930.000,3
03:00:26.07000,1930.000,15
03:00:26.87100,1929.750,7
03:00:27.64400,1929.750,8
03:00:28.44500,1929.750,1
03:00:29.07800,1929.750,1
03:00:29.63200,1929.750,24
03:00:30.00000,1929.750,5
03:00:30.46800,1929.750,1
03:00:30.80400,1930.000,7
03:00:31.02700,1930.000,6
03:00:32.26100,1929.750,73
03:00:33.78900,1929.750,1
03:00:34.42100,1929.250,82
03:00:35.42100,1929.750,31
03:00:35.82400,1929.500,8
03:00:39.54200,1929.500,9
03:00:39.59700,1929.500,2
03:00:39.77300,1929.500,3
03:00:40.04600,1929.500,2
03:00:42.19500,1929.500,2
03:00:43.55000,1929.500,7
03:00:44.40600,1929.750,10
03:00:53.62800,1929.500,11
03:00:53.83500,1929.750,1
03:00:54.61300,1929.500,2
03:00:56.04600,1929.500,11
03:00:56.11700,1929.500,3
03:00:58.83500,1929.250,19
03:00:59.79200,1929.000,2
03:01:00.56600,1929.000,22
03:01:01.85900,1928.750,45
03:01:02.28100,1928.750,1
03:01:02.72200,1928.750,5
03:01:03.60100,1928.750,1
03:01:03.88600,1928.750,2
03:01:04.14800,1928.750,1
03:01:04.92900,1928.750,1
03:01:05.27700,1928.750,2
03:01:05.74200,1928.750,4
03:01:05.94500,1928.750,6
03:01:06.80000,1928.750,3
03:01:07.25000,1929.000,69
03:01:07.32400,1929.000,50
03:01:07.60500,1929.000,6
03:01:08.28100,1929.000,10
03:01:08.41000,1929.000,1
03:01:09.39400,1928.750,6
03:01:09.75300,1929.000,1
03:01:10.39800,1929.000,19
03:01:11.13600,1929.000,71
03:01:11.43700,1929.250,1
03:01:11.90600,1929.250,7
03:01:12.14800,1929.500,1
03:01:12.56600,1929.500,22
03:01:12.86700,1929.500,8
03:01:14.32800,1929.750,1
03:01:15.20300,1929.500,14
03:01:15.43700,1929.500,4
03:01:16.48400,1929.500,7
03:01:16.85500,1929.500,23
03:01:17.31200,1929.500,2
03:01:18.39000,1929.500,16
03:01:18.55800,1929.500,1
03:01:18.89400,1929.500,15
03:01:19.53900,1929.750,52
03:01:20.47600,1929.750,12
03:01:20.94100,1929.750,1
03:01:22.92100,1929.750,16
03:01:23.90600,1929.750,8
03:01:24.56200,1929.750,10
03:01:24.76500,1929.750,4
03:01:24.89000,1929.750,1
03:01:25.15200,1929.750,1
03:01:26.25300,1929.750,19
03:01:26.94500,1929.750,1
03:01:28.96400,1929.500,1
03:01:30.75700,1929.750,16
03:01:32.10100,1930.000,36
03:01:32.50300,1930.000,3
03:01:32.86700,1930.000,1
03:01:33.34700,1930.000,12
03:01:38.41700,1930.000,2
03:01:38.49200,1930.000,6
03:01:41.58500,1930.000,1
03:01:45.83200,1929.750,16
03:01:48.04600,1929.750,8
03:01:48.25000,1929.750,7
03:01:50.24200,1929.750,7
03:01:51.37100,1929.750,11
03:01:51.78500,1929.750,1
03:01:54.12800,1930.000,12
03:01:54.39400,1929.750,1
03:01:59.33500,1930.000,19
03:02:05.08900,1930.000,47
03:02:06.75000,1929.750,10
03:02:07.34700,1929.750,14
03:02:07.48400,1929.750,19
03:02:08.14000,1929.750,3
03:02:09.87500,1929.750,1
03:02:10.35900,1930.000,39
03:02:13.15200,1930.000,7
03:02:13.30000,1930.000,4
03:02:14.04600,1930.000,1
03:02:16.10500,1929.750,49
03:02:21.70700,1929.750,1
03:02:21.96000,1929.750,5
03:02:22.52300,1929.500,22
03:02:22.73400,1929.750,1
03:02:23.00000,1929.750,1
03:02:26.17900,1929.500,1
03:02:29.30800,1929.500,21
03:02:31.37500,1929.250,366
03:02:31.76100,1929.250,15
03:02:32.26900,1929.250,5
03:02:33.51100,1929.250,3
03:02:33.66000,1929.250,2
03:02:37.68700,1928.750,250
03:02:38.66400,1928.750,1
03:02:40.51500,1928.750,1
03:02:41.85500,1928.750,20
03:02:43.37100,1929.250,80
03:02:44.05800,1929.250,5
03:02:45.20300,1929.000,11
03:02:45.33900,1929.000,10
03:02:46.74200,1929.000,21
03:02:50.33500,1929.000,17
03:02:51.37800,1929.000,2
03:02:54.21400,1929.000,5
03:02:54.93700,1928.750,35
03:02:56.93300,1928.750,4
03:03:01.73800,1929.000,55
03:03:01.80800,1929.000,2
03:03:02.42500,1929.000,8
03:03:04.48800,1929.250,1
03:03:04.96400,1929.250,18
03:03:05.15600,1929.250,37
03:03:06.15200,1929.250,1
03:03:07.59300,1929.000,15
03:03:08.03500,1929.000,2
03:03:09.14000,1928.750,7
03:03:12.55400,1928.500,12
03:03:12.62800,1928.500,1
03:03:13.30800,1928.500,2
03:03:13.81200,1928.500,1
03:03:14.87800,1928.500,1
03:03:16.21400,1928.500,4
03:03:18.89400,1928.500,35
03:03:19.16000,1928.500,2
03:03:19.57400,1928.500,4
03:03:24.74200,1928.750,3
03:03:27.48000,1928.750,1
03:03:28.34700,1928.500,1
03:03:28.83200,1928.750,33
03:03:29.56200,1928.750,1
03:03:32.50300,1928.750,1
03:03:36.07800,1928.750,21
03:03:38.51100,1929.000,5
03:03:41.96800,1929.000,16
03:03:42.08200,1929.000,3
03:03:42.28500,1929.000,3
03:03:43.00300,1929.000,9
03:03:43.46000,1929.000,6
03:03:45.87800,1929.000,1
03:03:46.42900,1929.000,2
03:03:48.88600,1929.000,33
03:03:49.87100,1929.000,1
03:03:53.14000,1929.000,1
03:03:54.94500,1929.000,51
03:04:01.91000,1928.750,4
03:04:02.42100,1928.750,3
03:04:03.05400,1928.750,29
03:04:05.72600,1929.000,1
03:04:06.63600,1929.000,49
03:04:07.17900,1929.000,27
03:04:08.23000,1929.000,5
03:04:09.22600,1929.000,4
03:04:15.22200,1928.750,2
03:04:18.87100,1928.750,14
03:04:20.05800,1928.750,1
03:04:22.03100,1928.500,2
03:04:23.83900,1928.750,12
03:04:25.08200,1929.000,3
03:04:27.39000,1929.000,1
03:04:29.45700,1928.750,8
03:04:30.72200,1929.000,194
03:04:34.03900,1929.000,48
03:04:35.68700,1929.000,76
03:04:36.73800,1929.000,1
03:04:41.83200,1928.750,21
03:04:42.07400,1928.750,8
03:04:43.55000,1928.500,1
03:04:48.91400,1928.750,15
03:04:50.87800,1928.750,1
03:04:55.31600,1929.000,159
03:04:55.90600,1928.750,1
03:04:56.93700,1929.000,28
03:04:57.28900,1928.750,24
03:05:00.27700,1928.750,25
03:05:01.19900,1928.500,1
03:05:01.55000,1928.500,15
03:05:03.28500,1928.500,1
03:05:04.82000,1928.500,22
03:05:05.03100,1928.500,10
03:05:05.70300,1928.250,52
03:05:06.84300,1928.250,46
03:05:07.23800,1928.250,37
03:05:07.64000,1928.250,2
03:05:07.75000,1928.250,1
03:05:08.01500,1928.250,2
03:05:08.48400,1928.250,2
03:05:08.91400,1928.250,8
03:05:09.25000,1928.000,10
03:05:09.53500,1928.250,5
03:05:09.91000,1928.250,1
03:05:11.42900,1928.000,1
03:05:12.78100,1928.000,116
03:05:13.28900,1928.000,18
03:05:13.55000,1928.000,2
03:05:14.32800,1927.750,8
03:05:14.40600,1927.750,1
03:05:15.09300,1927.750,4
03:05:15.55400,1927.750,1
03:05:16.05400,1928.000,12
03:05:16.87800,1928.000,1
03:05:17.68300,1928.000,1
03:05:18.54600,1928.000,2
03:05:18.94500,1927.750,1
03:05:19.02700,1927.750,12
03:05:20.10900,1927.750,7
03:05:20.34300,1927.750,10
03:05:20.56600,1927.750,340
03:05:20.83500,1927.500,1
03:05:20.90200,1927.750,1
03:05:21.05800,1927.750,3
03:05:21.33500,1927.750,2
03:05:22.35900,1927.750,1
03:05:22.80400,1927.750,16
03:05:23.02300,1927.750,25
03:05:23.26100,1927.750,3
03:05:23.67900,1927.500,1
03:05:24.04200,1927.750,3
03:05:24.82400,1927.500,71
03:05:24.86700,1927.500,5
03:05:25.06600,1927.750,37
03:05:25.15200,1927.500,18
03:05:25.24200,1927.500,1
03:05:26.29600,1927.500,59
03:05:26.42100,1927.500,99
03:05:26.46800,1927.500,20
03:05:26.90600,1927.500,4
03:05:27.17100,1927.500,1
03:05:27.30400,1927.500,1
03:05:27.66000,1927.500,1
03:05:29.82000,1927.750,1
03:05:30.15200,1927.500,32
03:05:30.21000,1927.500,4
03:05:30.34700,1927.500,6
03:05:30.42900,1927.500,2
03:05:31.58900,1927.500,2
03:05:31.84700,1927.250,90
03:05:32.53900,1927.500,1
03:05:33.33900,1927.250,18
03:05:33.68700,1927.000,38
03:05:33.76100,1927.000,3
03:05:33.85500,1927.250,4
03:05:34.23400,1927.000,1
03:05:35.39400,1927.000,2
03:05:36.16000,1927.250,51
03:05:36.32000,1927.250,5
03:05:36.69100,1927.250,8
03:05:36.77700,1927.250,23
03:05:36.94900,1927.250,15
03:05:37.28900,1927.000,1
03:05:37.66400,1927.250,4
03:05:37.84700,1927.000,2
03:05:37.92900,1927.000,3
03:05:38.02300,1927.000,2
03:05:38.16700,1927.000,3
03:05:38.63600,1927.000,85
03:05:38.77300,1927.000,2
03:05:39.23400,1927.000,9
03:05:39.28500,1927.000,1
03:05:39.41400,1927.000,4
03:05:39.75700,1927.000,2
03:05:39.78100,1927.000,3
03:05:39.84700,1926.750,28
03:05:39.96800,1926.750,3
03:05:40.10900,1927.000,16
03:05:40.42500,1927.000,4
03:05:41.27300,1926.750,10
03:05:41.70700,1926.750,3
03:05:41.94500,1926.750,3
03:05:42.30800,1927.000,2
03:05:43.15600,1926.750,2
03:05:43.24200,1926.750,1
03:05:43.62800,1926.750,1
03:05:44.22600,1926.750,1
03:05:44.58900,1926.750,2
03:05:44.67900,1926.750,1
03:05:44.88600,1926.750,6
03:05:44.97200,1926.750,1
03:05:47.04200,1927.000,4
03:05:47.68300,1926.750,2
03:05:47.78900,1926.750,11
03:05:47.85100,1926.750,2
03:05:48.00000,1926.750,65
03:05:48.06600,1926.750,1
03:05:48.19900,1926.750,1
03:05:48.42900,1926.500,21
03:05:48.83500,1926.750,1
03:05:49.09700,1926.500,2
03:05:49.37100,1926.500,1
03:05:49.69900,1926.750,1
03:05:49.95300,1926.750,133
03:05:50.06600,1926.750,145
03:05:50.28900,1926.750,4
03:05:50.54600,1926.750,105
03:05:51.17500,1926.750,62
03:05:51.52700,1926.750,5
03:05:51.72200,1926.750,116
03:05:54.33200,1927.000,18
03:05:54.47600,1927.000,1
03:05:54.61300,1926.750,3
03:05:55.55400,1927.000,1
03:05:56.43700,1927.000,1
03:05:56.50000,1926.750,1
03:05:56.59300,1926.750,1
03:05:57.26100,1926.750,1
03:05:58.12800,1927.000,11
03:05:58.69900,1927.000,8
03:05:58.82000,1927.000,2
03:05:59.50700,1927.000,1
03:06:01.10100,1927.250,7
03:06:01.48000,1927.250,58
03:06:02.60100,1927.250,10
03:06:02.71000,1927.250,1
03:06:04.55000,1927.250,16
03:06:04.84700,1927.000,52
03:06:04.93300,1927.250,1
03:06:08.43300,1927.000,14
03:06:08.69100,1927.000,2
03:06:08.84700,1927.000,9
03:06:11.19900,1927.000,1
03:06:11.91000,1927.000,1
03:06:12.35500,1927.000,6
03:06:13.51500,1927.250,23
03:06:14.48400,1927.250,33
03:06:15.45300,1927.250,1
03:06:16.83200,1927.250,12
03:06:16.91400,1927.250,27
03:06:20.29600,1927.500,7
03:06:20.43700,1927.250,2
03:06:20.87800,1927.500,58
03:06:21.33500,1927.500,3
03:06:21.54600,1927.500,2
03:06:22.17500,1927.500,4
03:06:22.72200,1927.500,9
03:06:23.28100,1927.250,11
03:06:24.08900,1927.500,2
03:06:25.01900,1927.500,3
03:06:25.78500,1927.500,9
03:06:27.75000,1927.250,2
03:06:28.83900,1927.250,38
03:06:28.96400,1927.250,11
03:06:31.78100,1927.500,2
03:06:32.01900,1927.500,2
03:06:33.50700,1927.500,17
03:06:35.00700,1927.500,2
03:06:35.26900,1927.500,11
03:06:37.35500,1927.500,20
03:06:38.68700,1927.500,1
03:06:38.83500,1927.500,4
03:06:39.51500,1927.250,1
03:06:41.16700,1927.250,57
03:06:41.86300,1927.750,319
03:06:42.76500,1927.500,36
03:06:44.10900,1927.500,18
03:06:44.30000,1927.500,5
03:06:45.54600,1927.500,3
03:06:46.20700,1927.750,25
03:06:46.72600,1927.750,1
03:06:47.15200,1928.000,1
03:06:47.89800,1928.000,3
03:06:49.10100,1928.000,189
03:06:49.27700,1928.000,24
03:06:49.93700,1927.750,9
03:06:50.96800,1927.750,1
03:06:51.55400,1927.750,3
03:06:51.90600,1927.750,1
03:06:52.02700,1927.750,15
03:06:52.53100,1927.750,3
03:06:53.30400,1927.750,1
03:06:53.35900,1928.000,10
03:06:53.82800,1927.750,1
03:06:54.24600,1927.750,2
03:06:54.44500,1927.750,1
03:06:55.91000,1927.750,68
03:06:56.14400,1928.000,3
03:06:57.69500,1927.750,2
03:07:02.17500,1927.750,112
03:07:02.34300,1927.750,6
03:07:02.63600,1927.750,44
03:07:02.88200,1927.750,46
03:07:03.37100,1927.750,91
03:07:03.55800,1927.750,1
03:07:04.16000,1927.750,13
03:07:04.56200,1927.750,10
03:07:05.74600,1927.500,1
03:07:06.42100,1927.750,3
03:07:08.27300,1927.500,3
03:07:09.04200,1927.750,1
03:07:09.38600,1927.250,77
03:07:10.48400,1927.250,22
03:07:10.71000,1927.250,4
03:07:11.09300,1927.250,1
03:07:12.43700,1927.500,50
03:07:12.81200,1927.500,4
03:07:13.19500,1927.500,1
03:07:13.85100,1927.500,6
03:07:15.93700,1927.500,4
03:07:16.62500,1927.500,10
03:07:16.69100,1927.750,9
03:07:17.08500,1927.750,9
03:07:17.30400,1927.750,5
03:07:17.72200,1927.750,7
03:07:18.48400,1927.750,5
03:07:18.90600,1927.500,1
03:07:22.28900,1927.750,9
03:07:23.82000,1927.750,1
03:07:23.96000,1928.000,1
03:07:25.40200,1927.750,5
03:07:25.78100,1928.000,1
03:07:27.57000,1927.750,21
03:07:28.41700,1927.750,12
03:07:28.61300,1927.750,1
03:07:29.03500,1927.750,2
03:07:30.05800,1927.750,16
03:07:31.87500,1927.750,1
03:07:32.14400,1927.750,21
03:07:34.66400,1927.500,1
03:07:38.38200,1927.500,1
03:07:39.25300,1927.500,57
03:07:39.39000,1927.250,1
03:07:40.05000,1927.250,19
03:07:42.47600,1927.250,1
03:07:42.65200,1927.250,1
03:07:46.63600,1927.250,50
03:07:47.30800,1927.250,9
03:07:48.40600,1927.250,8
03:07:49.72600,1927.250,1
03:07:50.84700,1927.500,1
03:07:52.70300,1927.250,1
03:07:53.60500,1927.250,2
03:07:54.00000,1927.500,22
03:07:54.54200,1927.500,1
03:07:54.64400,1927.500,1
03:07:54.79600,1927.250,1
03:07:54.82800,1927.500,1
03:07:55.63600,1927.250,3
03:07:57.01900,1927.500,14
03:07:57.10100,1927.500,2
03:07:58.02300,1927.500,10
03:07:58.33200,1927.250,2
03:08:01.85500,1927.750,56
03:08:02.80400,1927.500,1
03:08:06.44500,1927.750,34
03:08:07.81600,1927.750,1
03:08:08.90600,1928.000,112
03:08:10.57800,1927.750,34
03:08:11.68300,1927.500,28
03:08:11.82400,1927.750,1
03:08:17.51100,1927.750,13
03:08:18.69900,1927.500,5
03:08:21.82400,1927.250,96
03:08:21.89400,1927.500,30
03:08:22.41000,1927.500,21
03:08:22.96800,1927.500,15
03:08:24.28100,1927.500,1
03:08:24.38600,1927.500,6
03:08:25.41700,1927.500,1
03:08:26.50700,1927.500,1
03:08:26.76100,1927.250,4
03:08:26.94500,1927.250,22
03:08:28.20300,1927.250,14
03:08:28.43700,1927.250,3
03:08:29.95300,1927.250,1
03:08:31.32800,1927.000,2
03:08:32.30800,1927.000,1
03:08:32.72600,1927.250,22
03:08:33.21800,1927.250,2
03:08:35.59700,1927.250,3
03:08:36.19500,1927.250,6
03:08:36.23400,1927.250,7
03:08:38.46400,1927.000,20
03:08:39.82400,1927.250,1
03:08:42.39000,1927.250,50
03:08:43.54200,1927.000,1
03:08:43.75300,1927.250,2
03:08:45.26100,1927.250,6
03:08:49.18700,1927.250,19
03:08:49.78900,1927.250,33
03:08:50.19900,1927.250,9
03:08:50.47600,1927.250,3
03:08:50.87800,1927.750,29
03:08:51.29200,1927.500,2
03:08:51.41400,1927.500,29
03:08:53.82000,1927.750,27
03:08:54.76500,1927.750,19
03:08:55.62500,1927.750,1
03:08:57.79600,1927.750,5
03:08:59.42100,1927.750,1
03:09:03.01100,1927.500,2
03:09:03.53100,1927.750,3
03:09:04.08900,1928.000,8
03:09:04.10500,1928.000,2
03:09:04.53100,1928.000,44
03:09:06.63200,1928.000,1
03:09:09.74600,1927.750,2
03:09:12.63200,1927.750,2
03:09:13.51100,1927.750,43
03:09:15.55000,1928.000,56
03:09:16.46800,1928.000,33
03:09:17.58500,1928.250,1
03:09:17.82800,1928.250,29
03:09:22.19900,1928.250,63
03:09:22.21400,1928.250,10
03:09:22.81200,1928.250,6
03:09:23.90600,1928.250,1
03:09:25.14800,1928.000,8
03:09:25.15200,1928.000,18
03:09:27.81200,1928.000,2
03:09:28.12800,1928.000,9
03:09:29.82400,1927.750,7
03:09:30.13200,1927.500,28
03:09:30.21800,1927.500,6
03:09:30.60100,1927.750,20
03:09:35.10500,1927.750,41
03:09:35.62500,1927.750,12
03:09:36.39800,1927.750,12
03:09:40.39400,1927.500,5
03:09:41.19900,1927.500,1
03:09:41.50300,1927.500,15
03:09:42.03900,1927.500,11
03:09:43.25300,1927.500,8
03:09:44.41400,1927.500,7
03:09:46.38600,1927.750,12
03:09:47.14000,1927.750,2
03:09:47.25000,1927.750,3
03:09:47.40600,1927.750,3
03:09:47.86700,1927.750,15
03:09:49.76100,1928.000,16
03:09:51.04600,1927.750,19
03:09:53.84700,1927.500,46
03:09:55.03900,1927.500,1
03:09:58.31600,1927.250,57
03:09:58.55000,1927.250,15
03:09:59.40600,1927.250,3
03:09:59.48000,1927.250,1
03:10:00.90600,1927.250,46
03:10:01.25700,1927.250,2
03:10:01.54200,1927.250,2
03:10:01.66000,1927.250,35
03:10:03.92100,1927.000,2
03:10:05.22200,1927.000,128
03:10:05.29600,1927.000,3
03:10:05.36300,1927.000,1
03:10:05.75000,1927.000,10
03:10:06.10100,1926.750,23
03:10:07.00700,1927.000,1
03:10:07.37100,1926.750,2
03:10:07.56600,1926.750,1
03:10:08.41000,1926.750,1
03:10:09.31600,1926.750,1
03:10:10.18700,1926.750,1
03:10:10.25700,1927.000,60
03:10:10.32800,1927.000,4
03:10:10.49600,1927.000,5
03:10:10.62500,1927.000,16
03:10:12.87800,1927.250,20
03:10:13.02300,1927.250,2
03:10:13.79200,1927.250,2
03:10:16.02700,1927.250,22
03:10:16.92500,1927.500,15
03:10:17.22600,1927.250,2
03:10:17.66700,1927.250,21
03:10:17.89400,1927.500,1
03:10:21.11700,1927.500,10
03:10:22.03500,1927.500,16
03:10:22.16700,1927.500,2
03:10:22.47200,1927.500,1
03:10:22.95700,1927.500,3
03:10:23.88600,1927.750,1
03:10:25.33200,1927.500,1
03:10:26.08500,1927.500,34
03:10:27.26500,1927.500,1
03:10:27.51900,1927.500,2
03:10:28.28500,1927.500,11
03:10:28.33500,1927.500,2
03:10:29.67100,1927.500,2
03:10:33.14400,1927.250,70
03:10:35.83200,1927.000,26
03:10:37.12500,1927.000,42
03:10:37.77700,1927.000,3
03:10:38.22600,1927.000,4
03:10:40.05000,1927.250,1
03:10:41.05400,1927.000,18
03:10:43.17500,1927.000,40
03:10:43.88600,1927.000,15
03:10:44.21800,1927.000,7
03:10:45.29200,1927.000,2
03:10:45.56600,1927.250,2
03:10:46.33200,1927.000,1
03:10:48.38600,1927.000,2
03:10:48.73000,1927.000,10
03:10:49.15600,1927.000,1
03:10:51.42100,1927.000,16
03:10:55.13600,1926.750,2
03:10:55.61700,1926.750,59
03:10:55.87500,1926.750,2
03:10:56.06200,1926.750,9
03:10:56.11700,1926.750,1
03:10:57.60900,1926.750,56
03:10:59.23800,1926.750,4
03:11:02.06200,1927.000,46
03:11:03.36300,1927.000,37
03:11:05.70700,1926.750,61
03:11:07.20300,1927.000,17
03:11:07.27300,1927.000,1
03:11:08.04200,1926.750,3
03:11:08.32000,1927.000,6
03:11:08.50300,1927.000,3
03:11:08.69100,1926.750,1
03:11:09.53900,1927.000,3
03:11:09.90600,1927.250,6
03:11:10.25700,1927.000,3
03:11:13.36700,1926.750,1
03:11:13.55000,1926.750,1
03:11:13.86300,1926.750,55
03:11:13.92900,1926.750,7
03:11:14.08200,1926.750,4
03:11:14.28500,1926.500,41
03:11:14.61300,1926.750,33
03:11:14.89800,1926.750,1
03:11:15.85900,1926.750,1
03:11:16.57400,1926.750,8
03:11:17.02700,1926.750,2
03:11:17.71800,1926.750,4
03:11:18.73400,1926.750,56
03:11:19.26100,1926.750,6
03:11:19.58900,1926.750,2
03:11:20.04200,1926.500,2
03:11:21.51900,1926.750,1
03:11:22.13600,1926.500,17
03:11:22.22200,1926.500,1
03:11:24.03900,1926.750,1
03:11:27.78900,1926.750,1
03:11:28.18300,1926.500,78
03:11:28.39800,1926.250,241
03:11:28.49600,1926.250,22
03:11:28.58900,1926.250,9
03:11:28.82000,1926.500,1
03:11:30.25000,1926.500,11
03:11:31.13200,1926.500,26
03:11:31.36700,1926.500,7
03:11:31.89400,1926.500,14
03:11:32.65600,1926.500,1
03:11:33.63600,1926.500,10
03:11:34.00000,1926.500,1
03:11:34.88200,1926.500,1
03:11:35.19500,1926.500,1
03:11:35.42500,1926.500,1
03:11:42.03500,1926.500,12
03:11:42.61700,1926.500,30
03:11:43.42500,1926.500,3
03:11:44.16400,1926.500,1
03:11:44.43300,1926.500,1
03:11:46.52700,1926.500,16
03:11:46.79200,1926.250,15
03:11:48.83500,1926.250,24
03:11:53.22600,1926.500,49
03:11:54.51500,1926.250,25
03:11:54.84300,1925.500,642
03:11:54.92900,1925.750,63
03:11:55.06600,1926.000,162
03:11:55.13200,1926.000,18
03:11:55.42100,1926.000,41
03:11:55.66000,1926.250,9
03:11:55.75700,1926.000,8
03:11:55.89800,1926.000,11
03:11:55.96000,1926.000,1
03:11:56.42500,1926.000,27
03:11:56.45300,1926.000,1
03:11:56.66700,1926.000,1
03:11:57.02300,1926.000,8
03:11:57.43300,1926.000,7
03:11:57.59700,1926.000,7
03:11:57.71000,1926.000,2
03:11:57.87500,1926.000,1
03:11:58.45700,1925.750,22
03:11:58.62800,1926.000,2
03:11:58.89800,1926.000,3
03:11:59.14800,1926.000,2
03:11:59.51500,1926.000,11
03:11:59.75300,1925.750,3
03:12:00.48000,1926.000,5
03:12:00.62500,1926.000,17
03:12:00.75300,1926.000,1
03:12:01.39400,1926.000,3
03:12:01.86300,1926.000,1
03:12:02.16700,1925.750,16
03:12:02.65200,1925.750,2
03:12:03.21800,1926.000,1
03:12:05.09700,1926.000,38
03:12:07.40600,1926.250,5
03:12:08.21000,1926.250,34
03:12:08.35100,1926.500,2
03:12:08.70300,1926.250,4
03:12:09.16400,1926.250,6
03:12:09.46000,1926.500,2
03:12:10.05000,1926.500,1
03:12:11.80000,1926.500,2
03:12:12.03100,1926.500,1
03:12:13.00000,1926.500,13
03:12:13.25000,1926.500,15
03:12:13.45300,1926.500,12
03:12:13.72600,1926.750,5
03:12:14.05800,1926.500,1
03:12:15.32000,1926.500,2
03:12:15.73000,1926.500,2
03:12:16.30400,1926.500,28
03:12:17.21800,1926.750,1
03:12:17.71400,1926.750,3
03:12:18.25000,1926.750,1
03:12:18.47600,1926.750,4
03:12:19.20700,1926.500,20
03:12:19.33500,1926.500,2
03:12:20.67500,1926.500,1
03:12:21.84300,1926.500,22
03:12:22.04600,1926.500,1
03:12:22.18700,1926.500,6
03:12:23.06200,1926.500,1
03:12:23.24600,1926.500,1
03:12:24.13600,1926.750,1
03:12:29.01900,1926.500,24
03:12:32.87100,1926.750,2
03:12:33.32400,1927.000,43
03:12:35.87500,1926.750,8
03:12:36.66000,1926.500,1
03:12:38.00000,1926.500,1
03:12:39.83900,1926.500,12
03:12:41.02700,1926.500,1
03:12:41.24200,1926.500,5
03:12:41.86700,1926.750,3
03:12:43.00300,1926.500,5
03:12:43.41000,1926.250,1
03:12:44.03900,1926.500,2
03:12:44.82000,1926.500,6
03:12:45.96800,1926.500,8
03:12:47.41400,1926.750,5
03:12:47.60100,1926.500,1
03:12:48.32400,1926.500,3
03:12:51.94900,1926.500,1
03:12:52.13600,1926.250,1
03:12:53.28900,1926.250,1
03:12:53.40200,1926.250,13
03:12:54.66400,1926.250,55
03:12:54.82800,1926.250,5
03:12:55.19900,1926.250,7
03:12:55.63200,1926.500,4
03:12:56.49600,1926.500,15
03:12:57.34300,1926.250,1
03:12:57.77700,1926.500,1
03:12:58.45700,1926.250,1
03:12:58.75300,1926.500,1
03:12:59.27300,1926.250,1
03:12:59.54600,1926.500,32
03:13:00.41400,1926.500,33
03:13:02.86300,1926.500,5
03:13:03.94500,1926.500,2
03:13:05.03500,1926.500,9
03:13:07.20300,1926.500,1
03:13:07.56600,1926.250,57
03:13:07.56600,1926.250,11
03:13:07.65200,1926.250,5
03:13:08.16700,1926.250,13
03:13:08.60900,1926.250,11
03:13:09.83500,1926.250,2
03:13:13.43300,1926.250,33
03:13:13.83500,1926.250,9
03:13:15.14800,1926.250,18
03:13:15.92900,1926.250,7
03:13:16.44900,1926.500,1
03:13:17.26500,1926.250,11
03:13:19.12800,1926.250,1
03:13:19.19100,1926.500,4
03:13:20.57000,1926.250,4
03:13:22.78100,1926.000,58
03:13:23.27700,1926.250,1
03:13:27.44500,1926.250,45
03:13:28.69500,1926.250,111
03:13:28.93300,1926.250,4
03:13:30.00000,1926.500,1
03:13:33.02700,1926.500,1
03:13:35.70700,1926.500,48
03:13:36.66400,1926.500,7
03:13:38.11300,1926.500,14
03:13:38.80800,1926.500,1
03:13:39.29600,1926.250,1
03:13:39.54200,1926.250,4
03:13:41.83500,1926.500,31
03:13:43.30000,1926.250,1
03:13:47.34300,1926.500,1
03:13:47.87100,1926.250,1
03:13:48.02700,1926.500,1
03:13:53.18700,1926.250,58
03:13:54.39000,1926.250,1
03:13:55.65600,1926.250,22
03:13:59.67500,1926.250,11
03:14:03.35900,1926.500,2
03:14:03.92500,1926.250,12
03:14:04.38600,1926.500,6
03:14:04.90500,1926.500,9
03:14:04.96800,1926.500,4
03:14:05.61700,1926.500,7
03:14:07.87500,1926.500,4
03:14:08.62800,1926.500,1
03:14:10.60500,1926.250,19
03:14:11.26500,1926.250,21
03:14:11.73800,1926.250,1
03:14:11.85900,1926.250,1
03:14:12.17900,1926.250,1
03:14:22.51100,1926.500,5
03:14:22.65600,1926.500,25
03:14:28.86300,1926.500,1
03:14:29.33200,1926.500,1
03:14:30.29200,1926.500,30
03:14:30.78900,1926.500,5
03:14:33.69100,1926.500,2
03:14:34.58500,1926.500,6
03:14:35.07400,1926.500,12
03:14:37.69100,1926.250,38
03:14:38.24200,1926.250,3
03:14:40.76100,1926.250,13
03:14:41.04200,1926.500,50
03:14:41.25700,1926.250,1
03:14:41.75000,1926.500,1
03:14:41.95700,1926.250,28
03:14:43.30800,1926.250,4
03:14:45.37800,1926.250,12
03:14:45.91700,1926.250,6
03:14:47.10900,1926.250,1
03:14:47.73400,1926.250,4
03:14:47.93700,1926.250,3
03:14:49.66400,1926.250,49
03:14:49.87800,1926.250,4
03:14:50.48000,1926.250,2
03:14:50.68300,1926.250,4
03:14:51.36300,1926.250,4
03:14:52.73800,1926.000,2
03:14:53.03900,1926.250,4
03:14:57.51100,1926.000,4
03:14:59.15600,1926.000,1
03:14:59.87800,1926.000,45
03:15:00.40200,1925.750,12
03:15:00.69900,1925.750,1
03:15:01.14000,1926.000,1
03:15:03.46000,1925.750,47
03:15:04.69500,1925.750,1
03:15:05.03900,1925.750,22
03:15:06.01500,1925.500,66
03:15:06.10900,1925.500,9
03:15:06.43300,1925.500,15
03:15:06.44500,1925.500,1
03:15:06.60100,1925.500,3
03:15:06.87800,1925.750,2
03:15:07.27700,1925.750,1
03:15:08.83900,1925.500,30
03:15:08.94500,1925.500,1
03:15:10.08200,1925.500,3
03:15:10.38200,1925.250,2
03:15:10.50000,1925.250,22
03:15:11.27300,1925.250,3
03:15:11.56600,1925.250,1
03:15:11.96800,1925.500,1
03:15:12.50300,1925.250,22
03:15:13.44500,1925.500,2
03:15:14.59700,1925.500,3
03:15:14.77700,1925.750,83
03:15:15.72600,1925.500,11
03:15:16.40200,1925.500,6
03:15:16.56200,1925.500,1
03:15:17.34300,1925.500,6
03:15:17.80400,1925.500,1
03:15:17.91700,1925.500,2
03:15:19.09700,1925.500,1
03:15:19.28100,1925.750,1
03:15:20.06200,1925.500,1
03:15:20.78100,1925.500,1
03:15:22.83500,1925.750,1
03:15:26.19900,1925.500,20
03:15:26.58200,1925.500,1
03:15:27.69900,1925.500,1
03:15:32.79200,1925.500,1
03:15:33.52700,1925.750,2
03:15:33.94100,1925.750,58
03:15:35.63600,1925.750,22
03:15:36.32800,1925.750,9
03:15:36.96400,1925.750,1
03:15:39.31600,1925.750,12
03:15:40.41700,1925.750,1
03:15:40.88200,1925.750,10
03:15:41.16700,1925.500,1
03:15:41.44500,1925.750,2
03:15:42.39800,1925.750,58
03:15:42.49200,1925.750,1
03:15:42.89000,1926.000,1
03:15:43.56200,1926.000,1
03:15:44.17500,1925.750,3
03:15:50.33900,1926.000,75
03:15:50.51100,1926.000,3
03:15:51.04200,1926.000,18
03:15:51.78900,1926.000,6
03:15:54.44500,1926.000,11
03:15:54.61300,1925.750,4
03:15:55.65200,1926.250,9
03:15:56.89000,1926.000,17
03:15:57.03100,1926.000,3
03:15:57.88600,1926.000,5
03:15:58.64800,1926.000,1
03:16:06.80000,1926.000,13
03:16:07.71000,1926.000,1
03:16:08.76900,1925.750,6
03:16:09.31600,1926.000,4
03:16:09.66000,1926.250,13
03:16:10.02700,1926.000,2
03:16:10.37500,1925.750,1
03:16:10.81600,1926.000,10
03:16:13.16700,1926.000,1
03:16:14.96800,1926.000,1
03:16:17.35100,1926.000,11
03:16:18.68700,1926.000,12
03:16:19.19100,1926.000,5
03:16:20.25300,1926.000,53
03:16:20.38200,1926.000,9
03:16:20.74600,1926.000,1
03:16:21.13200,1925.750,5
03:16:23.53900,1926.000,1
03:16:29.91000,1926.000,81
03:16:31.53500,1925.750,1
03:16:31.75300,1926.000,4
03:16:32.83900,1926.250,26
03:16:36.18300,1926.000,22
03:16:36.58900,1926.000,1
03:16:37.24200,1926.000,1
03:16:38.53500,1926.000,1
03:16:39.23000,1926.000,34
03:16:39.74600,1926.000,7
03:16:43.51500,1926.000,41
03:16:44.12800,1926.000,10
03:16:45.30000,1926.000,1
03:16:48.65600,1926.000,1
03:16:50.85500,1926.000,9
03:16:51.43700,1926.250,28
03:16:53.56200,1926.250,20
03:16:54.00700,1926.250,12
03:16:56.83200,1926.250,3
03:16:57.47600,1926.250,1
03:16:59.26900,1926.250,10
03:17:00.10900,1926.000,68
03:17:00.19100,1926.000,9
03:17:00.58500,1926.250,2
03:17:00.70300,1926.000,22
03:17:02.86700,1925.750,33
03:17:02.91000,1925.750,18
03:17:03.40600,1925.750,1
03:17:05.85500,1925.750,1
03:17:08.13200,1925.500,9
03:17:10.57400,1925.750,50
03:17:11.31200,1925.500,10
03:17:12.33500,1925.750,1
03:17:13.66700,1925.500,1
03:17:14.02300,1925.500,10
03:17:16.14800,1925.500,2
03:17:16.71800,1925.750,41
03:17:17.37500,1925.750,10
03:17:17.92900,1925.500,10
03:17:20.74600,1925.750,26
03:17:24.51500,1925.750,2
03:17:27.60900,1925.750,2
03:17:27.87100,1925.750,1
03:17:30.67100,1925.750,19
03:17:31.44900,1925.750,37
03:17:32.83200,1925.750,22
03:17:33.11300,1925.750,2
03:17:33.26900,1925.750,1
03:17:33.92500,1925.750,4
03:17:36.70700,1925.750,9
03:17:38.75700,1925.750,1
03:17:41.29200,1925.750,1
03:17:41.29600,1925.750,31
03:17:42.16700,1926.000,10
03:17:42.50300,1925.750,1
03:17:44.58500,1925.750,4
03:17:47.16700,1925.500,1
03:17:48.09300,1925.750,13
03:17:50.82000,1925.750,23
03:17:51.00000,1925.750,6
03:17:51.28100,1925.750,1
03:17:51.44100,1925.750,7
03:17:51.53500,1926.000,3
03:17:51.95700,1926.000,3
03:17:54.22200,1925.750,1
03:17:55.96400,1926.000,1
03:17:57.54600,1925.750,1
03:17:57.87100,1925.750,2
03:17:59.05400,1925.750,16
03:18:05.61300,1925.750,20
03:18:05.71000,1925.750,19
03:18:08.13200,1925.500,101
03:18:08.51100,1925.500,45
03:18:08.88200,1925.500,5
03:18:09.46800,1925.500,8
03:18:09.57000,1925.500,19
03:18:10.76100,1925.250,112
03:18:12.40200,1925.250,14
03:18:13.42500,1925.250,128
03:18:13.64800,1925.000,3
03:18:16.58500,1925.250,309
03:18:16.83200,1925.250,7
03:18:17.02700,1925.250,76
03:18:17.19100,1925.250,1
03:18:17.33900,1925.250,1
03:18:17.49600,1925.250,2
03:18:19.23800,1925.500,29
03:18:20.00000,1925.250,2
03:18:23.27700,1925.250,35
03:18:23.45300,1925.500,4
03:18:27.35500,1925.250,23
03:18:27.55000,1925.250,1
03:18:28.68700,1925.250,44
03:18:30.38600,1925.250,2
03:18:31.76900,1925.250,3
03:18:32.01100,1925.250,40
03:18:32.94100,1925.250,1
03:18:34.86700,1925.250,1
03:18:39.05400,1925.250,1
03:18:39.80800,1925.250,6
03:18:40.28900,1925.250,69
03:18:40.33200,1925.250,5
03:18:40.54600,1925.000,4
03:18:42.51900,1925.250,1
03:18:42.67900,1925.000,211
03:18:44.77700,1925.000,5
03:18:45.40200,1925.000,2
03:18:45.79200,1925.000,4
03:18:47.37800,1925.000,20
03:18:48.15600,1925.000,5
03:18:48.49600,1925.000,1
03:18:48.75700,1924.750,44
03:18:48.80800,1924.750,1
03:18:49.72600,1925.000,12
03:18:53.92500,1924.750,8
03:18:54.01100,1924.750,51
03:18:54.43300,1924.750,8
03:18:55.06200,1924.750,10
03:18:56.75000,1924.750,32
03:18:57.79600,1924.750,8
03:18:59.01500,1924.500,4
03:18:59.39400,1924.750,1
03:19:00.30800,1924.500,4
03:19:00.40600,1924.750,1
03:19:00.96400,1924.750,34
03:19:01.23400,1925.000,1
03:19:01.89000,1924.750,11
03:19:02.68300,1924.750,18
03:19:03.20300,1924.750,1
03:19:04.08200,1925.000,87
03:19:05.28500,1925.000,84
03:19:06.17500,1925.000,10
03:19:07.65200,1925.000,2
03:19:08.42500,1925.250,36
03:19:08.66400,1925.500,3
03:19:09.03100,1925.250,1
03:19:09.24200,1925.500,17
03:19:09.83900,1925.500,1
03:19:10.33500,1925.750,8
03:19:10.39400,1925.500,4
03:19:10.71000,1925.500,8
03:19:11.37100,1925.500,1
03:19:11.83500,1925.500,1
03:19:12.11300,1925.750,1
03:19:12.33200,1925.500,91
03:19:12.44900,1925.500,6
03:19:13.11300,1925.500,120
03:19:13.95700,1925.500,95
03:19:13.96000,1925.500,7
03:19:15.53900,1925.500,3
03:19:16.52700,1925.500,1
03:19:16.71000,1925.750,10
03:19:18.08900,1925.500,6
03:19:18.66700,1925.500,5
03:19:19.05800,1925.500,1
03:19:20.36300,1925.500,13
03:19:20.59300,1925.500,1
03:19:21.28900,1925.500,6
03:19:21.45300,1925.250,30
03:19:23.81600,1925.250,1
03:19:25.93700,1925.500,7
03:19:26.54600,1925.500,11
03:19:27.07400,1925.250,1
03:19:28.61700,1925.500,7
03:19:29.03100,1925.500,7
03:19:33.25000,1925.250,1
03:19:36.19900,1925.500,1
03:19:39.15200,1925.250,1
03:19:40.39000,1925.250,1
03:19:41.79600,1925.250,33
03:19:43.10100,1925.000,1
03:19:43.31600,1925.000,63
03:19:43.38200,1925.000,9
03:19:44.01500,1924.750,2
03:19:44.77300,1925.000,12
03:19:46.30000,1925.000,37
03:19:49.81200,1925.000,3
03:19:50.74600,1925.000,3
03:19:51.61700,1925.250,28
03:19:52.13600,1925.250,16
03:19:54.05400,1925.250,5
03:19:56.61700,1925.250,16
03:19:58.28100,1925.250,2
03:20:01.89000,1925.250,4
03:20:04.21400,1925.000,44
03:20:05.66700,1925.000,9
03:20:06.44900,1925.000,33
03:20:07.39400,1925.000,34
03:20:07.59700,1925.000,1
03:20:12.45300,1925.000,11
03:20:14.04600,1924.750,1
03:20:15.80000,1925.000,5
03:20:16.08500,1925.000,8
03:20:17.33900,1925.250,1
03:20:18.58500,1925.000,3
03:20:19.74200,1925.250,1
03:20:21.55400,1925.000,1
03:20:22.66400,1925.000,73
03:20:25.62500,1924.750,61
03:20:28.00000,1924.750,20
03:20:32.30000,1925.000,25
03:20:33.27300,1924.750,1
03:20:33.32400,1925.000,3
03:20:33.94900,1924.750,4
03:20:34.29600,1925.000,1
03:20:36.85100,1925.000,45
03:20:37.00700,1925.000,1
03:20:37.46400,1925.000,4
03:20:37.69100,1925.000,16
03:20:40.55000,1924.750,2
03:20:43.21400,1925.000,89
03:20:44.61300,1925.000,3
03:20:47.83500,1925.000,8
03:20:47.94100,1925.000,11
03:20:50.05400,1925.000,2
03:20:50.23000,1925.000,25
03:20:51.38600,1925.000,2
03:20:51.85100,1925.250,2
03:20:54.04200,1925.000,3
03:20:54.32400,1925.250,30
03:20:55.25300,1925.250,14
03:20:58.34700,1925.250,1
03:21:01.03500,1925.000,30
03:21:01.31200,1924.750,1
03:21:01.44100,1925.000,54
03:21:02.32000,1925.000,1
03:21:06.48400,1925.000,26
03:21:07.00000,1925.000,1
03:21:07.24200,1925.000,25
03:21:07.82000,1925.000,1
03:21:11.39000,1925.000,3
03:21:11.56200,1925.000,12
03:21:12.86700,1925.000,1
03:21:13.51900,1925.000,11
03:21:15.07400,1925.000,20
03:21:15.63600,1925.250,20
03:21:18.71400,1925.250,3
03:21:20.01900,1925.250,2
03:21:20.77300,1925.500,21
03:21:22.82400,1925.500,2
03:21:23.75000,1925.500,1
03:21:25.46000,1925.500,12
03:21:29.16000,1926.000,32
03:21:29.37800,1925.750,1
03:21:29.93300,1925.750,1
03:21:30.46000,1925.750,30
03:21:32.03100,1925.500,5
03:21:32.89400,1925.500,17
03:21:33.30400,1925.750,1
03:21:35.46400,1925.500,52
03:21:35.72200,1925.500,9
03:21:35.89400,1925.500,6
03:21:37.69900,1925.500,13
03:21:37.85900,1925.500,2
03:21:38.05800,1925.500,1
03:21:38.54200,1925.750,1
03:21:39.09700,1925.750,20
03:21:40.73400,1925.500,34
03:21:41.88600,1925.750,1
03:21:42.27300,1925.500,2
03:21:42.46000,1925.500,1
03:21:42.60500,1925.500,2
03:21:42.79200,1925.500,1
03:21:46.32400,1925.250,12
03:21:46.82000,1925.250,8
03:21:49.04200,1925.250,2
03:21:49.79600,1925.500,53
03:21:50.26500,1925.500,3
03:21:51.85500,1925.500,15
03:21:53.14800,1925.750,12
03:21:55.00300,1925.500,14
03:21:55.67500,1925.500,58
03:21:56.65200,1925.500,5
03:21:57.26900,1925.750,1
03:21:58.60100,1925.500,9
03:21:59.43300,1925.500,1
03:22:03.45300,1925.750,60
03:22:03.79600,1925.750,8
03:22:04.20700,1925.750,9
03:22:04.67500,1925.750,1
03:22:06.01900,1925.750,6
03:22:08.88600,1926.000,12
03:22:09.93700,1926.000,11
03:22:10.27300,1926.000,6
03:22:10.37800,1926.000,13
03:22:13.83200,1926.000,2
03:22:14.27700,1926.000,1
03:22:14.64400,1926.250,76
03:22:15.24600,1926.250,21
03:22:16.25700,1926.250,1
03:22:16.88200,1926.250,16
03:22:17.20300,1926.250,21
03:22:18.79600,1926.500,9
03:22:18.97200,1926.250,20
03:22:21.01100,1926.250,5
03:22:22.65600,1926.000,41
03:22:22.75300,1926.000,23
03:22:23.89800,1926.250,1
03:22:25.69100,1926.250,17
03:22:25.91700,1926.250,1
03:22:26.73000,1926.250,1
03:22:29.14800,1926.500,1
03:22:29.33200,1926.500,3
03:22:30.07400,1926.500,1
03:22:30.37100,1926.500,1
03:22:31.01900,1926.500,1
03:22:31.20700,1926.250,1
03:22:32.96400,1926.750,53
03:22:33.46000,1926.500,20
03:22:33.79200,1926.500,13
03:22:34.20700,1926.500,2
03:22:35.68700,1926.250,48
03:22:35.96800,1926.500,2
03:22:38.64800,1926.250,40
03:22:39.71400,1926.250,1
03:22:40.36700,1926.000,83
03:22:42.25700,1926.500,105
03:22:42.32800,1926.500,2
03:22:42.60100,1926.500,2
03:22:44.76100,1926.500,4
03:22:44.90200,1926.500,13
03:22:45.69500,1926.500,2
03:22:47.71000,1926.500,1
03:22:48.26900,1926.500,5
03:22:48.80800,1926.500,3
03:22:50.71800,1926.500,5
03:22:53.00300,1926.500,2
03:22:54.19500,1926.500,51
03:22:54.69100,1926.750,44
03:22:55.62500,1926.500,1
03:22:55.71000,1926.250,4
03:22:56.74200,1926.500,4
03:22:58.54200,1926.500,1
03:23:01.05000,1926.500,4
03:23:01.73000,1926.250,81
03:23:02.03900,1926.500,90
03:23:05.59700,1926.500,36
03:23:05.93300,1926.500,49
03:23:06.04200,1926.500,6
03:23:06.70700,1926.500,6
03:23:07.45700,1926.500,11
03:23:08.04600,1926.500,5
03:23:08.19500,1926.500,16
03:23:09.10900,1926.500,1
03:23:12.45700,1926.500,2
03:23:12.71000,1926.500,27
03:23:14.80000,1926.500,3
03:23:15.01500,1926.500,12
03:23:16.19900,1926.500,1
03:23:17.91400,1926.500,15
03:23:18.12100,1926.250,12
03:23:20.07000,1926.500,17
03:23:21.46000,1926.250,14
03:23:26.74600,1926.250,55
03:23:29.04600,1926.250,4
03:23:32.05400,1926.500,37
03:23:33.39400,1926.500,10
03:23:34.07800,1926.500,17
03:23:37.10900,1927.000,119
03:23:39.62100,1927.000,1
03:23:39.88600,1926.750,253
03:23:40.89800,1927.000,2
03:23:41.85100,1927.000,1
03:23:42.18300,1927.000,372
03:23:42.33900,1927.250,102
03:23:42.63200,1927.000,5
03:23:42.96400,1927.000,4
03:23:43.28900,1927.250,1
03:23:43.79600,1927.250,19
03:23:44.07400,1927.500,6
03:23:45.48400,1927.250,21
03:23:45.87800,1927.250,1
03:23:46.28100,1927.000,4
03:23:46.72600,1927.250,1
03:23:49.81200,1927.250,83
03:23:56.67500,1927.500,3
03:23:57.05400,1927.250,1
03:23:57.95700,1927.000,11
03:23:59.50000,1927.250,10
03:24:01.58900,1927.250,12
03:24:05.12100,1927.500,54
03:24:05.89000,1927.500,1
03:24:07.73000,1927.750,8
03:24:07.88200,1927.750,1
03:24:09.13600,1927.750,1
03:24:10.00700,1927.500,2
03:24:12.22200,1927.500,1
03:24:12.54600,1927.500,10
03:24:12.72200,1927.500,2
03:24:14.12500,1927.500,10
03:24:14.24200,1927.750,2
03:24:14.47200,1927.500,1
03:24:14.60500,1927.500,4
03:24:16.48400,1927.500,7
03:24:17.92500,1927.500,1
03:24:18.01500,1927.500,2
03:24:18.81600,1927.500,1
03:24:19.58500,1927.500,12
03:24:19.71400,1927.500,2
03:24:19.80800,1927.500,3
03:24:21.25700,1927.500,1
03:24:21.62800,1927.250,2
03:24:22.57800,1927.250,3
03:24:25.67900,1927.250,1
03:24:28.88600,1927.250,1
03:24:29.50300,1927.500,69
03:24:31.11700,1927.250,19
03:24:32.37800,1927.500,10
03:24:32.85100,1927.500,49
03:24:33.87800,1927.500,14
03:24:36.54200,1927.500,10
03:24:36.92900,1927.500,1
03:24:37.28500,1927.250,15
03:24:37.40600,1927.250,1
03:24:38.37500,1927.500,5
03:24:39.70300,1927.500,1
03:24:42.78900,1927.500,21
03:24:43.51500,1927.500,1
03:24:44.22200,1927.500,15
03:24:44.85100,1927.500,1
03:24:45.34300,1927.500,13
03:24:47.47600,1927.250,16
03:24:47.70300,1927.250,5
03:24:50.57800,1927.500,1
03:24:52.19100,1927.250,20
03:24:52.34300,1927.250,3
03:24:53.53100,1927.250,12
03:24:55.32800,1927.250,1
03:24:59.05800,1927.250,1
03:24:59.64800,1927.500,10
03:24:59.92900,1927.500,1
03:25:08.05000,1927.500,44
03:25:09.47600,1927.250,39
03:25:10.50000,1927.250,1
03:25:11.05000,1927.250,1
03:25:11.39000,1927.250,2
03:25:12.61700,1927.500,1
03:25:13.53900,1927.250,1
03:25:13.80000,1927.250,11
03:25:15.30400,1927.250,5
03:25:21.05400,1927.000,1
03:25:23.28100,1927.000,1
03:25:25.18300,1927.000,353
03:25:25.72600,1927.250,20
03:25:26.05000,1927.250,3
03:25:26.73800,1927.250,1
03:25:28.78100,1927.250,17
03:25:29.87500,1927.500,11
03:25:33.41400,1927.250,1
03:25:33.80000,1927.250,1
03:25:34.38600,1927.250,7
03:25:35.63200,1927.500,1
03:25:37.68700,1927.250,1
03:25:41.41700,1927.500,18
03:25:41.56600,1927.500,7
03:25:42.13600,1927.500,3
03:25:42.57800,1927.500,10
03:25:42.78100,1927.250,17
03:25:46.08200,1927.500,1
03:25:51.41700,1927.250,54
03:25:52.83500,1927.250,10
03:25:53.04600,1927.250,6
03:25:53.57400,1927.250,1
03:25:59.45300,1927.500,31
03:26:01.89800,1927.500,3
03:26:03.79600,1927.250,10
03:26:04.42900,1927.500,1
03:26:04.75000,1927.500,1
03:26:07.22600,1927.500,21
03:26:09.14000,1927.250,11
03:26:09.74200,1927.250,2
03:26:12.18700,1927.250,2
03:26:13.81600,1927.250,1
03:26:15.25300,1927.250,24
03:26:17.62100,1927.250,7
03:26:21.64400,1927.250,20
03:26:23.42500,1927.500,7
03:26:29.46000,1927.500,10
03:26:34.35100,1927.250,30
03:26:34.69100,1927.250,16
03:26:37.17500,1927.250,3
03:26:38.28900,1927.250,327
03:26:38.79200,1927.000,1
03:26:40.11300,1927.250,320
03:26:44.86700,1927.250,1
03:26:50.27300,1927.000,1
03:26:50.71400,1927.250,1
03:26:54.88200,1927.000,253
03:26:54.96400,1926.750,58
03:26:55.07800,1926.750,2
03:26:55.48400,1926.750,5
03:26:56.76500,1927.000,38
03:26:56.85900,1927.000,11
03:26:59.39400,1927.000,10
03:27:01.14800,1927.000,61
03:27:02.29600,1926.750,1
03:27:03.14800,1927.000,2
03:27:03.28500,1927.000,39
03:27:03.81600,1927.000,2
03:27:06.75700,1926.750,43
03:27:07.15600,1927.000,1
03:27:07.82800,1926.750,12
03:27:08.39800,1926.500,50
03:27:08.58500,1926.500,1
03:27:08.72200,1926.500,1
03:27:08.79200,1926.750,1
03:27:09.25000,1926.500,33
03:27:12.76100,1926.500,1
03:27:12.87500,1926.750,10
03:27:13.65600,1926.500,2
03:27:13.95300,1926.500,48
03:27:14.53900,1926.500,1
03:27:14.69100,1926.500,5
03:27:17.93700,1926.750,49
03:27:19.73400,1926.750,1
03:27:20.08900,1926.750,49
03:27:21.04200,1926.750,13
03:27:21.16700,1926.750,2
03:27:21.30800,1927.000,17
03:27:23.03100,1926.750,11
03:27:24.64800,1927.000,19
03:27:25.07000,1927.000,8
03:27:25.20700,1927.000,1
03:27:26.24200,1926.750,70
03:27:26.63200,1926.750,12
03:27:26.78100,1926.750,5
03:27:29.38600,1926.750,15
03:27:29.84300,1926.500,32
03:27:29.93300,1926.500,9
03:27:30.75300,1926.500,6
03:27:31.31200,1926.500,7
03:27:31.59700,1926.500,2
03:27:32.59300,1926.500,11
03:27:33.41700,1926.750,143
03:27:33.50000,1926.750,1
03:27:33.94900,1926.750,2
03:27:35.01100,1926.750,13
03:27:38.55400,1926.500,6
03:27:38.67500,1926.500,1
03:27:38.78900,1926.500,25
03:27:41.46400,1926.500,1
03:27:41.58900,1926.500,29
03:27:42.80800,1926.500,3
03:27:43.62100,1926.500,1
03:27:45.31200,1926.250,1
03:27:45.39400,1926.250,22
03:27:46.60500,1926.250,20
03:27:50.51900,1926.250,1
03:27:50.74600,1926.250,1
03:27:53.02700,1926.500,61
03:27:54.53500,1926.500,4
03:27:54.73800,1926.750,33
03:27:54.78500,1926.750,6
03:27:54.81200,1926.750,14
03:27:55.74200,1926.500,2
03:27:57.31200,1926.500,1
03:27:59.90600,1926.750,10
03:28:04.67500,1926.500,161
03:28:05.00700,1926.500,23
03:28:05.34300,1926.500,4
03:28:05.51500,1926.750,25
03:28:05.89000,1926.750,3
03:28:07.83200,1926.750,1
03:28:07.96400,1926.750,32
03:28:10.09700,1927.000,46
03:28:10.15200,1927.000,4
03:28:11.07800,1927.000,17
03:28:13.75000,1927.250,5
03:28:14.03100,1927.250,23
03:28:22.97200,1927.500,18
03:28:25.06200,1927.250,5
03:28:26.07800,1927.500,1
03:28:26.57400,1927.500,5
03:28:27.29600,1927.500,2
03:28:27.44100,1927.500,22
03:28:27.66400,1927.250,3
03:28:27.93700,1927.500,2
03:28:28.89800,1927.500,5
03:28:29.38200,1927.750,26
03:28:30.32800,1927.500,39
03:28:30.71400,1927.500,1
03:28:31.87500,1927.500,25
03:28:31.97200,1927.500,5
03:28:33.68700,1927.250,2
03:28:36.67900,1927.500,1
03:28:39.94900,1927.500,1
03:28:40.30400,1927.500,1
03:28:40.66400,1927.250,1
03:28:42.70300,1927.250,19
03:28:44.82400,1927.000,15
03:28:45.32000,1927.250,1
03:28:48.30000,1927.250,1
03:28:50.90200,1927.000,17
03:28:51.30800,1927.000,53
03:28:52.18300,1927.000,7
03:28:54.22200,1927.250,22
03:28:56.17100,1927.250,4
03:28:56.35100,1927.250,6
03:28:57.10500,1927.250,1
03:28:57.18700,1927.250,3
03:28:58.32400,1927.500,4
03:29:03.86300,1927.250,2
03:29:04.21400,1927.250,3
03:29:06.18300,1927.500,3
03:29:08.43700,1927.000,30
03:29:09.77300,1927.250,13
03:29:10.05800,1927.250,2
03:29:13.71400,1927.500,36
03:29:14.73000,1927.250,3
03:29:17.68300,1927.500,4
03:29:19.68700,1927.500,6
03:29:22.35100,1927.500,1
03:29:24.90200,1927.500,58
03:29:25.80800,1927.500,1
03:29:26.37100,1927.500,7
03:29:28.33900,1927.750,1
03:29:28.55800,1927.500,1
03:29:32.11300,1927.750,67
03:29:33.13600,1928.000,74
03:29:33.30800,1928.250,4
03:29:33.51100,1928.000,2
03:29:35.15200,1928.250,1
03:29:36.07000,1928.000,44
03:29:36.15600,1928.000,4
03:29:37.76500,1928.250,1
03:29:38.94500,1928.000,63
03:29:40.42100,1928.000,4
03:29:44.04200,1928.000,4
03:29:45.23800,1928.000,1
03:29:47.01900,1928.000,6
03:29:47.14800,1928.000,1
03:29:47.87800,1928.000,2
03:29:49.87800,1927.750,26
03:29:50.11300,1927.750,7
03:29:50.54200,1927.750,7
03:29:54.60100,1927.750,2
03:29:55.26900,1927.750,7
03:29:58.80800,1928.000,5
03:29:59.08500,1927.750,1
03:30:00.18300,1927.750,5
03:30:00.89800,1927.750,5
03:30:05.73000,1928.000,66
03:30:05.89800,1928.000,2
03:30:07.19900,1928.000,1
03:30:07.75300,1928.000,3
03:30:08.67500,1928.000,3
03:30:10.39800,1928.250,40
03:30:10.55000,1928.250,1
03:30:11.30400,1928.250,1
03:30:12.04200,1928.250,2
03:30:13.37100,1928.250,1
03:30:15.43300,1928.250,1
03:30:16.10500,1928.250,1
03:30:17.44500,1928.500,95
03:30:17.89800,1928.750,28
03:30:18.08500,1928.750,1
03:30:18.36300,1928.500,19
03:30:18.51900,1928.250,1
03:30:18.78500,1928.500,1
03:30:19.53500,1928.500,9
03:30:19.78100,1928.500,1
03:30:20.45700,1928.500,11
03:30:20.76100,1928.250,3
03:30:21.02700,1928.250,4
03:30:21.78500,1928.250,5
03:30:22.06600,1928.250,25
03:30:27.96400,1928.500,2
03:30:28.23800,1928.500,29
03:30:28.47600,1928.500,78
03:30:29.21400,1928.750,1
03:30:29.72600,1928.500,1
03:30:30.26500,1928.500,1
03:30:30.47600,1928.500,25
03:30:30.56600,1928.500,1
03:30:31.54600,1928.500,3
03:30:32.50300,1928.500,7
03:30:34.80000,1928.250,2
03:30:38.26900,1928.250,42
03:30:38.58200,1928.250,2
03:30:38.87500,1928.250,1
03:30:40.32800,1928.250,3
03:30:44.87100,1928.000,16
03:30:45.14000,1928.000,2
03:30:46.41400,1928.000,2
03:30:46.78900,1928.000,19
03:30:47.69900,1928.250,24
03:30:48.82400,1928.250,10
03:30:52.36700,1928.500,18
03:30:52.81200,1928.500,2
03:30:53.19100,1928.750,13
03:30:53.37800,1928.750,28
03:30:53.49600,1928.750,13
03:30:53.89400,1928.750,5
03:30:55.22200,1928.750,14
03:30:55.73400,1928.750,1
03:30:59.30400,1928.750,1
03:31:00.27300,1928.750,71
03:31:00.39400,1928.750,1
03:31:00.43700,1929.000,1
03:31:01.57800,1929.000,1
03:31:02.45700,1929.000,6
03:31:03.41700,1928.750,5
03:31:06.59700,1928.750,29
03:31:07.45300,1928.750,13
03:31:08.37800,1928.750,1
03:31:08.82400,1928.750,1
03:31:11.44500,1928.750,2
03:31:11.68300,1928.500,5
03:31:11.88600,1928.500,19
03:31:12.47600,1928.500,6
03:31:12.78900,1928.750,2
03:31:14.88600,1928.500,4
03:31:15.07000,1928.500,16
03:31:15.83200,1928.500,5
03:31:16.10900,1928.500,2
03:31:18.25700,1928.750,25
03:31:18.47200,1928.750,11
03:31:18.70700,1929.000,1
03:31:21.50700,1928.500,25
03:31:21.59700,1928.500,10
03:31:22.37100,1928.500,14
03:31:23.35500,1928.500,1
03:31:23.55800,1928.500,1
03:31:25.35100,1928.500,25
03:31:26.57800,1928.750,1
03:31:26.85100,1928.750,1
03:31:27.88200,1928.750,3
03:31:31.53100,1928.500,9
03:31:32.06600,1928.750,34
03:31:32.85900,1928.500,5
03:31:34.21400,1928.500,1
03:31:34.25700,1928.500,1
03:31:38.14400,1928.500,10
03:31:39.01100,1928.750,1
03:31:41.28500,1928.500,1
03:31:42.51500,1928.500,1
03:31:42.74600,1928.500,1
03:31:44.28500,1928.750,1
03:31:44.33500,1928.750,2
03:31:44.88600,1928.500,14
03:31:45.14000,1928.750,4
03:31:45.39400,1928.500,1
03:31:47.39400,1928.500,1
03:31:48.24600,1928.750,5
03:31:49.11300,1928.500,1
03:31:49.75700,1928.750,79
03:31:51.88200,1928.750,6
03:31:54.43700,1928.750,1
03:31:56.33900,1928.750,26
03:31:56.42100,1928.750,1
03:31:56.77700,1928.500,32
03:31:57.91000,1929.000,242
03:31:57.97200,1929.000,1
03:31:58.94900,1928.750,1
03:32:00.39400,1928.750,43
03:32:00.89800,1928.750,2
03:32:03.05800,1929.000,129
03:32:04.57800,1929.000,20
03:32:04.89400,1928.750,1
03:32:05.69500,1929.000,10
03:32:06.17100,1929.000,12
03:32:09.95300,1929.000,7
03:32:12.35900,1929.000,4
03:32:12.91000,1929.000,3
03:32:16.66700,1929.000,5
03:32:16.79600,1929.000,1
03:32:17.01100,1929.000,10
03:32:19.09700,1928.750,4
03:32:20.01500,1928.750,59
03:32:20.03500,1928.750,5
03:32:20.12100,1928.750,30
03:32:20.20700,1928.750,7
03:32:21.70300,1928.750,1
03:32:21.80400,1928.750,8
03:32:24.05800,1928.750,3
03:32:24.27300,1928.750,45
03:32:24.36700,1928.750,4
03:32:24.46800,1928.750,23
03:32:25.17500,1928.750,5
03:32:26.15600,1928.750,1
03:32:26.87100,1928.750,24
03:32:26.94900,1928.750,3
03:32:27.05400,1928.750,1
03:32:28.90200,1929.000,44
03:32:29.43300,1929.000,6
03:32:29.80800,1929.000,9
03:32:32.09700,1929.000,8
03:32:32.22200,1929.000,4
03:32:32.89800,1929.000,5
03:32:35.85100,1929.000,5
03:32:44.00700,1929.000,15
03:32:44.55400,1929.000,1
03:32:44.87800,1929.000,17
03:32:45.25300,1929.000,6
03:32:46.41400,1929.000,1
03:32:51.50000,1928.750,1
03:32:53.66400,1928.750,46
03:32:54.08500,1928.750,13
03:32:55.09700,1928.750,16
03:33:07.89400,1929.000,37
03:33:08.40600,1929.000,31
03:33:09.38200,1928.750,1
03:33:10.22200,1929.000,21
03:33:11.60900,1929.000,6
03:33:12.81200,1929.250,1
03:33:13.10100,1929.000,2
03:33:13.92500,1929.000,6
03:33:15.10100,1929.250,43
03:33:15.76900,1929.500,11
03:33:18.88600,1929.500,1
03:33:19.05400,1929.500,1
03:33:19.42500,1929.500,41
03:33:19.44900,1929.250,5
03:33:19.88600,1929.500,3
03:33:20.66000,1929.500,52
03:33:21.36700,1929.500,2
03:33:21.92500,1929.500,11
03:33:22.84300,1929.500,7
03:33:23.43700,1929.500,4
03:33:24.41000,1929.500,3
03:33:26.54200,1929.500,21
03:33:27.02700,1929.500,1
03:33:27.34300,1929.500,6
03:33:27.59300,1929.000,459
03:33:27.80800,1929.000,14
03:33:28.32800,1929.000,13
03:33:29.33900,1929.000,1
03:33:30.23000,1929.250,10
03:33:30.71800,1929.250,25
03:33:37.85100,1929.250,19
03:33:37.96000,1929.250,2
03:33:40.57000,1929.250,3
03:33:41.27300,1929.250,1
03:33:44.50000,1929.000,53
03:33:45.80800,1929.250,21
03:33:46.25700,1929.250,5
03:33:47.20300,1929.250,72
03:33:50.72200,1929.500,30
03:33:51.48400,1929.500,1
03:33:52.50300,1929.250,1
03:33:53.74600,1929.500,17
03:33:54.71000,1929.500,3
03:33:54.82000,1929.500,5
03:33:57.42500,1929.250,23
03:33:58.48800,1929.250,10
03:33:59.22600,1929.250,1
03:34:03.66000,1929.000,6
03:34:04.10900,1929.000,1
03:34:05.27300,1929.000,17
03:34:05.66400,1929.000,5
03:34:05.74600,1929.000,13
03:34:06.05800,1928.750,2
03:34:06.63200,1929.000,11
03:34:07.44100,1929.000,2
03:34:07.65200,1928.750,5
03:34:08.29600,1929.000,3
03:34:09.96800,1929.000,7
03:34:10.55800,1929.000,5
03:34:11.41400,1929.000,3
03:34:13.72600,1929.000,14
03:34:14.10500,1929.000,2
03:34:14.51100,1929.250,22
03:34:16.49600,1929.250,15
03:34:17.79200,1929.250,7
03:34:18.05000,1929.250,1
03:34:18.84700,1929.250,1
03:34:21.69500,1929.500,35
03:34:22.83500,1929.500,63
03:34:22.92500,1929.500,3
03:34:24.47600,1929.250,105
03:34:24.85100,1929.250,1
03:34:26.26900,1929.500,26
03:34:26.52300,1929.500,13
03:34:29.24600,1929.500,8
03:34:29.40600,1929.500,1
03:34:31.77300,1929.500,1
03:34:32.13200,1929.250,50
03:34:33.66000,1929.500,5
03:34:34.86300,1929.500,43
03:34:35.68700,1929.500,26
03:34:36.43300,1929.500,2
03:34:37.27300,1929.500,3
03:34:37.71800,1929.500,3
03:34:38.93300,1929.500,44
03:34:39.42900,1929.250,11
03:34:41.57400,1929.250,1
03:34:42.58500,1929.250,2
03:34:42.68700,1929.250,1
03:34:43.01900,1929.250,3
03:34:44.04200,1929.250,3
03:34:46.60900,1929.250,85
03:34:47.54200,1929.250,7
03:34:50.79600,1929.500,17
03:34:51.25700,1929.500,4
03:34:57.64800,1929.500,25
03:35:00.32000,1929.500,5
03:35:00.64400,1929.500,1
03:35:01.05800,1929.500,1
03:35:01.43700,1929.500,31
03:35:03.29600,1929.500,5
03:35:03.56200,1929.500,4
03:35:05.27700,1929.500,1
03:35:05.42900,1929.750,4
03:35:06.57000,1929.750,1
03:35:07.76900,1929.750,5
03:35:09.69500,1929.750,1
03:35:09.93700,1929.500,1
03:35:10.31200,1929.500,25
03:35:12.22600,1929.250,25
03:35:13.07800,1929.250,4
03:35:14.07800,1929.250,10
03:35:14.33900,1929.250,1
03:35:14.56200,1929.500,25
03:35:18.60100,1929.500,4
03:35:20.81600,1929.250,5
03:35:26.37500,1929.500,6
03:35:30.50000,1929.500,31
03:35:31.78100,1929.500,1
03:35:32.57000,1929.500,1
03:35:35.32400,1929.500,1
03:35:37.20300,1929.500,13
03:35:39.60100,1929.250,1
03:35:40.90200,1929.250,53
03:35:41.05000,1929.250,1
03:35:41.94100,1929.250,8
03:35:42.75700,1929.500,1
03:35:47.73800,1929.250,7
03:35:49.16700,1929.250,1
03:35:50.93300,1929.250,1
03:35:51.13200,1929.250,4
03:35:53.35500,1929.250,6
03:35:54.21800,1929.250,8
03:35:55.01100,1929.250,4
03:35:55.21800,1929.250,7
03:35:56.04600,1929.000,1
03:36:02.94100,1929.000,2
03:36:04.58200,1929.000,5
03:36:05.18700,1929.000,36
03:36:05.43700,1929.000,1
03:36:06.29600,1929.000,8
03:36:07.60100,1929.000,3
03:36:07.74600,1929.000,2
03:36:08.04200,1929.000,10
03:36:08.58900,1929.000,8
03:36:12.73000,1929.000,21
03:36:13.69900,1929.000,17
03:36:14.30800,1929.250,18
03:36:14.89000,1929.000,2
03:36:15.80400,1929.250,19
03:36:17.01900,1929.250,4
03:36:17.32400,1929.250,14
03:36:29.21000,1929.250,1
03:36:29.69100,1929.250,3
03:36:30.07000,1929.250,31
03:36:30.13600,1929.250,14
03:36:31.84300,1929.250,1
03:36:35.62100,1929.500,2
03:36:36.08500,1929.500,38
03:36:36.64800,1929.500,6
03:36:38.60100,1929.250,2
03:36:39.25700,1929.500,10
03:36:48.80800,1929.500,20
03:36:49.65200,1929.500,2
03:36:51.16000,1929.250,1
03:36:56.28100,1929.500,6
03:36:56.60900,1929.750,1
03:36:57.55400,1929.500,6
03:36:57.78100,1929.500,1
03:36:59.06600,1929.500,1
03:36:59.72200,1929.250,15
03:37:02.72200,1929.250,25
03:37:04.66700,1929.250,8
03:37:07.58900,1929.250,6
03:37:08.66000,1929.250,13
03:37:11.43700,1929.500,44
03:37:15.48800,1929.500,22
03:37:17.18300,1929.750,1
03:37:22.59300,1929.500,60
03:37:22.63600,1929.500,1
03:37:22.73800,1929.500,5
03:37:22.85100,1929.500,3
03:37:23.26100,1929.500,5
03:37:25.88200,1929.500,15
03:37:28.07000,1929.500,6
03:37:31.08500,1929.500,1
03:37:31.91000,1929.750,5
03:37:47.64800,1929.500,2
03:37:49.04600,1929.500,22
03:37:50.83900,1929.750,18
03:37:51.91000,1929.500,14
03:37:54.67500,1929.250,19
03:37:54.83200,1929.000,1
03:37:56.53100,1929.250,2
03:37:58.21800,1929.250,14
03:37:59.96000,1929.000,46
03:38:00.43300,1929.000,2
03:38:03.38600,1929.000,1
03:38:03.56200,1929.000,28
03:38:04.12800,1929.000,2
03:38:06.15200,1929.250,1
03:38:08.48400,1929.000,1
03:38:10.48000,1929.250,20
03:38:11.09300,1929.500,29
03:38:12.24200,1929.500,10
03:38:13.21800,1929.500,2
03:38:14.11300,1929.250,1
03:38:14.66700,1929.500,2
03:38:14.73800,1929.500,3
03:38:16.32400,1929.750,6
03:38:16.80400,1929.500,1
03:38:17.22200,1929.750,4
03:38:18.25700,1929.500,1
03:38:21.47200,1929.500,1
03:38:21.96800,1929.500,1
03:38:22.79600,1929.750,2
03:38:24.33200,1929.750,1
03:38:27.53900,1929.500,1
03:38:28.49600,1929.500,1
03:38:33.02700,1929.500,63
03:38:33.67500,1929.500,10
03:38:36.14000,1929.500,1
03:38:36.15200,1929.500,18
03:38:38.28500,1929.500,4
03:38:38.87100,1929.500,12
03:38:39.76500,1929.500,4
03:38:40.37500,1929.500,1
03:38:40.85900,1929.500,1
03:38:42.17500,1929.500,5
03:38:44.47600,1929.500,18
03:38:48.04600,1929.250,9
03:38:49.30000,1929.250,5
03:38:50.68700,1929.250,4
03:38:53.33900,1929.250,1
03:38:54.78900,1929.250,11
03:38:55.15600,1929.250,1
03:38:55.85500,1929.250,14
03:38:59.14800,1929.000,5
03:39:01.62100,1929.000,44
03:39:01.83500,1929.000,7
03:39:02.68700,1929.000,4
03:39:04.89000,1929.000,19
03:39:05.73800,1929.000,3
03:39:06.57000,1929.000,2
03:39:08.80400,1929.250,3
03:39:10.23400,1929.250,2
03:39:17.78500,1929.250,13
03:39:18.19100,1929.250,1
03:39:19.87500,1929.250,6
03:39:20.19100,1929.250,3
03:39:21.81200,1929.250,4
03:39:22.67500,1929.250,12
03:39:22.91700,1929.250,1
03:39:32.52300,1929.250,1
03:39:33.56200,1929.250,5
03:39:37.51500,1929.250,5
03:39:45.28900,1929.250,8
03:39:45.76100,1929.250,6
03:39:52.59700,1929.000,22
03:39:55.66400,1929.000,5
03:39:58.19900,1929.000,3
03:39:58.51100,1929.000,5
03:39:58.66400,1929.000,3
03:39:59.27300,1929.000,9
03:40:00.66700,1929.000,12
03:40:02.60900,1929.000,2
03:40:03.40200,1929.000,1
03:40:04.62500,1929.250,2
03:40:10.78500,1929.250,34
03:40:11.59700,1929.250,16
03:40:11.66400,1929.250,15
03:40:12.01500,1929.250,1
03:40:12.19500,1929.250,5
03:40:13.39400,1929.250,39
03:40:17.37500,1929.500,61
03:40:19.41000,1929.500,1
03:40:21.13600,1929.750,2
03:40:22.57800,1929.500,28
03:40:23.17500,1929.500,7
03:40:24.92900,1929.500,4
03:40:26.01500,1929.500,12
03:40:33.69500,1929.750,50
03:40:34.07400,1929.750,1
03:40:34.69900,1929.500,6
03:40:35.49600,1929.500,4
03:40:35.68700,1929.500,1
03:40:36.10100,1929.500,5
03:40:39.02300,1929.500,17
03:40:40.02300,1929.500,29
03:40:43.44500,1929.500,10
03:40:46.50700,1929.250,42
03:40:46.55000,1929.250,1
03:40:52.58200,1929.500,16
03:40:54.87500,1929.750,106
03:40:55.76100,1930.000,19
03:40:56.10900,1930.000,2
03:40:56.29200,1929.750,1
03:40:57.50700,1930.000,1
03:41:00.38200,1929.750,6
03:41:01.83200,1929.750,24
03:41:02.22600,1929.750,1
03:41:03.81200,1930.000,1
03:41:04.78900,1930.000,1
03:41:06.00700,1930.250,262
03:41:06.07400,1930.250,2
03:41:06.13600,1930.250,1
03:41:06.30000,1930.250,6
03:41:07.20300,1930.250,1
03:41:07.36700,1930.250,18
03:41:07.51900,1930.250,7
03:41:08.07400,1930.500,64
03:41:08.28500,1930.250,2
03:41:10.82400,1930.500,1
03:41:11.70300,1930.500,16
03:41:12.17500,1930.500,1
03:41:13.31200,1930.500,14
03:41:13.83200,1930.250,1
03:41:15.93700,1930.500,16
03:41:16.40200,1930.750,5
03:41:16.89000,1930.750,1
03:41:17.74200,1930.750,22
03:41:18.87100,1930.750,1
03:41:19.28900,1930.750,1
03:41:19.69100,1930.500,1
03:41:20.55000,1930.500,14
03:41:20.81200,1930.500,11
03:41:20.88200,1930.500,3
03:41:21.32400,1930.500,1
03:41:22.33200,1930.500,6
03:41:23.06200,1930.500,20
03:41:23.13200,1930.500,4
03:41:23.23000,1930.500,3
03:41:24.47200,1930.500,1
03:41:25.17100,1930.500,4
03:41:26.10900,1930.500,5
03:41:26.23000,1930.750,2
03:41:26.66700,1930.500,33
03:41:26.74200,1930.500,1
03:41:27.92900,1930.500,2
03:41:28.76900,1930.500,15
03:41:29.42100,1930.250,1
03:41:32.37100,1930.500,22
03:41:32.58900,1930.500,3
03:41:34.77300,1930.750,10
03:41:35.62500,1930.500,10
03:41:35.75700,1930.500,9
03:41:36.65600,1930.500,2
03:41:37.16400,1930.500,1
03:41:37.66000,1930.750,30
03:41:38.62500,1930.750,1
03:41:39.35100,1930.750,1
03:41:40.01900,1930.500,4
03:41:40.89800,1930.750,1
03:41:41.35100,1930.500,2
03:41:45.20700,1930.500,22
03:41:47.01100,1930.500,4
03:41:47.15600,1930.500,1
03:41:50.77300,1930.500,26
03:41:51.50700,1930.500,2
03:41:52.08500,1930.250,1
03:41:58.42500,1930.250,3
03:41:59.06200,1930.250,31
03:41:59.69900,1930.250,8
03:42:00.66400,1930.250,2
03:42:06.53500,1930.500,10
03:42:07.34700,1930.750,2
03:42:08.13200,1930.500,16
03:42:08.78500,1930.500,2
03:42:10.54200,1930.500,1
03:42:12.58500,1930.250,5
03:42:13.72600,1930.500,1
03:42:16.14400,1930.500,1
03:42:16.81200,1930.500,10
03:42:19.59700,1930.500,14
03:42:19.68700,1930.500,1
03:42:20.17100,1930.500,2
03:42:21.23400,1930.500,1
03:42:25.03100,1930.500,1
03:42:25.28500,1930.500,7
03:42:26.82400,1930.250,5
03:42:27.02700,1930.500,1
03:42:28.77700,1930.250,2
03:42:32.04200,1930.500,1
03:42:33.15600,1930.250,1
03:42:34.83900,1930.250,1
03:42:36.06200,1930.500,1
03:42:37.67100,1930.250,1
03:42:38.00700,1930.250,9
03:42:38.84700,1930.250,4
03:42:39.17500,1930.500,1
03:42:42.74200,1930.250,2
03:42:42.89800,1930.500,1
03:42:43.37800,1930.250,1
03:42:44.44100,1930.500,60
03:42:45.05800,1930.500,3
03:42:45.50700,1930.500,1
03:42:45.62500,1930.500,1
03:42:47.09300,1930.750,1
03:42:47.72600,1930.750,115
03:42:47.81200,1931.000,9
03:42:48.01500,1931.000,4
03:42:48.04600,1930.750,6
03:42:48.44100,1931.000,2
03:42:48.88200,1930.750,1
03:42:49.05000,1931.000,1
03:42:49.86300,1931.000,2
03:42:50.72600,1931.000,1
03:42:51.19500,1931.000,1
03:42:52.95300,1931.000,68
03:42:53.22600,1931.000,6
03:42:53.54600,1931.000,32
03:42:54.03900,1931.000,1
03:42:56.04600,1931.000,31
03:42:56.14000,1931.000,7
03:42:56.17500,1931.000,1
03:42:56.25700,1931.000,1
03:42:56.36700,1931.000,3
03:42:56.62800,1931.000,2
03:42:57.54600,1931.000,3
03:42:57.62500,1931.000,12
03:42:57.79200,1931.000,1
03:42:58.29200,1931.000,10
03:42:59.21800,1931.000,20
03:42:59.74600,1931.000,1
03:43:00.21400,1931.000,10
03:43:00.84700,1931.000,1
03:43:01.33900,1931.000,1
03:43:01.70300,1931.000,2
03:43:01.96400,1931.000,4
03:43:02.25700,1931.000,1
03:43:02.48000,1931.000,2
03:43:03.16400,1931.000,1
03:43:04.33500,1931.000,1
03:43:04.91000,1931.000,1
03:43:05.55400,1931.250,74
03:43:05.85100,1931.250,1
03:43:06.50300,1931.250,1
03:43:10.85500,1931.250,1
03:43:12.14800,1931.250,20
03:43:13.41000,1931.000,1
03:43:14.88200,1931.000,1
03:43:21.11300,1931.000,1
03:43:21.55400,1931.000,1
03:43:22.13600,1931.000,1
03:43:23.73000,1931.000,1
03:43:24.17900,1931.000,1
03:43:27.08900,1930.750,130
03:43:27.25000,1931.000,30
03:43:32.05800,1931.000,1
03:43:32.11700,1931.000,16
03:43:32.31600,1931.000,4
03:43:32.57000,1930.750,30
03:43:33.11300,1931.000,5
03:43:34.50700,1930.750,26
03:43:34.64000,1930.750,12
03:43:34.91700,1930.750,2
03:43:37.78500,1930.500,58
03:43:39.52700,1930.500,1
03:43:40.72600,1930.250,56
03:43:42.31600,1930.250,1
03:43:43.96800,1930.000,1
03:43:45.55800,1930.000,1
03:43:47.82400,1930.000,40
03:43:47.85900,1930.000,2
03:43:49.60900,1930.000,3
03:43:49.75300,1930.250,2
03:43:51.58500,1930.250,1
03:43:52.64000,1930.000,2
03:43:53.36700,1930.000,14
03:43:53.53100,1930.000,22
03:43:53.88600,1930.000,1
03:43:54.86700,1929.750,5
03:43:55.05800,1930.000,11
03:43:56.16000,1930.000,7
03:43:56.91000,1929.750,1
03:43:57.48800,1930.000,2
03:43:57.66000,1929.750,1
03:43:58.05800,1930.000,1
03:44:00.57800,1930.250,51
03:44:00.96000,1930.250,1
03:44:02.02700,1930.000,15
03:44:04.23800,1930.000,14
03:44:07.15200,1929.750,1
03:44:07.95700,1930.000,1
03:44:08.80400,1930.000,1
03:44:09.03500,1930.000,18
03:44:11.13200,1930.000,25
03:44:14.44100,1930.250,7
03:44:14.70300,1930.250,17
03:44:15.57800,1930.250,8
03:44:18.33500,1930.250,9
03:44:18.95700,1930.250,1
03:44:20.87800,1930.000,1
03:44:21.22600,1930.250,7
03:44:21.35900,1930.250,4
03:44:21.62100,1930.250,11
03:44:23.57000,1930.250,4
03:44:28.56200,1930.000,21
03:44:29.00300,1930.000,1
03:44:31.56200,1929.750,1
03:44:32.58900,1930.000,9
03:44:33.44900,1930.000,6
03:44:37.16700,1930.000,1
03:44:40.42500,1930.000,1
03:44:40.63200,1930.000,1
03:44:42.55800,1930.000,1
03:44:43.09300,1930.250,14
03:44:43.15200,1930.000,1
03:44:44.35100,1930.250,6
03:44:45.22200,1930.250,1
03:44:55.07800,1930.500,15
03:44:55.50300,1930.500,18
03:44:57.17500,1930.500,3
03:44:57.55800,1930.500,3
03:44:57.92500,1930.250,1
03:44:58.10500,1930.500,3
03:44:58.25000,1930.250,1
03:44:59.51100,1930.250,24
03:45:10.58900,1930.250,12
03:45:13.54200,1930.250,22
03:45:13.78500,1930.000,1
03:45:14.14400,1930.000,3
03:45:40.37500,1930.000,1
03:45:48.19500,1930.000,26
03:45:48.56200,1930.000,1
03:45:48.84700,1930.000,4
03:45:50.57000,1929.750,4
03:45:51.41000,1929.750,1
03:45:56.78500,1930.000,1
03:45:57.13600,1930.000,1
03:45:59.08200,1930.000,10
03:45:59.33500,1930.000,2
03:45:59.54600,1930.000,5
03:46:01.90600,1930.000,3
03:46:03.76500,1929.750,1
03:46:06.24200,1930.000,1
03:46:06.55000,1930.000,5
03:46:08.17500,1929.750,1
03:46:10.78900,1929.750,1
03:46:14.72200,1930.000,5
03:46:16.30800,1930.000,1
03:46:18.63200,1929.750,2
03:46:18.88600,1929.750,1
03:46:21.82000,1929.750,60
03:46:25.34300,1929.750,3
03:46:27.30800,1929.750,1
03:46:28.62800,1930.000,1
03:46:30.37500,1930.000,21
03:46:31.12800,1930.000,6
03:46:32.41400,1929.750,1
03:46:37.87100,1929.750,15
03:46:38.24600,1929.750,1
03:46:38.39400,1929.750,10
03:46:39.52700,1929.750,1
03:46:42.42900,1929.750,4
03:46:45.03100,1929.750,10
03:46:49.73000,1929.750,4
03:46:50.37100,1930.000,1
03:46:50.95700,1929.750,5
03:46:55.21000,1929.500,8
03:46:55.29200,1929.500,1
03:46:55.35100,1929.500,1
03:46:56.35500,1929.750,1
03:46:59.29200,1929.750,10
03:47:01.26500,1930.000,3
03:47:01.66000,1929.750,15
03:47:05.31200,1929.750,11
03:47:07.95700,1929.750,5
03:47:11.17900,1929.750,2
03:47:13.17100,1929.750,2
03:47:13.42500,1929.750,1
03:47:22.31600,1929.750,1
03:47:23.14800,1929.750,1
03:47:23.93300,1929.750,8
03:47:24.73400,1929.750,40
03:47:26.48000,1929.750,1
03:47:31.71000,1929.500,33
03:47:34.82400,1929.500,1
03:47:40.80400,1929.250,8
03:47:42.17100,1929.500,1
03:47:42.40600,1929.500,1
03:47:43.05400,1929.500,17
03:47:43.44900,1929.500,8
03:47:45.65200,1929.500,1
03:47:47.29200,1929.500,1
03:47:49.16000,1929.250,1
03:47:50.44500,1929.250,3
03:47:50.61700,1929.250,1
03:47:50.81600,1929.250,24
03:47:52.32400,1929.250,2
03:47:52.64000,1929.250,53
03:47:53.03500,1929.000,2
03:47:53.48400,1929.250,3
03:47:56.37500,1929.250,1
03:47:58.21400,1929.250,1
03:47:58.65600,1929.750,15
03:48:04.04600,1929.750,19
03:48:06.16400,1929.750,17
03:48:06.59700,1929.750,8
03:48:07.89000,1929.750,3
03:48:11.12100,1929.750,5
03:48:11.54600,1929.750,2
03:48:12.76500,1929.500,3
03:48:17.36700,1929.750,27
03:48:18.12800,1929.750,11
03:48:19.60100,1929.750,7
03:48:20.27300,1929.750,1
03:48:22.03100,1929.750,1
03:48:22.95300,1930.000,1
03:48:23.28900,1929.750,17
03:48:23.42900,1929.500,2
03:48:27.97200,1929.750,3
03:48:30.04200,1929.500,5
03:48:33.86300,1929.750,2
03:48:35.36700,1929.500,5
03:48:42.84300,1929.500,10
03:48:47.50300,1929.500,8
03:48:50.90200,1929.750,7
03:49:01.36300,1930.000,36
03:49:07.80400,1929.750,27
03:49:09.94500,1929.750,37
03:49:12.55000,1929.750,5
03:49:19.45300,1929.750,1
03:49:21.18300,1929.750,17
03:49:24.31600,1929.750,1
03:49:26.35900,1930.000,43
03:49:26.70300,1929.750,4
03:49:27.94100,1930.000,17
03:49:28.42500,1929.750,2
03:49:30.78100,1930.000,1
03:49:33.52300,1930.000,11
03:49:33.71400,1930.000,21
03:49:33.77300,1929.750,6
03:49:35.04200,1930.000,3
03:49:35.71400,1930.000,3
03:49:36.16000,1930.000,1
03:49:38.61300,1930.000,1
03:49:41.58500,1930.000,5
03:49:43.08500,1930.000,13
03:49:43.25000,1930.000,4
03:49:44.66400,1930.000,1
03:49:45.30800,1929.750,7
03:49:46.36300,1930.000,9
03:49:46.55400,1930.000,13
03:49:47.32400,1930.000,2
03:49:47.78500,1930.000,1
03:49:48.01100,1930.000,95
03:49:48.09300,1930.000,2
03:49:48.41700,1930.000,7
03:49:49.73000,1930.000,1
03:49:50.00300,1930.000,38
03:49:55.41000,1930.250,27
03:49:55.53100,1930.500,2
03:49:55.74200,1930.250,1
03:49:56.39400,1930.250,12
03:49:57.70700,1930.500,59
03:49:59.11700,1930.750,1
03:50:00.30000,1930.500,21
03:50:00.70700,1930.500,2
03:50:01.48000,1930.250,5
03:50:02.06600,1930.500,1
03:50:02.28500,1930.500,2
03:50:02.78100,1930.750,6
03:50:03.47200,1930.750,1
03:50:04.10900,1930.500,1
03:50:07.28900,1930.750,2
03:50:07.93300,1930.750,1
03:50:08.37500,1930.750,72
03:50:09.14400,1931.000,1
03:50:12.02700,1931.000,2
03:50:12.53500,1931.000,1
03:50:12.88200,1931.000,1
03:50:14.64000,1931.000,1
03:50:15.19500,1931.000,4
03:50:16.25000,1931.000,1
03:50:16.80400,1930.750,34
03:50:18.54600,1931.000,4
03:50:18.81200,1931.000,66
03:50:21.31200,1931.000,1
03:50:26.11300,1931.250,35
03:50:26.19100,1931.250,21
03:50:29.55800,1931.000,5
03:50:29.86700,1931.250,32
03:50:31.51900,1931.250,1
03:50:34.81200,1931.250,5
03:50:37.11700,1931.250,1
03:50:38.91700,1931.250,2
03:50:39.19500,1931.500,52
03:50:39.41400,1931.500,28
03:50:40.04200,1931.500,71
03:50:40.50700,1931.500,8
03:50:40.66700,1931.750,47
03:50:40.83200,1931.750,1
03:50:41.29200,1931.750,1
03:50:42.17900,1931.500,1
03:50:43.93300,1931.750,1
03:50:44.15200,1931.750,1
03:50:45.26500,1931.500,20
03:50:46.26100,1931.750,2
03:50:46.48800,1931.500,1
03:50:47.24200,1931.750,6
03:50:47.62100,1931.750,1
03:50:49.20300,1931.750,56
03:50:49.58500,1931.750,1
03:50:49.92900,1931.750,2
03:50:50.39400,1931.750,1
03:50:52.50000,1931.500,1
03:50:53.08200,1931.750,2
03:50:53.67500,1931.750,2
03:50:57.50300,1931.750,23
03:50:57.94900,1931.750,1
03:50:58.65200,1931.750,1
03:50:58.96400,1931.750,3
03:50:59.63200,1931.750,78
03:51:00.16400,1931.750,4
03:51:01.06200,1931.750,53
03:51:04.40600,1931.750,1
03:51:04.85500,1931.750,35
03:51:05.12800,1931.750,24
03:51:05.45300,1931.750,1
03:51:05.67900,1931.500,1
03:51:06.23400,1931.750,37
03:51:07.10500,1931.750,2
03:51:08.65600,1931.750,1
03:51:11.34700,1931.750,1
03:51:12.32000,1931.750,1
03:51:12.80000,1931.750,1
03:51:15.06600,1931.750,1
03:51:15.44100,1931.750,1
03:51:17.89000,1931.750,5
03:51:18.58200,1931.750,1
03:51:18.75700,1931.750,6
03:51:19.17900,1931.750,42
03:51:19.26500,1931.750,5
03:51:19.55400,1931.750,11
03:51:20.33200,1931.750,5
03:51:20.60900,1931.750,10
03:51:21.15200,1931.750,32
03:51:21.96000,1932.000,55
03:51:22.05000,1931.750,3
03:51:22.07800,1932.000,1
03:51:22.50300,1932.000,1
03:51:24.08500,1931.750,1
03:51:25.47200,1932.000,3
03:51:26.27300,1932.000,2
03:51:27.35100,1932.000,1
03:51:27.59700,1932.000,2
03:51:29.02300,1931.750,1
03:51:30.56600,1932.000,248
03:51:30.61700,1932.000,33
03:51:30.75300,1932.250,23
03:51:31.18700,1932.250,1
03:51:31.26500,1932.000,1
03:51:31.96400,1932.250,1
03:51:32.41700,1932.250,50
03:51:32.77300,1932.000,1
03:51:33.39400,1932.250,1
03:51:33.73000,1932.250,1
03:51:34.16700,1932.250,2
03:51:34.70300,1932.250,4
03:51:36.10100,1932.250,2
03:51:37.38600,1932.250,2
03:51:37.55400,1932.000,1
03:51:37.87500,1932.250,1
03:51:41.30400,1932.250,1
03:51:41.54200,1932.250,1
03:51:42.76500,1932.250,1
03:51:43.17500,1932.250,5
03:51:43.65600,1932.250,2
03:51:46.57800,1932.250,3
03:51:47.57400,1932.000,1
03:51:50.09300,1932.250,1
03:51:50.66400,1932.250,1
03:51:50.91700,1932.250,1
03:51:53.90600,1932.000,1
03:51:54.01900,1932.000,1
03:51:57.62500,1932.000,155
03:51:57.69500,1932.000,10
03:51:57.96000,1932.000,6
03:51:58.57800,1932.000,3
03:51:59.14400,1932.000,15
03:52:01.17100,1932.000,2
03:52:01.78500,1931.750,2
03:52:03.20300,1932.000,5
03:52:03.67900,1932.000,2
03:52:03.90200,1932.000,2
03:52:04.70700,1932.000,1
03:52:06.78100,1932.000,3
03:52:08.03900,1932.000,1
03:52:08.50700,1932.250,1
03:52:09.10900,1932.000,31
03:52:09.50000,1932.000,6
03:52:10.16700,1932.000,2
03:52:10.48000,1932.250,5
03:52:11.75700,1932.000,1
03:52:12.94900,1932.000,1
03:52:13.17500,1932.250,1
03:52:14.02300,1932.250,1
03:52:14.28500,1932.000,1
03:52:20.15600,1932.000,4
03:52:21.05400,1932.000,68
03:52:22.43300,1932.000,1
03:52:24.54600,1932.000,28
03:52:25.35100,1932.000,10
03:52:27.21400,1931.750,38
03:52:27.84300,1931.750,2
03:52:28.36700,1931.750,11
03:52:28.95700,1931.750,31
03:52:29.15600,1931.750,1
03:52:32.16400,1931.750,6
03:52:32.61700,1931.750,1
03:52:33.91700,1931.750,2
03:52:35.53900,1931.750,69
03:52:36.15200,1931.750,1
03:52:47.58500,1931.750,18
03:52:48.66000,1932.000,1
03:52:49.30400,1931.750,15
03:52:51.19900,1932.000,27
03:52:58.12800,1931.750,28
03:52:58.38600,1931.500,1
03:53:01.60100,1931.500,24
03:53:02.91700,1931.250,1
03:53:03.33900,1931.250,1
03:53:03.71000,1931.250,1
03:53:05.92100,1931.500,3
03:53:07.26100,1931.500,23
03:53:08.00700,1931.500,6
03:53:09.76900,1931.500,5
03:53:11.75700,1931.750,18
03:53:13.14400,1931.750,5
03:53:13.58500,1931.750,4
03:53:13.78500,1931.750,4
03:53:18.55800,1931.500,32
03:53:21.00300,1931.750,1
03:53:26.17900,1931.750,24
03:53:27.09300,1932.000,1
03:53:30.02700,1931.750,5
03:53:35.22200,1931.750,47
03:53:37.05800,1931.750,1
03:53:37.46800,1931.750,14
03:53:38.26900,1931.750,4
03:53:38.92500,1931.750,26
03:53:38.94900,1931.750,6
03:53:41.59700,1931.750,1
03:53:49.94500,1932.000,6
03:53:50.30800,1931.750,1
03:53:50.83900,1932.000,55
03:53:50.92900,1932.000,3
03:53:51.41700,1932.000,2
03:53:52.12100,1932.000,27
03:53:53.68700,1932.000,1
03:53:56.06200,1932.250,1
03:53:56.67900,1932.000,4
03:53:59.00700,1932.250,1
03:54:00.27700,1932.000,2
03:54:04.44500,1932.000,1
03:54:05.69900,1932.250,49
03:54:06.80800,1932.500,23
03:54:06.85900,1932.500,7
03:54:09.01500,1932.500,1
03:54:09.16700,1932.250,1
03:54:14.33500,1932.250,93
03:54:14.94900,1932.250,22
03:54:15.34700,1932.250,1
03:54:15.56600,1932.250,1
03:54:15.82000,1932.250,9
03:54:17.41700,1932.250,2
03:54:17.78100,1932.250,2
03:54:19.52300,1932.250,10
03:54:19.85900,1932.250,1
03:54:20.52300,1932.250,1
03:54:20.63600,1932.500,1
03:54:21.01500,1932.250,15
03:54:21.42100,1932.250,10
03:54:21.57400,1932.500,3
03:54:23.29200,1932.500,90
03:54:23.39800,1932.500,22
03:54:24.22600,1932.500,7
03:54:24.30800,1932.500,6
03:54:25.08200,1932.500,2
03:54:25.40600,1932.500,1
03:54:25.64800,1932.500,1
03:54:25.87100,1932.250,8
03:54:28.28100,1932.250,1
03:54:30.00700,1932.500,1
03:54:33.35500,1932.500,3
03:54:33.56200,1932.500,15
03:54:35.69500,1932.500,1
03:54:36.44500,1932.500,6
03:54:37.80000,1932.250,1
03:54:38.02300,1932.500,41
03:54:38.53500,1932.750,49
03:54:38.53900,1932.750,107
03:54:38.65600,1932.750,3
03:54:39.21800,1932.750,7
03:54:40.09300,1932.750,10
03:54:41.10100,1932.750,4
03:54:42.50300,1932.750,10
03:54:44.13200,1932.750,1
03:54:44.74200,1932.750,1
03:54:46.80400,1932.750,1
03:54:48.01100,1932.750,5
03:54:49.02300,1932.750,3
03:54:50.70300,1932.750,8
03:54:51.74600,1932.750,1
03:54:51.92900,1932.750,13
03:54:52.74200,1932.750,6
03:54:52.84700,1933.000,21
03:54:52.89400,1933.000,1
03:54:53.08900,1932.750,2
03:54:53.13200,1932.750,9
03:54:54.26900,1933.000,1
03:54:55.33200,1933.000,1
03:54:55.70300,1932.750,3
03:54:56.19100,1932.750,26
03:54:56.44500,1933.000,10
03:54:57.01900,1932.750,3
03:54:57.90600,1933.000,16
03:54:58.32400,1932.750,1
03:54:59.68300,1933.000,2
03:55:00.26100,1932.750,2
03:55:00.59700,1933.000,2
03:55:00.77700,1933.000,3
03:55:01.19900,1932.750,1
03:55:01.70300,1933.000,2
03:55:02.33500,1933.000,2
03:55:02.49200,1933.000,77
03:55:02.91700,1933.000,1
03:55:03.32800,1933.000,4
03:55:03.77700,1933.000,5
03:55:04.70700,1933.000,2
03:55:05.46000,1933.000,3
03:55:05.88200,1933.000,1
03:55:07.20700,1933.000,4
03:55:08.62100,1933.000,20
03:55:10.48800,1933.000,4
03:55:10.73000,1933.000,2
03:55:10.83900,1933.000,3
03:55:13.00300,1932.750,1
03:55:14.01500,1933.000,1
03:55:16.34700,1932.750,42
03:55:16.70300,1933.000,2
03:55:16.95700,1932.750,25
03:55:17.52700,1933.000,4
03:55:18.18300,1932.750,1
03:55:20.34700,1932.750,3
03:55:21.20300,1932.750,10
03:55:21.51500,1933.000,53
03:55:25.00700,1933.500,197
03:55:25.27700,1933.250,2
03:55:25.39000,1933.250,12
03:55:25.45700,1933.250,7
03:55:26.00300,1933.500,1
03:55:26.22600,1933.500,1
03:55:27.13200,1933.250,1
03:55:27.57800,1933.250,2
03:55:28.07400,1933.250,3
03:55:28.78500,1933.500,5
03:55:28.92900,1933.250,1
03:55:31.57000,1933.250,1
03:55:32.63600,1933.500,6
03:55:33.27300,1933.500,3
03:55:33.47200,1933.250,10
03:55:36.20700,1933.500,1
03:55:37.50000,1933.250,2
03:55:38.95300,1933.250,1
03:55:40.00000,1933.500,1
03:55:41.12800,1933.500,2
03:55:42.14800,1933.500,2
03:55:43.58500,1933.250,7
03:55:44.02700,1933.500,1
03:55:44.57800,1933.250,40
03:55:45.22600,1933.250,93
03:55:45.26500,1933.250,10
03:55:46.25300,1933.250,1
03:55:46.65200,1933.250,1
03:55:47.00700,1933.250,1
03:55:47.64400,1933.250,17
03:55:47.73800,1933.250,1
03:55:48.00300,1933.250,12
03:55:49.95700,1933.250,3
03:55:52.82800,1933.000,33
03:55:53.17500,1933.000,1
03:55:53.43700,1933.000,3
03:55:54.14400,1933.250,19
03:55:54.75300,1933.250,2
03:55:55.12800,1933.000,1
03:55:55.28500,1933.250,1
03:55:55.33500,1933.000,16
03:55:55.89400,1933.000,1
03:55:58.00000,1933.000,4
03:56:00.58200,1932.750,2
03:56:00.74200,1932.750,5
03:56:01.12500,1933.000,18
03:56:06.07400,1933.000,11
03:56:06.89000,1933.000,5
03:56:08.05000,1933.000,5
03:56:11.55400,1933.000,1
03:56:17.88200,1933.000,16
03:56:18.85100,1932.750,1
03:56:22.63200,1932.750,1
03:56:23.83500,1932.750,1
03:56:26.30400,1932.750,1
03:56:30.08900,1933.000,1
03:56:30.74200,1932.750,1
03:56:35.47600,1932.750,11
03:56:39.80000,1932.750,1
03:56:41.43700,1932.750,41
03:56:41.72200,1932.750,1
03:56:43.75700,1932.750,25
03:56:44.14000,1932.750,1
03:56:44.46400,1932.750,1
03:56:45.80000,1932.750,5
03:56:48.81600,1933.000,57
03:56:49.78900,1933.000,1
03:56:50.53500,1933.000,1
03:56:51.69900,1933.000,13
03:56:52.14800,1932.750,5
03:56:53.63600,1932.750,5
03:56:55.28500,1932.750,53
03:56:55.56200,1932.750,4
03:56:56.08200,1932.750,3
03:56:59.12800,1932.750,1
03:56:59.49200,1932.750,1
03:57:12.75700,1932.750,10
03:57:15.31600,1932.750,1
03:57:15.65600,1932.750,2
03:57:19.05400,1932.750,78
03:57:21.62100,1932.500,1
03:57:22.16400,1932.750,82
03:57:25.09300,1932.750,6
03:57:25.61300,1932.750,1
03:57:26.18700,1932.750,1
03:57:27.59300,1932.750,76
03:57:28.28100,1932.750,1
03:57:35.02700,1932.750,2
03:57:46.93300,1932.750,45
03:57:49.07400,1932.750,9
03:57:49.61300,1932.750,1
03:57:50.35900,1932.750,2
03:57:51.84300,1932.750,1
03:57:54.88200,1932.750,2
03:57:56.71800,1932.750,2
03:57:57.75000,1932.750,45
03:57:57.89800,1932.750,12
03:57:59.23000,1932.750,7
03:58:00.52700,1932.750,4
03:58:07.60100,1932.750,2
03:58:07.91400,1932.750,2
03:58:09.46000,1932.250,130
03:58:09.64800,1932.500,12
03:58:10.36700,1932.500,2
03:58:10.80000,1932.500,3
03:58:14.76500,1932.500,18
03:58:16.85900,1932.500,2
03:58:20.48000,1932.500,4
03:58:21.02700,1932.750,35
03:58:22.12500,1932.750,9
03:58:23.94500,1933.000,1
03:58:24.48000,1932.750,1
03:58:24.66700,1932.750,6
03:58:25.43300,1932.750,1
03:58:26.39400,1932.750,3
03:58:27.28100,1932.750,2
03:58:27.82000,1932.750,2
03:58:28.28500,1933.000,1
03:58:31.34300,1933.000,1
03:58:32.20700,1933.000,1
03:58:32.28100,1932.750,4
03:58:32.48000,1932.750,1
03:58:37.05000,1932.500,36
03:58:38.07000,1932.750,2
03:58:39.55000,1932.750,11
03:58:40.16400,1932.750,3
03:58:46.55000,1932.750,2
03:58:48.12800,1932.500,32
03:58:49.64000,1932.750,20
03:58:51.93700,1932.750,13
03:58:52.29600,1932.750,3
03:58:52.45300,1933.000,5
03:58:53.27300,1932.750,7
03:58:54.72600,1932.750,4
03:58:55.06600,1932.750,1
03:58:58.09700,1933.000,21
03:58:58.63200,1933.000,5
03:58:59.01100,1933.000,5
03:58:59.85100,1932.750,1
03:59:00.22200,1933.000,4
03:59:02.91000,1933.250,2
03:59:04.43300,1933.250,2
03:59:05.21800,1933.250,2
03:59:05.31600,1933.000,3
03:59:05.79600,1933.250,1
03:59:06.24600,1933.000,1
03:59:08.37500,1933.250,8
03:59:08.95300,1933.250,32
03:59:09.68300,1933.250,12
03:59:12.08200,1933.250,1
03:59:13.44100,1933.250,1
03:59:15.01100,1933.250,7
03:59:18.95700,1933.500,1
03:59:21.09700,1933.500,1
03:59:24.43700,1933.250,74
03:59:25.00300,1933.000,8
03:59:25.60100,1933.000,2
03:59:25.91400,1933.000,6
03:59:27.78100,1933.000,8
03:59:31.90200,1933.000,1
03:59:33.22200,1933.000,3
03:59:33.94900,1933.000,1
03:59:34.58900,1933.000,2
03:59:35.11300,1933.000,25
03:59:37.26100,1933.000,2
03:59:37.81200,1932.750,1
03:59:40.01100,1933.000,6
03:59:40.53500,1932.750,1
03:59:42.77700,1932.750,25
03:59:44.42900,1932.750,13
03:59:44.50300,1932.750,7
03:59:46.57800,1932.500,1
03:59:47.30000,1932.500,2
03:59:49.03900,1932.750,29
03:59:49.83500,1932.750,1
03:59:51.29200,1932.750,21
03:59:51.91400,1932.750,26
03:59:52.41400,1932.750,1
03:59:57.96800,1932.750,8
04:00:00.51900,1932.750,0
04:00:00.66000,1932.750,8
04:00:01.13200,1933.000,2
04:00:01.46400,1932.750,1
04:00:01.76100,1933.000,24
04:00:02.60100,1933.000,1
04:00:02.94500,1932.750,10
04:00:03.18300,1933.000,2
04:00:06.11300,1933.000,4
04:00:07.50000,1933.000,2
04:00:08.31600,1933.000,6
04:00:08.80800,1933.000,2
04:00:09.66400,1933.000,2
04:00:10.44500,1933.000,1
04:00:11.76900,1933.000,3
04:00:12.14400,1933.000,1
04:00:13.26100,1932.750,32
04:00:13.67500,1932.750,24
04:00:13.90200,1932.750,3
04:00:14.14400,1932.750,3
04:00:15.17100,1932.500,14
04:00:15.55800,1932.500,1
04:00:16.68300,1932.250,3
04:00:16.94100,1932.250,1
04:00:17.79200,1932.250,3
04:00:19.07800,1932.500,13
04:00:23.64800,1932.500,1
04:00:23.74600,1932.500,11
04:00:25.23000,1932.750,1
04:00:25.33900,1932.750,1
04:00:26.07000,1932.500,7
04:00:28.39800,1932.750,19
04:00:28.64400,1932.750,2
04:00:29.94900,1932.500,3
04:00:30.56200,1932.250,3
04:00:30.80800,1932.500,2
04:00:31.72200,1932.750,24
04:00:33.36700,1932.500,1
04:00:35.49200,1932.500,1
04:00:37.02300,1932.750,3
04:00:42.00000,1932.750,1
04:00:44.75000,1932.750,24
04:00:45.26900,1932.750,4
04:00:45.48000,1932.750,1
04:00:46.14000,1933.000,3
04:00:46.17900,1932.750,3
04:00:47.19900,1932.750,1
04:00:47.62500,1932.750,2
04:00:48.85500,1933.000,5
04:00:55.00000,1933.000,8
04:00:56.10100,1933.000,19
04:00:56.68300,1933.000,1
04:01:00.75300,1933.000,3
04:01:01.28500,1933.000,1
04:01:02.80800,1932.750,14
04:01:03.04600,1932.750,2
04:01:05.60500,1932.750,1
04:01:06.87500,1932.750,2
04:01:09.46000,1932.750,1
04:01:09.85900,1933.000,2
04:01:10.89800,1933.000,13
04:01:13.55800,1933.000,29
04:01:14.19500,1933.000,10
04:01:14.61300,1933.000,15
04:01:17.25000,1933.000,3
04:01:17.44100,1933.250,1
04:01:19.89800,1933.000,4
04:01:21.32400,1933.000,2
04:01:23.05000,1933.000,8
04:01:24.80000,1932.750,36
04:01:24.91400,1932.750,1
04:01:26.06600,1932.750,4
04:01:26.60500,1932.750,1
04:01:26.80400,1932.750,8
04:01:30.55400,1932.500,45
04:01:31.05400,1932.500,4
04:01:31.31600,1932.500,11
04:01:31.55400,1932.500,2
04:01:36.41400,1932.500,1
04:01:38.85500,1932.500,19
04:01:40.15200,1932.500,1
04:01:40.32800,1932.500,4
04:01:40.68300,1932.500,7
04:01:43.08500,1932.250,1
04:01:43.55400,1932.250,2
04:01:44.85900,1932.250,1
04:01:45.30800,1932.250,29
04:01:45.71400,1932.000,6
04:01:46.35100,1932.000,5
04:01:46.58200,1932.250,1
04:01:47.66000,1932.000,1
04:01:47.90600,1932.000,1
04:01:48.31200,1932.000,1
04:01:49.12100,1932.000,5
04:01:49.37800,1932.250,13
04:01:49.53900,1932.000,55
04:01:51.28500,1932.000,26
04:01:51.82000,1932.000,2
04:01:52.41700,1931.750,9
04:01:52.54200,1931.750,1
04:01:55.40200,1932.000,38
04:01:55.63600,1932.000,11
04:01:55.81200,1931.750,1
04:01:55.94900,1931.750,1
04:01:56.37500,1932.000,2
04:01:58.90600,1932.000,1
04:01:59.12800,1932.000,1
04:01:59.43700,1932.000,6
04:02:01.90600,1932.000,33
04:02:03.13600,1932.000,6
04:02:03.94900,1932.000,1
04:02:04.42100,1932.250,17
04:02:06.12100,1932.000,1
04:02:07.25700,1932.000,1
04:02:09.33900,1932.000,1
04:02:10.35500,1932.000,5
04:02:12.03900,1932.250,1
04:02:13.00300,1931.750,166
04:02:16.94900,1931.750,14
04:02:18.30400,1932.000,3
04:02:27.42500,1931.750,5
04:02:29.35500,1931.750,1
04:02:37.30000,1932.000,1
04:02:39.47600,1931.750,1
04:02:39.85500,1931.750,1
04:02:40.69900,1932.000,2
04:02:41.06600,1932.000,1
04:02:41.26100,1931.750,1
04:02:42.31600,1931.750,7
04:02:42.64400,1931.750,81
04:02:42.70700,1931.500,1
04:02:45.59700,1931.750,23
04:02:46.18700,1931.750,15
04:02:49.28100,1931.750,1
04:02:49.62500,1931.500,10
04:02:49.94900,1931.500,47
04:02:52.17900,1931.500,11
04:02:52.30400,1931.500,62
04:02:52.37800,1931.500,8
04:02:52.46800,1931.500,2
04:02:53.19500,1931.500,4
04:03:00.60500,1931.500,8
04:03:00.76100,1931.500,13
04:03:01.21400,1931.500,1
04:03:01.43300,1931.250,6
04:03:01.55400,1931.250,1
04:03:01.92500,1931.250,17
04:03:09.02700,1931.500,21
04:03:10.56200,1931.500,6
04:03:11.58500,1931.500,1
04:03:12.00300,1931.500,4
04:03:15.92500,1931.500,13
04:03:19.45300,1931.500,1
04:03:19.65600,1931.500,2
04:03:21.80400,1931.750,2
04:03:22.03500,1931.500,2
04:03:22.94900,1931.250,73
04:03:26.09700,1931.750,5
04:03:27.19500,1931.500,1
04:03:27.39000,1931.250,12
04:03:27.50000,1931.250,7
04:03:31.46400,1931.500,2
04:03:31.75300,1931.500,1
04:03:32.00300,1931.500,6
04:03:32.42100,1931.500,16
04:03:33.05800,1931.500,2
04:03:34.03100,1931.250,2
04:03:34.24600,1931.500,4
04:03:35.07000,1931.750,1
04:03:36.06200,1931.500,1
04:03:37.25700,1931.500,1
04:03:44.03100,1931.500,32
04:03:44.25700,1931.500,1
04:03:46.76100,1931.500,103
04:03:47.61700,1931.500,14
04:03:51.32800,1931.250,1
04:03:52.26100,1931.500,3
04:03:56.16700,1931.500,4
04:03:59.24600,1931.500,10
04:04:01.79600,1931.500,21
04:04:03.47200,1931.500,30
04:04:04.14400,1931.250,7
04:04:04.80400,1931.500,2
04:04:08.19500,1931.250,24
04:04:09.19900,1931.500,2
04:04:14.23000,1931.250,2
04:04:15.02700,1931.500,25
04:04:16.19100,1931.250,28
04:04:17.82400,1931.250,20
04:04:18.83200,1931.000,47
04:04:19.07400,1931.250,1
04:04:19.41700,1931.250,2
04:04:20.71000,1931.000,44
04:04:20.83500,1930.750,115
04:04:20.94900,1931.000,5
04:04:21.39400,1931.000,26
04:04:21.72600,1931.000,10
04:04:22.73800,1931.000,5
04:04:23.53100,1930.750,8
04:04:26.35100,1930.750,1
04:04:28.75300,1931.000,33
04:04:30.25300,1930.750,44
04:04:31.01100,1930.750,5
04:04:32.55400,1930.750,1
04:04:33.35500,1930.750,10
04:04:34.01500,1930.750,10
04:04:36.78500,1930.750,1
04:04:37.11300,1930.750,1
04:04:37.60100,1931.000,4
04:04:38.42100,1930.750,2
04:04:40.39000,1931.000,1
04:04:40.74600,1931.000,60
04:04:41.10900,1931.000,4
04:04:42.58900,1931.000,2
04:04:48.91400,1930.750,59
04:04:50.37500,1930.750,6
04:04:50.73400,1930.750,2
04:04:51.12100,1930.750,1
04:04:51.53900,1931.000,24
04:04:53.00000,1931.000,5
04:04:55.21400,1931.000,1
04:04:57.73800,1931.000,5
04:04:59.34700,1930.750,12
04:04:59.53500,1931.000,1
04:04:59.74200,1930.750,45
04:05:00.35100,1930.750,10
04:05:00.57400,1930.750,3
04:05:04.74200,1931.250,389
04:05:05.96000,1931.250,3
04:05:06.34700,1931.250,5
04:05:09.17500,1931.250,24
04:05:10.62100,1931.500,1
04:05:11.17500,1931.500,1
04:05:12.04200,1931.500,1
04:05:12.55000,1931.500,39
04:05:12.94900,1931.500,6
04:05:13.75300,1931.500,6
04:05:14.03900,1931.500,5
04:05:15.69100,1931.500,7
04:05:16.73400,1931.500,5
04:05:17.77700,1931.750,9
04:05:18.54200,1931.750,2
04:05:18.94100,1931.500,2
04:05:19.16400,1931.750,1
04:05:22.43700,1931.750,80
04:05:23.29200,1931.750,26
04:05:25.35500,1931.500,15
04:05:27.52700,1931.750,17
04:05:28.08500,1931.500,12
04:05:33.61300,1931.500,21
04:05:35.22600,1931.500,4
04:05:37.49200,1931.750,23
04:05:38.01900,1931.500,1
04:05:39.16000,1931.500,1
04:05:44.19100,1931.500,1
04:05:45.90600,1931.750,14
04:05:47.46000,1931.750,5
04:05:47.94500,1931.750,7
04:05:48.65600,1932.000,1
04:05:49.43300,1931.750,10
04:05:51.26500,1931.750,1
04:05:56.47200,1931.500,12
04:05:56.59300,1931.500,2
04:05:57.71400,1931.250,7
04:05:58.88200,1931.500,11
04:06:03.42900,1931.500,20
04:06:03.77700,1931.500,4
04:06:05.13200,1931.500,10
04:06:08.25700,1931.500,1
04:06:10.33200,1931.750,56
04:06:11.55400,1931.750,16
04:06:18.88600,1931.750,14
04:06:21.54600,1931.750,1
04:06:22.07000,1931.750,4
04:06:22.34700,1931.500,5
04:06:23.50000,1931.750,5
04:06:25.74200,1931.750,1
04:06:26.04200,1931.750,3
04:06:26.64000,1931.750,2
04:06:27.23000,1932.000,29
04:06:27.55000,1932.000,2
04:06:28.64400,1931.750,1
04:06:36.00700,1931.750,3
04:06:36.51500,1932.000,10
04:06:38.01100,1931.750,1
04:06:38.69500,1932.250,65
04:06:38.81200,1932.000,11
04:06:38.96000,1932.000,1
04:06:43.32000,1932.250,1
04:06:43.64000,1932.250,27
04:06:44.94500,1932.000,48
04:06:45.39800,1932.250,1
04:06:47.34300,1931.750,10
04:06:47.77300,1931.750,1
04:06:49.17900,1932.000,10
04:06:49.71000,1931.750,1
04:06:52.42500,1931.750,11
04:06:54.35500,1931.750,2
04:06:57.82800,1931.750,1
04:06:59.81600,1931.750,5
04:07:00.80800,1931.750,19
04:07:01.05800,1932.000,140
04:07:01.18300,1931.750,36
04:07:11.47600,1932.000,3
04:07:12.60100,1931.750,22
04:07:12.91000,1931.750,1
04:07:16.37100,1931.750,3
04:07:16.52700,1931.750,5
04:07:19.03100,1931.500,29
04:07:21.23000,1931.500,21
04:07:24.43700,1931.500,23
04:07:26.17900,1931.250,19
04:07:27.26100,1931.250,32
04:07:27.85100,1931.250,13
04:07:29.14400,1931.250,1
04:07:30.81600,1931.250,1
04:07:31.00000,1931.250,12
04:07:31.54200,1931.000,6
04:07:32.40200,1931.000,2
04:07:36.10100,1931.250,11
04:07:36.17500,1931.250,13
04:07:36.24600,1931.250,3
04:07:37.79200,1931.500,5
04:07:42.01100,1931.750,17
04:07:42.14000,1931.500,2
04:07:42.83200,1931.500,7
04:07:43.17100,1931.500,24
04:07:44.17100,1931.500,4
04:07:45.06600,1931.750,18
04:07:46.21800,1931.500,1
04:07:46.93700,1931.500,19
04:07:48.22600,1931.250,3
04:07:50.39000,1931.500,4
04:07:51.28900,1931.500,2
04:07:51.66400,1931.500,3
04:07:52.81200,1931.500,1
04:07:54.53500,1931.500,26
04:07:58.29200,1931.500,8
04:07:58.77300,1931.750,2
04:08:01.16700,1931.750,22
04:08:01.44500,1931.750,9
04:08:03.12800,1931.750,3
04:08:06.10900,1931.750,20
04:08:09.32400,1931.750,21
04:08:11.29200,1932.000,5
04:08:11.61700,1932.000,5
04:08:12.23400,1932.000,1
04:08:13.32000,1931.750,1
04:08:17.37100,1931.750,1
04:08:18.44900,1931.750,16
04:08:18.49600,1932.000,4
04:08:21.64400,1932.000,2
04:08:24.19500,1931.750,26
04:08:24.36300,1932.000,1
04:08:28.62100,1932.250,43
04:08:28.73800,1932.250,5
04:08:34.12800,1932.250,1
04:08:36.89400,1932.500,24
04:08:37.05000,1932.500,1
04:08:37.67100,1932.500,54
04:08:37.68700,1932.500,5
04:08:42.17100,1932.500,1
04:08:42.17500,1932.500,1
04:08:42.90600,1933.000,39
04:08:44.87500,1933.000,48
04:08:45.78100,1933.000,9
04:08:46.00000,1933.000,5
04:08:48.30400,1932.750,58
04:08:51.05800,1932.750,1
04:08:52.10500,1933.000,58
04:08:52.34700,1933.000,24
04:08:53.07800,1933.250,107
04:08:53.37500,1933.000,1
04:08:53.59300,1933.250,2
04:08:54.63200,1933.250,83
04:08:55.24600,1933.250,24
04:08:55.62800,1933.250,16
04:08:55.93700,1933.500,5
04:08:56.89800,1933.000,129
04:08:57.10900,1933.250,2
04:08:57.49200,1933.000,5
04:08:57.69100,1933.250,1
04:09:05.68300,1933.250,2
04:09:07.83500,1933.250,30
04:09:08.05800,1933.250,2
04:09:09.19500,1933.250,33
04:09:10.56200,1933.250,65
04:09:10.60100,1933.500,8
04:09:10.68700,1933.500,10
04:09:11.57400,1933.750,24
04:09:12.07400,1933.500,11
04:09:12.21400,1933.750,2
04:09:12.44900,1933.500,1
04:09:13.01900,1933.750,1
04:09:14.62100,1933.750,116
04:09:14.62500,1933.750,25
04:09:14.62800,1933.750,56
04:09:14.73800,1933.500,7
04:09:16.60500,1933.500,80
04:09:16.89000,1933.500,6
04:09:17.83500,1933.500,5
04:09:19.03900,1933.500,12
04:09:19.36700,1933.500,1
04:09:21.15800,1933.250,45
04:09:23.74600,1933.250,2
04:09:25.16400,1933.500,24
04:09:26.42900,1933.500,4
04:09:29.64400,1933.250,1
04:09:29.92900,1933.500,1
04:09:35.39800,1933.500,1
04:09:37.75000,1933.250,2
04:09:38.96400,1933.250,1
04:09:40.13200,1933.500,9
04:09:40.66400,1933.500,1
04:09:40.87100,1933.250,1
04:09:41.26900,1933.250,1
04:09:41.80400,1933.250,64
04:09:43.14000,1933.250,2
04:09:44.16400,1933.250,13
04:09:54.62500,1933.250,20
04:09:55.14000,1933.250,20
04:09:58.58900,1933.250,18
04:09:58.68700,1933.250,1
04:09:59.41000,1933.250,4
04:09:59.90600,1933.250,2
04:10:00.57400,1933.500,15
04:10:02.04200,1933.250,2
04:10:03.85500,1933.250,16
04:10:05.24200,1933.500,7
04:10:13.66700,1933.000,19
04:10:14.00300,1933.250,1
04:10:15.76100,1933.250,4
04:10:16.00000,1933.250,1
04:10:16.22200,1933.250,2
04:10:16.31600,1933.250,1
04:10:17.60500,1933.250,1
04:10:19.80000,1933.250,4
04:10:21.65200,1933.250,2
04:10:23.86300,1933.500,16
04:10:26.25700,1933.250,1
04:10:31.17100,1933.500,2
04:10:31.84700,1933.500,1
04:10:33.67100,1933.500,19
04:10:33.94500,1933.250,8
04:10:34.59700,1933.500,3
04:10:36.60100,1933.250,36
04:10:37.07000,1933.250,1
04:10:38.82400,1933.250,1
04:10:38.96800,1933.500,211
04:10:39.05000,1933.500,4
04:10:39.53900,1933.500,13
04:10:41.57400,1933.250,1
04:10:44.40600,1933.500,22
04:10:44.70700,1933.500,2
04:10:46.78900,1933.750,5
04:10:47.29600,1933.500,3
04:10:49.45300,1933.250,36
04:10:50.67500,1933.250,4
04:10:51.44500,1933.250,2
04:10:52.50700,1933.500,2
04:10:52.60100,1933.500,1
04:10:56.89400,1933.500,2
04:10:58.66700,1933.500,15
04:10:58.93700,1933.500,3
04:10:59.11700,1933.500,1
04:10:59.93300,1933.500,2
04:11:06.41700,1933.500,29
04:11:06.48000,1933.500,2
04:11:07.94900,1933.250,1
04:11:09.32800,1933.500,4
04:11:09.47200,1933.500,1
04:11:09.88600,1933.500,3
04:11:11.04200,1933.250,1
04:11:17.28500,1933.750,30
04:11:17.51900,1933.750,1
04:11:17.60900,1933.750,8
04:11:18.03100,1933.750,9
04:11:18.14000,1933.750,1
04:11:19.14000,1933.750,12
04:11:21.53100,1933.750,20
04:11:23.67900,1934.000,8
04:11:23.80000,1934.000,5
04:11:24.33900,1933.750,5
04:11:24.65600,1934.000,6
04:11:24.71800,1934.000,3
04:11:25.30800,1934.000,1
04:11:26.17900,1934.000,1
04:11:26.54600,1934.000,2
04:11:27.82800,1933.750,6
04:11:28.03900,1933.750,2
04:11:28.35100,1933.750,2
04:11:29.72200,1933.750,1
04:11:30.36700,1934.000,7
04:11:30.43700,1934.000,1
04:11:31.97200,1933.750,24
04:11:32.52700,1933.750,2
04:11:32.85900,1933.750,5
04:11:33.20300,1933.750,7
04:11:33.27700,1933.750,4
04:11:33.60100,1933.750,2
04:11:34.01900,1933.750,12
04:11:34.64400,1933.750,6
04:11:36.28100,1933.750,2
04:11:36.43700,1934.000,1
04:11:36.50000,1934.000,1
04:11:36.62100,1933.750,2
04:11:37.81600,1934.000,13
04:11:38.42500,1933.750,1
04:11:40.02300,1934.000,19
04:11:41.59700,1933.750,1
04:11:42.28900,1934.000,1
04:11:43.86300,1934.000,1
04:11:45.76100,1933.750,65
04:11:46.12100,1934.000,13
04:11:46.35900,1934.000,19
04:11:46.63200,1934.000,3
04:11:47.30400,1933.750,15
04:11:48.03900,1934.000,25
04:11:48.23400,1934.000,10
04:11:49.08200,1934.000,8
04:11:49.21400,1933.750,1
04:11:49.64400,1933.750,22
04:11:49.70700,1933.750,1
04:11:50.07400,1933.750,12
04:11:51.50000,1933.750,3
04:11:52.25000,1933.750,2
04:11:56.36300,1933.750,1
04:11:56.92900,1933.750,39
04:11:57.92900,1933.750,10
04:11:58.03900,1933.750,13
04:11:59.19500,1933.750,7
04:11:59.27300,1933.750,1
04:12:00.00700,1933.750,3
04:12:00.17900,1933.750,5
04:12:00.95300,1933.750,2
04:12:01.13200,1933.750,17
04:12:01.80400,1933.750,2
04:12:02.39400,1933.750,4
04:12:03.38600,1933.750,1
04:12:03.79600,1933.750,5
04:12:05.64000,1933.750,6
04:12:05.79600,1933.750,2
04:12:06.44100,1933.500,1
04:12:06.64400,1933.750,1
04:12:09.71400,1933.500,66
04:12:09.92100,1933.500,3
04:12:10.33900,1933.500,12
04:12:10.87500,1933.500,71
04:12:15.29200,1933.750,37
04:12:15.93300,1933.750,10
04:12:17.46000,1933.750,6
04:12:19.01900,1934.000,2
04:12:19.05800,1934.000,22
04:12:19.13200,1934.000,2
04:12:20.05000,1934.000,17
04:12:20.12800,1934.000,3
04:12:20.57800,1934.000,8
04:12:22.14800,1934.000,1
04:12:22.83500,1934.000,8
04:12:23.20700,1934.000,6
04:12:24.38600,1934.000,3
04:12:28.26500,1934.000,1
04:12:30.89000,1934.000,9
04:12:33.23400,1934.000,1
04:12:34.74600,1933.750,46
04:12:34.96400,1933.750,9
04:12:35.28900,1933.750,7
04:12:35.89400,1933.750,1
04:12:37.41700,1933.750,28
04:12:42.32400,1933.500,1
04:12:42.64800,1933.500,25
04:12:53.17500,1933.500,5
04:12:54.32800,1933.500,4
04:12:57.17100,1933.250,14
04:12:57.69100,1933.250,1
04:13:04.61700,1933.250,16
04:13:05.60500,1933.250,24
04:13:05.90200,1933.250,11
04:13:06.48800,1933.250,9
04:13:09.23400,1933.500,1
04:13:10.08200,1933.250,31
04:13:12.84700,1933.000,12
04:13:13.09300,1933.000,6
04:13:14.68700,1933.000,1
04:13:16.17500,1933.000,75
04:13:17.04600,1933.000,1
04:13:17.75300,1933.000,1
04:13:19.37800,1933.250,11
04:13:22.15600,1933.250,28
04:13:22.26500,1933.500,4
04:13:23.25000,1933.250,1
04:13:23.87100,1933.250,5
04:13:25.13600,1933.250,8
04:13:25.45700,1933.250,1
04:13:26.75000,1933.750,28
04:13:27.14000,1933.500,39
04:13:27.71400,1933.750,2
04:13:27.84300,1933.500,2
04:13:28.53100,1933.500,1
04:13:28.67500,1933.250,25
04:13:29.10500,1933.500,8
04:13:29.35900,1933.500,2
04:13:29.63600,1933.500,4
04:13:30.33200,1933.500,2
04:13:34.30800,1933.500,18
04:13:34.49200,1933.750,1
04:13:38.59700,1933.750,2
04:13:50.44100,1933.750,1
04:13:54.10900,1933.500,21
04:13:55.03900,1933.500,1
04:13:57.43300,1933.500,1
04:14:01.58200,1933.500,26
04:14:06.78900,1933.500,3
04:14:07.00000,1933.500,4
04:14:07.10500,1933.750,1
04:14:09.37100,1933.500,6
04:14:10.56200,1933.250,35
04:14:10.78900,1933.250,2
04:14:11.79200,1933.250,21
04:14:13.31200,1933.000,66
04:14:14.79200,1933.000,14
04:14:17.71400,1933.000,3
04:14:24.74600,1933.250,1
04:14:26.47600,1933.000,1
04:14:27.25300,1933.250,17
04:14:27.80800,1933.500,2
04:14:28.89400,1933.250,7
04:14:28.89400,1933.250,5
04:14:30.90200,1933.500,10
04:14:31.78100,1933.250,2
04:14:31.96400,1933.250,9
04:14:42.43300,1933.250,7
04:14:44.84300,1933.250,1
04:14:45.71400,1933.250,1
04:14:48.83500,1933.250,14
04:14:51.12500,1933.250,12
04:14:55.34300,1933.250,7
04:14:58.28900,1933.500,1
04:14:59.49200,1933.500,28
04:14:59.77700,1933.500,1
04:15:01.15600,1933.500,18
04:15:04.84700,1933.500,14
04:15:06.81200,1933.500,3
04:15:11.00700,1933.750,63
04:15:11.76900,1933.750,11
04:15:12.04200,1933.750,2
04:15:21.81200,1933.750,1
04:15:23.14400,1934.000,3
04:15:24.51500,1934.000,1
04:15:30.77300,1933.750,16
04:15:32.91000,1933.750,5
04:15:34.62100,1934.000,65
04:15:35.14400,1934.000,1
04:15:37.01500,1934.000,1
04:15:40.08500,1934.000,11
04:15:40.23400,1933.750,1
04:15:41.68300,1934.000,8
04:15:43.88600,1934.000,2
04:15:44.10900,1933.750,4
04:15:56.48800,1934.000,28
04:15:57.76900,1933.750,18
04:15:58.03900,1933.750,2
04:15:59.23400,1934.000,1
04:16:06.50000,1933.500,31
04:16:07.08500,1933.500,1
04:16:07.51900,1933.500,7
04:16:21.42900,1933.500,1
04:16:25.19100,1933.500,6
04:16:25.41700,1933.500,11
04:16:25.91000,1933.500,2
04:16:27.08500,1933.500,2
04:16:30.01500,1933.500,14
04:16:31.04600,1933.500,6
04:16:37.96800,1933.250,1
04:16:38.42100,1933.500,16
04:16:38.66400,1933.500,1
04:16:39.48000,1933.500,9
04:16:39.71000,1933.500,1
04:16:44.00300,1933.500,1
04:16:54.12100,1933.500,1
04:16:58.64400,1933.500,13
04:16:59.76900,1933.500,66
04:17:01.05000,1933.500,16
04:17:02.57000,1933.500,1
04:17:05.76100,1933.250,84
04:17:05.87100,1933.250,7
04:17:06.25700,1933.250,1
04:17:06.82000,1933.250,1
04:17:07.58900,1933.250,4
04:17:10.73000,1933.500,1
04:17:11.73800,1933.500,1
04:17:12.04600,1933.250,8
04:17:13.50300,1933.250,10
04:17:14.70700,1933.250,1
04:17:18.04200,1933.250,1
04:17:19.41700,1933.250,1
04:17:22.27700,1933.250,5
04:17:26.19500,1933.500,14
04:17:26.39800,1933.500,9
04:17:26.92900,1933.500,4
04:17:31.05800,1933.750,35
04:17:33.70700,1933.750,5
04:17:36.07000,1933.750,1
04:17:36.70300,1933.750,1
04:17:38.35100,1933.750,7
04:17:39.20700,1933.750,3
04:17:39.51100,1933.750,18
04:17:45.83200,1933.500,39
04:17:46.15200,1933.500,2
04:17:47.33200,1933.500,23
04:17:53.69900,1933.250,35
04:17:55.63200,1933.250,1
04:17:58.31600,1933.250,12
04:17:58.54600,1933.250,2
04:18:01.24200,1933.500,31
04:18:02.91400,1933.500,2
04:18:03.47200,1933.250,1
04:18:04.72600,1933.500,3
04:18:04.83500,1933.500,4
04:18:06.01900,1933.500,1
04:18:07.06600,1933.500,6
04:18:11.53100,1933.250,1
04:18:13.69900,1933.500,11
04:18:14.57800,1933.500,6
04:18:14.65200,1933.500,11
04:18:16.04600,1933.500,7
04:18:17.45700,1933.500,5
04:18:24.63600,1933.500,3
04:18:24.71400,1933.500,2
04:18:26.19100,1933.250,13
04:18:26.39800,1933.500,7
04:18:27.51500,1933.250,10
04:18:30.01900,1933.250,9
04:18:36.65200,1933.500,8
04:18:38.38200,1933.500,48
04:18:38.44900,1933.500,2
04:18:38.71800,1933.750,3
04:18:40.25700,1933.500,9
04:18:41.53100,1933.500,2
04:18:42.14800,1933.750,1
04:18:44.17500,1933.750,17
04:18:46.42500,1933.500,4
04:18:46.61700,1933.500,1
04:18:49.09300,1933.500,45
04:18:49.48400,1933.500,6
04:18:50.68300,1933.500,8
04:18:51.42500,1933.500,5
04:18:57.26500,1933.500,57
04:18:58.58200,1933.750,14
04:18:59.32000,1933.500,20
04:18:59.62800,1933.500,3
04:19:06.62500,1933.750,22
04:19:08.36300,1933.750,1
04:19:11.75700,1933.500,15
04:19:16.78900,1933.750,13
04:19:17.65600,1933.750,3
04:19:18.74600,1933.750,2
04:19:19.41000,1933.750,11
04:19:20.33900,1933.750,9
04:19:26.01900,1934.000,2
04:19:29.74600,1933.750,2
04:19:30.26500,1934.000,1
04:19:32.20700,1934.000,11
04:19:32.46400,1934.000,1
04:19:35.16400,1934.000,1
04:19:39.20700,1934.000,1
04:19:40.92900,1934.000,1
04:19:43.44100,1934.250,55
04:19:43.44500,1934.250,90
04:19:43.50000,1934.250,2
04:19:43.59300,1934.250,19
04:19:44.20700,1934.250,5
04:19:44.50000,1934.250,15
04:19:45.00700,1934.250,21
04:19:45.27300,1934.250,6
04:19:45.64800,1934.500,8
04:19:46.04600,1934.500,1
04:19:47.88600,1934.250,1
04:19:48.92100,1934.500,1
04:19:49.91700,1934.500,1
04:19:51.26100,1934.500,2
04:19:52.26100,1934.500,11
04:19:54.13200,1934.500,1
04:19:55.01100,1934.250,45
04:19:55.19900,1934.250,8
04:19:55.73400,1934.250,20
04:19:55.78500,1934.250,2
04:19:56.01500,1934.500,10
04:19:57.16700,1934.250,22
04:19:57.96000,1934.250,5
04:19:58.01900,1934.250,1
04:19:59.37500,1934.250,1
04:19:59.87500,1934.250,2
04:20:00.50000,1934.000,2
04:20:01.10100,1934.250,2
04:20:04.26500,1934.250,1
04:20:07.62100,1934.000,2
04:20:13.04600,1934.000,1
04:20:14.47200,1934.000,75
04:20:14.91700,1934.000,10
04:20:16.95300,1934.000,2
04:20:18.54200,1934.250,3
04:20:20.06200,1934.000,39
04:20:20.58500,1934.250,5
04:20:21.27700,1933.750,22
04:20:21.37500,1934.000,10
04:20:22.49200,1934.000,5
04:20:25.34300,1933.750,29
04:20:25.51900,1933.750,10
04:20:26.32000,1933.750,2
04:20:28.58500,1933.750,1
04:20:31.87800,1933.750,16
04:20:32.40200,1933.500,2
04:20:32.47600,1933.500,25
04:20:33.11300,1933.500,12
04:20:37.83500,1933.500,1
04:20:39.05400,1933.500,4
04:20:39.43300,1933.500,1
04:20:40.73400,1933.500,5
04:20:41.41000,1933.500,5
04:20:43.94100,1933.500,10
04:20:46.42500,1933.500,6
04:20:47.05000,1933.500,8
04:20:48.54600,1933.500,2
04:20:50.05000,1933.500,11
04:20:51.15600,1933.750,15
04:20:53.36700,1933.500,4
04:20:53.53500,1933.250,1
04:20:54.62100,1933.500,6
04:20:56.39400,1933.500,3
04:21:03.63200,1933.750,13
04:21:04.02300,1933.500,1
04:21:05.35100,1933.250,104
04:21:06.93300,1933.500,1
04:21:07.57000,1933.250,1
04:21:09.38600,1933.250,41
04:21:12.13600,1933.250,17
04:21:13.19900,1933.000,17
04:21:13.27700,1933.000,4
04:21:13.88600,1933.250,5
04:21:14.22600,1933.000,1
04:21:14.94100,1933.250,15
04:21:16.35100,1933.250,1
04:21:16.69900,1933.250,1
04:21:18.76900,1933.000,26
04:21:20.84300,1933.000,1
04:21:21.52700,1933.000,12
04:21:23.73800,1933.250,6
04:21:24.05400,1933.000,2
04:21:25.90600,1933.000,11
04:21:26.28100,1933.000,5
04:21:26.64000,1933.000,1
04:21:30.75300,1933.000,1
04:21:30.92100,1933.000,1
04:21:34.18700,1933.000,1
04:21:36.80400,1933.000,1
04:21:39.19500,1933.000,2
04:21:40.82400,1933.000,12
04:21:46.23800,1933.000,1
04:21:46.71800,1932.750,8
04:21:47.35900,1932.750,1
04:21:47.86300,1933.000,3
04:21:48.55800,1933.000,1
04:21:54.00700,1933.000,16
04:21:55.46000,1933.000,1
04:21:55.67100,1933.000,4
04:21:56.30000,1933.250,15
04:21:56.79600,1933.000,1
04:22:01.05400,1933.000,16
04:22:08.42100,1933.000,5
04:22:11.52700,1932.750,1
04:22:13.46400,1933.250,5
04:22:14.39800,1933.000,1
04:22:14.92500,1933.000,1
04:22:16.25700,1933.000,6
04:22:19.59700,1933.000,25
04:22:20.45300,1933.000,2
