09:00:00.31200,1936.750,0
09:00:00.55000,1937.000,1
09:00:00.57400,1937.000,1
09:00:01.18300,1936.750,8
09:00:02.27300,1936.750,1
09:00:02.61700,1936.750,6
09:00:03.08500,1936.750,176
09:00:03.18700,1937.000,1
09:00:04.66000,1937.000,1
09:00:06.80800,1937.000,52
09:00:06.93300,1936.750,1
09:00:10.19500,1936.750,1
09:00:12.80000,1936.750,105
09:00:13.41400,1936.750,2
09:00:13.79200,1936.750,1
09:00:14.29200,1936.750,6
09:00:14.95700,1936.750,1
09:00:15.56200,1936.750,2
09:00:16.44900,1936.750,1
09:00:17.05000,1936.750,1
09:00:17.40200,1936.750,1
09:00:17.82400,1937.000,1
09:00:18.02700,1936.750,1
09:00:18.13600,1936.750,34
09:00:18.62100,1936.750,2
09:00:20.78100,1936.750,8
09:00:21.03500,1936.750,12
09:00:21.27700,1936.750,26
09:00:21.33900,1936.750,5
09:00:22.44500,1936.500,10
09:00:22.58900,1936.500,177
09:00:22.62100,1936.250,2
09:00:22.91000,1936.500,1
09:00:23.10500,1936.500,26
09:00:23.44500,1936.500,1
09:00:23.71400,1936.500,1
09:00:24.21800,1936.500,13
09:00:24.35100,1936.500,25
09:00:24.46000,1936.500,4
09:00:24.74200,1936.500,1
09:00:24.88200,1936.500,4
09:00:25.14400,1936.500,13
09:00:25.42500,1936.500,9
09:00:26.01100,1936.500,3
09:00:26.39000,1936.500,9
09:00:26.88200,1936.500,4
09:00:27.64000,1936.500,7
09:00:28.02700,1936.500,1
09:00:28.36700,1936.500,1
09:00:28.61700,1936.500,1
09:00:28.82800,1936.500,1
09:00:29.00000,1936.500,3
09:00:29.07800,1936.500,3
09:00:30.00000,1936.500,7
09:00:30.29200,1936.500,6
09:00:30.34700,1936.500,19
09:00:30.40600,1936.500,3
09:00:31.24600,1936.250,10
09:00:31.41400,1936.500,3
09:00:31.63200,1936.500,5
09:00:31.81600,1936.250,1
09:00:31.91700,1936.250,1
09:00:32.16700,1936.250,2
09:00:32.53500,1936.250,1
09:00:32.94100,1936.250,2
09:00:33.62500,1936.250,1
09:00:35.46400,1936.500,11
09:00:36.15200,1936.250,1
09:00:37.32000,1936.250,2
09:00:38.12800,1936.250,2
09:00:38.81200,1936.500,89
09:00:38.95700,1936.500,18
09:00:39.56200,1936.500,25
09:00:40.16700,1936.500,1
09:00:41.08900,1936.500,3
09:00:41.66000,1936.500,69
09:00:43.65600,1936.500,1
09:00:44.48000,1936.500,1
09:00:46.14400,1936.500,1
09:00:47.07800,1936.250,2
09:00:47.64000,1936.500,1
09:00:48.42100,1936.500,3
09:00:49.64000,1936.250,1
09:00:52.92100,1936.250,2
09:00:54.32800,1936.250,1
09:00:55.43700,1936.500,2
09:00:56.25300,1936.500,22
09:00:56.78100,1936.250,2
09:00:57.00700,1936.250,195
09:00:57.07000,1936.250,1
09:00:57.38600,1936.250,52
09:00:57.42900,1936.250,6
09:00:58.07000,1936.250,10
09:00:58.19900,1936.250,2
09:00:58.67500,1936.250,2
09:01:00.42500,1936.250,6
09:01:03.51100,1936.250,1
09:01:04.10100,1936.250,1
09:01:04.46000,1936.250,1
09:01:05.01900,1936.250,28
09:01:05.26500,1936.500,3
09:01:06.07000,1936.250,3
09:01:06.51500,1936.250,12
09:01:07.10100,1936.250,3
09:01:09.03500,1936.250,2
09:01:10.13600,1936.250,11
09:01:11.12800,1936.250,1
09:01:11.77700,1936.250,2
09:01:12.64400,1936.250,1
09:01:13.36700,1936.250,1
09:01:14.58500,1936.250,1
09:01:15.01500,1936.250,1
09:01:16.39000,1936.250,48
09:01:17.21400,1936.250,27
09:01:18.06200,1936.250,1
09:01:18.83500,1936.500,1
09:01:20.27700,1936.500,1
09:01:21.69500,1936.250,1
09:01:23.01500,1936.250,1
09:01:24.05800,1936.250,1
09:01:27.08900,1936.500,8
09:01:27.20300,1936.500,19
09:01:27.80800,1936.250,1
09:01:30.81200,1936.500,1
09:01:32.88600,1936.250,2
09:01:34.12500,1936.250,1
09:01:34.53900,1936.500,2
09:01:36.36700,1936.250,1
09:01:37.46800,1936.250,1
09:01:38.59300,1936.250,2
09:01:39.18700,1936.250,1
09:01:40.03900,1936.250,1
09:01:40.78100,1936.250,1
09:01:41.23800,1936.250,1
09:01:42.41700,1936.250,3
09:01:42.89800,1936.250,3
09:01:44.93700,1936.250,2
09:01:45.03100,1936.500,1
09:01:45.73800,1936.250,1
09:01:46.95700,1936.500,24
09:01:47.03900,1936.500,4
09:01:47.89400,1936.500,2
09:01:50.38200,1936.500,15
09:01:50.97200,1936.250,52
09:01:51.40600,1936.250,1
09:01:53.34700,1936.250,1
09:01:55.12800,1936.250,2
09:01:56.41400,1936.250,1
09:01:57.75000,1936.250,2
09:01:58.11700,1936.250,1
09:01:59.78500,1936.250,1
09:02:03.01100,1936.250,2
09:02:04.00300,1936.250,1
09:02:05.93300,1936.250,23
09:02:06.18700,1936.250,6
09:02:06.30800,1936.250,7
09:02:06.44100,1936.250,2
09:02:06.62500,1936.250,3
09:02:06.88200,1936.500,3
09:02:07.03100,1936.500,22
09:02:07.10500,1936.500,2
09:02:08.44500,1936.250,2
09:02:10.53500,1936.500,1
09:02:12.69900,1936.250,1
09:02:13.66700,1936.500,20
09:02:16.39400,1936.500,5
09:02:21.12100,1936.250,30
09:02:21.68700,1936.500,1
09:02:23.71000,1936.500,12
09:02:25.42100,1936.500,57
09:02:26.19100,1936.500,1
09:02:27.21800,1936.500,68
09:02:27.30400,1936.750,5
09:02:28.39400,1936.750,2
09:02:31.50000,1936.750,12
09:02:32.21000,1936.500,5
09:02:33.02700,1936.750,1
09:02:33.65600,1936.500,2
09:02:36.48800,1936.500,5
09:02:38.09300,1936.750,1
09:02:38.43300,1936.500,26
09:02:39.00000,1936.500,26
09:02:39.55000,1936.500,11
09:02:40.72200,1936.750,2
09:02:45.25700,1936.500,4
09:02:45.40600,1936.500,2
09:02:45.73400,1936.500,2
09:02:46.14000,1936.500,1
09:02:47.18300,1936.750,46
09:02:49.14400,1936.500,1
09:02:51.73000,1936.500,1
09:02:52.41000,1936.500,36
09:02:52.42100,1936.500,8
09:02:52.91000,1936.500,10
09:02:53.71400,1936.500,1
09:02:54.14800,1936.750,6
09:02:56.83500,1936.500,2
09:02:58.63200,1936.500,35
09:02:59.33200,1936.500,5
09:02:59.72600,1936.500,1
09:03:01.53900,1936.500,21
09:03:01.80800,1936.500,1
09:03:03.23800,1936.500,9
09:03:03.58200,1936.500,18
09:03:03.77300,1936.500,2
09:03:04.45300,1936.250,1
09:03:06.25000,1936.250,1
09:03:07.77700,1936.500,29
09:03:08.67500,1936.500,19
09:03:09.97200,1936.500,12
09:03:10.91400,1936.500,4
09:03:11.32800,1936.500,1
09:03:11.83200,1936.500,4
09:03:12.69100,1936.500,22
09:03:15.01100,1936.500,1
09:03:16.93700,1936.500,2
09:03:18.08200,1936.500,1
09:03:18.76500,1936.250,1
09:03:20.28100,1936.500,1
09:03:20.66400,1936.250,1
09:03:21.66000,1936.250,2
09:03:22.03500,1936.500,2
09:03:23.08500,1936.250,1
09:03:24.47600,1936.250,6
09:03:25.91000,1936.250,1
09:03:29.14400,1936.250,1
09:03:29.65200,1936.250,1
09:03:32.65600,1936.250,1
09:03:33.33900,1936.500,12
09:03:33.41700,1936.500,4
09:03:33.48000,1936.500,2
09:03:37.49200,1936.500,1
09:03:37.71800,1936.500,56
09:03:39.62800,1936.500,40
09:03:39.89800,1936.500,10
09:03:40.74600,1936.500,10
09:03:43.12100,1936.500,15
09:03:43.64800,1936.500,1
09:03:45.36300,1936.500,1
09:03:49.28900,1936.500,29
09:03:52.02300,1936.500,7
09:03:52.66700,1936.500,1
09:03:53.05800,1936.500,7
09:03:53.80000,1936.500,3
09:03:54.50700,1936.500,2
09:03:55.55000,1936.500,22
09:03:55.65200,1936.500,1
09:03:56.14800,1936.500,9
09:03:57.00700,1936.500,4
09:03:57.45300,1936.250,1
09:03:58.68700,1936.500,2
09:04:00.36700,1936.250,4
09:04:01.13200,1936.250,122
09:04:01.23800,1936.250,40
09:04:01.43700,1936.250,5
09:04:02.07000,1936.250,1
09:04:04.17900,1936.250,4
09:04:04.46000,1936.250,1
09:04:06.23400,1936.250,16
09:04:14.86700,1936.500,2
09:04:14.94900,1936.500,10
09:04:15.24200,1936.250,2
09:04:16.87800,1936.250,1
09:04:18.66000,1936.250,259
09:04:20.82800,1936.250,404
09:04:21.71800,1936.000,1
09:04:24.07800,1936.000,1
09:04:24.76900,1936.000,1
09:04:25.49600,1936.000,9
09:04:25.68300,1936.000,1
09:04:26.00000,1936.250,39
09:04:26.09700,1936.000,8
09:04:26.58900,1936.000,116
09:04:26.70700,1935.750,2
09:04:27.78900,1935.000,858
09:04:27.80800,1935.250,150
09:04:28.04200,1935.250,7
09:04:28.06600,1935.250,1
09:04:28.63200,1935.250,1
09:04:28.65600,1935.250,4
09:04:28.90200,1935.250,2
09:04:29.03500,1935.500,196
09:04:29.16000,1935.500,101
09:04:29.25700,1935.500,1
09:04:29.36700,1935.500,1
09:04:29.66000,1935.500,3
09:04:30.01900,1935.500,1
09:04:30.10100,1935.500,1
09:04:30.34700,1935.750,74
09:04:30.41700,1935.500,2
09:04:31.76500,1935.500,66
09:04:32.12500,1935.500,1
09:04:32.82000,1935.500,22
09:04:32.92100,1935.500,3
09:04:33.06200,1935.500,5
09:04:33.16400,1935.500,6
09:04:33.47200,1935.500,5
09:04:35.15200,1935.750,2
09:04:35.85500,1935.500,2
09:04:36.25700,1935.500,164
09:04:36.64000,1935.500,1
09:04:37.96800,1935.250,2
09:04:38.11700,1935.250,1
09:04:38.30800,1935.500,5
09:04:38.38200,1935.500,2
09:04:39.59700,1935.250,2
09:04:40.38600,1935.250,5
09:04:40.51500,1935.500,1
09:04:41.14000,1935.250,2
09:04:41.66000,1935.250,12
09:04:41.89000,1935.250,1
09:04:42.19100,1935.250,1
09:04:43.10100,1935.500,2
09:04:43.16700,1935.500,1
09:04:43.39400,1935.250,1
09:04:44.22200,1935.250,1
09:04:45.04200,1935.250,2
09:04:46.54200,1935.500,3
09:04:46.85500,1935.250,3
09:04:50.10500,1935.500,14
09:04:50.77700,1935.500,1
09:04:51.54200,1935.500,1
09:04:54.12800,1935.500,290
09:04:54.18300,1935.500,2
09:04:54.37800,1935.500,7
09:04:54.50300,1935.500,1
09:04:54.67500,1935.500,45
09:04:55.40600,1935.250,5
09:04:55.58500,1935.500,2
09:04:55.64000,1935.500,1
09:04:56.04200,1935.250,1
09:04:57.63600,1935.250,7
09:04:58.46800,1935.500,5
09:04:59.46800,1935.500,30
09:05:00.04200,1935.500,43
09:05:00.41000,1935.750,1
09:05:00.52700,1935.750,1
09:05:00.91700,1935.500,11
09:05:01.13600,1935.500,1
09:05:02.57000,1935.500,26
09:05:06.81600,1935.500,106
09:05:06.96800,1935.500,4
09:05:07.19500,1935.500,8
09:05:07.25300,1935.500,1
09:05:07.33900,1935.500,9
09:05:08.28100,1935.500,5
09:05:16.71800,1935.500,1
09:05:17.06600,1935.500,1
09:05:18.03100,1935.500,3
09:05:18.30000,1935.500,1
09:05:19.39400,1935.750,5
09:05:20.85900,1935.500,2
09:05:21.20300,1935.750,1
09:05:22.50000,1935.750,1
09:05:23.38600,1935.500,1
09:05:24.73400,1935.500,1
09:05:27.64000,1935.500,1
09:05:28.21000,1935.500,5
09:05:31.14800,1935.750,1
09:05:31.25000,1935.750,1
09:05:31.64400,1935.500,1
09:05:32.78500,1935.750,2
09:05:35.37500,1935.750,1
09:05:35.75700,1935.750,1
09:05:37.39400,1935.750,2
09:05:38.76500,1935.750,164
09:05:38.87500,1936.000,6
09:05:38.96000,1936.000,9
09:05:39.04600,1936.000,1
09:05:39.25000,1935.750,2
09:05:39.40200,1935.750,17
09:05:39.62100,1935.750,1
09:05:40.71400,1936.000,5
09:05:40.80400,1936.000,1
09:05:41.85900,1936.000,2
09:05:42.07400,1936.000,1
09:05:43.48400,1936.000,1
09:05:43.56600,1935.750,1
09:05:44.00700,1936.250,549
09:05:44.07400,1936.250,1
09:05:44.14800,1936.250,1
09:05:44.40600,1936.250,3
09:05:44.51900,1936.000,31
09:05:45.12800,1936.250,2
09:05:45.65600,1936.000,5
09:05:45.93700,1936.000,10
09:05:49.67900,1936.000,3
09:05:52.40200,1936.000,1
09:05:53.54600,1936.000,3
09:05:56.94900,1936.000,1
09:05:59.08900,1936.250,2
09:05:59.17100,1936.250,1
09:05:59.51100,1936.250,3
09:06:08.09700,1936.000,2
09:06:09.21400,1936.000,97
09:06:09.33200,1936.000,26
09:06:09.45700,1936.000,2
09:06:09.76500,1936.000,1
09:06:10.31600,1936.000,2
09:06:11.44500,1935.750,1
09:06:13.14400,1935.750,122
09:06:13.28500,1935.750,81
09:06:13.66400,1935.750,1
09:06:13.76100,1935.750,36
09:06:15.75300,1936.000,14
09:06:15.82000,1936.000,1
09:06:16.93300,1935.750,1
09:06:18.16700,1935.750,1
09:06:21.63600,1936.000,87
09:06:22.48000,1936.000,1
09:06:22.89000,1936.000,1
09:06:23.58900,1936.000,1
09:06:25.48800,1936.250,6
09:06:28.16000,1936.250,1
09:06:31.47600,1936.250,1
09:06:39.47200,1936.250,1
09:06:48.39400,1936.250,11
09:06:48.70700,1936.250,1
09:06:52.01500,1936.250,1
09:06:53.35500,1936.000,1
09:06:53.93300,1936.000,1
09:06:54.31600,1936.250,4
09:06:56.05800,1936.250,33
09:06:56.10900,1936.250,1
09:06:56.26100,1936.000,97
09:06:56.39000,1936.000,14
09:06:56.46800,1936.000,7
09:06:58.27700,1936.000,50
09:06:58.48400,1936.000,35
09:06:58.60500,1936.000,1
09:07:00.00700,1935.750,112
09:07:00.06200,1935.750,10
09:07:00.21400,1935.750,13
09:07:00.34300,1936.000,3
09:07:00.66700,1936.000,4
09:07:01.46000,1935.750,1
09:07:02.01100,1935.750,6
09:07:02.26500,1935.750,1
09:07:03.38200,1935.500,2
09:07:03.86700,1935.500,8
09:07:04.05400,1935.500,70
09:07:04.11300,1935.500,4
09:07:04.32400,1935.500,3
09:07:04.59300,1935.500,15
09:07:04.83500,1935.750,6
09:07:05.10900,1935.750,2
09:07:05.95300,1935.750,2
09:07:07.92100,1935.500,5
09:07:08.57800,1935.500,1
09:07:09.45300,1935.750,3
09:07:10.29600,1935.500,5
09:07:10.59300,1935.500,25
09:07:11.08200,1935.500,1
09:07:12.34700,1935.500,1
09:07:13.48800,1935.500,106
09:07:14.61700,1935.500,3
09:07:15.04600,1935.500,2
09:07:15.36700,1935.500,1
09:07:15.83900,1935.500,14
09:07:15.93700,1935.500,13
09:07:16.01500,1935.500,1
09:07:17.00300,1935.500,20
09:07:20.29600,1935.500,1
09:07:20.61300,1935.500,1
09:07:21.15600,1935.500,1
09:07:24.82400,1935.500,5
09:07:25.57400,1935.750,7
09:07:27.57800,1935.500,229
09:07:28.52300,1935.750,68
09:07:28.70700,1936.000,1
09:07:28.78500,1936.000,4
09:07:28.86300,1935.750,1
09:07:30.60100,1935.750,115
09:07:30.78500,1935.750,5
09:07:30.94100,1935.750,1
09:07:31.71800,1935.750,2
09:07:32.04600,1935.500,1
09:07:35.49600,1935.500,1
09:07:36.41000,1935.750,44
09:07:36.47600,1936.000,7
09:07:37.05400,1935.750,26
09:07:37.09700,1935.750,1
09:07:37.19500,1935.750,16
09:07:37.95700,1935.750,15
09:07:40.26900,1935.750,8
09:07:40.51500,1935.750,16
09:07:42.71800,1936.000,2
09:07:43.83500,1935.750,45
09:07:44.39000,1935.750,3
09:07:44.55400,1935.750,5
09:07:45.32000,1935.750,15
09:07:46.62500,1935.750,1
09:07:49.03100,1935.750,1
09:07:51.32400,1936.000,2
09:07:52.14000,1935.750,3
09:07:53.71400,1935.750,14
09:07:55.00000,1935.750,1
09:07:56.73400,1935.750,1
09:07:58.37100,1935.750,20
09:07:58.61700,1935.750,20
09:07:59.18300,1935.750,2
09:08:02.10900,1935.750,4
09:08:05.81600,1935.750,1
09:08:07.44100,1936.000,3
09:08:07.51900,1936.000,1
09:08:09.70300,1935.750,1
09:08:11.07800,1935.750,2
09:08:13.48400,1935.750,3
09:08:15.39000,1936.000,2
09:08:15.70700,1935.750,5
09:08:15.85900,1935.750,2
09:08:16.50700,1936.000,19
09:08:16.57800,1936.000,2
09:08:18.56600,1935.750,2
09:08:22.52300,1935.750,6
09:08:25.58900,1936.000,3
09:08:26.28500,1935.750,55
09:08:32.71000,1935.750,14
09:08:32.83900,1935.750,10
09:08:35.77300,1936.000,2
09:08:35.92500,1936.000,1
09:08:36.16700,1936.000,58
09:08:36.22200,1936.000,20
09:08:36.28500,1936.000,3
09:08:37.14800,1936.000,1
09:08:37.82400,1935.750,1
09:08:43.30000,1935.750,24
09:08:44.50000,1935.750,7
09:08:44.86300,1936.000,5
09:08:44.95300,1936.000,1
09:08:48.01100,1936.000,1
09:08:50.07400,1935.750,53
09:08:50.15600,1935.750,1
09:08:50.94900,1935.750,17
09:08:51.11300,1935.750,1
09:08:51.20300,1935.750,1
09:08:51.30800,1935.750,1
09:08:52.02700,1935.750,1
09:08:52.19900,1935.750,1
09:08:52.95700,1935.500,11
09:08:53.16400,1935.500,2
09:08:55.03100,1935.750,1
09:08:55.42500,1935.750,1
09:09:02.57000,1935.500,165
09:09:02.57000,1935.500,1
09:09:02.67500,1935.750,1
09:09:02.97200,1935.750,9
09:09:03.12500,1935.500,5
09:09:04.97200,1935.500,2
09:09:05.27300,1935.500,16
09:09:06.09700,1935.250,9
09:09:06.55000,1935.250,10
09:09:07.01100,1935.250,73
09:09:07.08200,1935.250,7
09:09:07.08500,1935.250,14
09:09:07.47200,1935.250,3
09:09:07.78900,1935.250,35
09:09:07.88600,1935.250,1
09:09:07.93700,1935.250,9
09:09:08.21800,1935.000,3
09:09:08.56200,1935.250,8
09:09:08.72600,1935.000,7
09:09:09.15200,1935.250,1
09:09:09.48400,1935.000,205
09:09:09.57000,1935.000,19
09:09:09.57800,1935.000,1
09:09:09.67500,1935.000,2
09:09:10.19900,1934.750,21
09:09:10.32000,1935.000,53
09:09:10.41700,1935.000,7
09:09:10.77700,1934.750,2
09:09:11.26900,1935.000,1
09:09:11.40200,1935.000,2
09:09:11.66700,1934.750,10
09:09:11.84300,1934.750,1
09:09:12.28100,1935.250,159
09:09:12.73800,1935.250,1
09:09:13.08200,1935.500,10
09:09:13.23800,1935.500,2
09:09:13.49600,1935.500,2
09:09:14.19500,1935.250,1
09:09:15.45300,1935.250,1
09:09:15.64400,1935.250,1
09:09:16.90600,1935.250,59
09:09:17.25300,1935.250,1
09:09:17.93300,1935.000,1
09:09:18.13200,1935.000,1
09:09:18.28500,1935.000,3
09:09:18.50700,1935.000,44
09:09:18.57800,1935.000,10
09:09:18.73400,1935.000,21
09:09:19.26900,1934.750,1
09:09:19.62500,1935.000,16
09:09:19.73000,1935.000,2
09:09:19.82800,1934.750,1
09:09:20.37500,1934.750,40
09:09:20.45300,1934.750,6
09:09:20.58500,1934.750,192
09:09:20.76100,1935.000,11
09:09:20.83900,1935.000,1
09:09:20.94900,1934.750,2
09:09:21.12800,1934.750,2
09:09:21.46000,1934.750,1
09:09:21.83500,1934.750,51
09:09:22.62500,1934.750,5
09:09:22.84700,1935.000,19
09:09:22.91700,1935.000,2
09:09:23.12500,1934.750,1
09:09:23.19500,1934.750,1
09:09:23.55000,1935.000,1
09:09:23.80800,1934.750,5
09:09:24.36700,1935.000,2
09:09:24.84300,1934.750,34
09:09:24.94100,1934.750,1
09:09:25.13600,1934.750,4
09:09:25.43700,1934.750,1
09:09:25.50000,1934.750,48
09:09:25.50700,1934.750,5
09:09:25.86700,1934.750,2
09:09:26.00000,1934.750,1
09:09:26.06600,1934.750,1
09:09:26.27700,1934.750,2
09:09:26.44900,1934.750,1
09:09:27.23800,1934.750,2
09:09:27.30000,1934.750,1
09:09:27.60900,1934.750,1
09:09:27.83500,1934.750,2
09:09:27.94500,1934.750,1
09:09:28.41700,1934.750,1
09:09:28.66400,1934.750,1
09:09:28.77700,1934.750,47
09:09:28.83900,1934.750,17
09:09:29.14800,1934.750,2
09:09:29.75000,1934.750,21
09:09:30.04200,1934.750,2
09:09:30.39400,1934.750,2
09:09:30.52700,1934.750,1
09:09:31.06200,1934.500,3
09:09:31.27300,1934.750,7
09:09:31.68300,1934.750,1
09:09:32.05400,1934.500,1
09:09:32.27300,1934.500,3
09:09:32.42100,1934.750,3
09:09:32.52300,1934.750,1
09:09:32.89800,1934.750,30
09:09:33.18700,1934.750,1
09:09:33.29600,1934.750,17
09:09:33.45700,1934.750,3
09:09:33.72200,1934.750,3
09:09:33.92500,1934.750,11
09:09:34.09700,1934.750,1
09:09:34.78900,1934.750,1
09:09:35.18300,1934.750,63
09:09:35.28100,1934.750,7
09:09:35.48400,1934.750,7
09:09:35.89000,1934.750,36
09:09:35.96000,1934.750,7
09:09:36.08500,1934.750,11
09:09:36.21800,1934.750,1
09:09:36.32800,1934.750,17
09:09:36.67100,1934.750,1
09:09:36.80400,1934.750,1
09:09:37.44500,1934.750,25
09:09:37.66700,1934.750,2
09:09:37.88200,1934.750,2
09:09:38.13600,1934.750,5
09:09:38.60500,1934.750,4
09:09:38.76900,1934.750,1
09:09:39.00000,1934.750,35
09:09:39.39000,1934.750,25
09:09:39.79200,1934.750,8
09:09:40.47200,1934.750,9
09:09:42.32000,1934.750,37
09:09:42.37500,1934.750,1
09:09:42.80800,1934.500,25
09:09:42.94900,1934.500,194
09:09:43.02300,1934.500,20
09:09:43.30000,1934.750,7
09:09:43.37800,1934.750,1
09:09:43.49200,1934.750,1
09:09:43.58500,1934.500,46
09:09:43.71400,1934.500,31
09:09:43.89000,1934.250,3
09:09:44.21400,1934.500,2
09:09:44.64000,1934.500,5
09:09:45.70300,1934.250,1
09:09:46.17500,1934.500,4
09:09:46.48400,1934.250,1
09:09:46.75300,1934.500,3
09:09:47.05400,1934.250,6
09:09:47.12500,1934.250,1
09:09:47.65600,1934.250,4
09:09:48.25300,1934.250,1
09:09:48.66000,1934.250,1
09:09:49.30400,1934.500,2
09:09:49.44500,1934.250,2
09:09:49.78500,1934.250,2
09:09:50.06200,1934.250,1
09:09:50.33500,1934.500,66
09:09:50.57400,1934.500,1
09:09:51.02300,1934.500,2
09:09:51.54200,1934.500,1
09:09:54.10500,1934.500,1
09:09:55.38200,1934.500,4
09:09:56.36700,1934.750,86
09:09:56.87100,1935.000,2
09:09:56.93300,1935.000,8
09:09:57.41400,1934.750,3
09:09:57.83900,1935.000,2
09:09:57.93700,1935.000,1
09:09:58.32400,1935.000,1
09:09:58.53500,1935.000,4
09:09:58.83200,1934.750,35
09:09:59.22600,1934.750,19
09:09:59.78900,1934.750,16
09:10:00.89000,1935.000,47
09:10:01.34700,1935.000,2
09:10:02.53100,1934.750,3
09:10:03.07000,1934.750,4
09:10:03.36700,1935.000,2
09:10:03.76500,1934.750,4
09:10:03.79200,1935.000,4
09:10:05.66000,1934.750,3
09:10:06.67100,1934.750,20
09:10:07.16700,1934.750,209
09:10:07.25300,1934.750,12
09:10:07.40600,1934.500,12
09:10:07.53100,1934.500,24
09:10:10.76900,1934.750,5
09:10:10.87500,1934.750,4
09:10:11.69100,1934.750,1
09:10:12.75700,1934.750,5
09:10:15.66400,1934.750,1
09:10:17.40600,1934.500,16
09:10:19.01500,1934.500,10
09:10:20.29200,1934.750,1
09:10:20.37100,1934.750,1
09:10:20.94100,1934.500,55
09:10:21.82400,1934.500,22
09:10:22.15600,1934.500,427
09:10:22.76500,1934.250,199
09:10:22.76500,1934.250,95
09:10:22.77300,1934.250,139
09:10:22.92100,1934.500,92
09:10:23.01500,1934.500,8
09:10:23.08200,1934.500,1
09:10:23.32000,1934.500,57
09:10:24.51500,1934.500,2
09:10:25.40200,1934.500,65
09:10:25.48000,1934.500,1
09:10:27.42100,1934.250,10
09:10:30.03100,1934.250,4
09:10:30.10100,1934.500,2
09:10:30.95700,1934.500,18
09:10:31.88200,1934.500,3
09:10:32.53900,1934.500,1
09:10:32.62100,1934.500,1
09:10:32.78500,1934.750,6
09:10:32.83500,1934.500,2
09:10:33.25700,1934.750,2
09:10:33.44900,1934.500,1
09:10:33.89800,1934.500,1
09:10:34.58500,1934.750,80
09:10:36.45700,1934.750,50
09:10:36.48000,1934.750,7
09:10:37.57800,1934.750,3
09:10:38.12100,1934.500,1
09:10:38.66700,1934.750,7
09:10:39.93700,1934.750,4
09:10:41.33200,1934.750,9
09:10:42.87500,1934.500,98
09:10:42.93700,1934.500,3
09:10:43.63600,1934.500,10
09:10:43.73400,1934.500,1
09:10:44.04600,1934.500,1
09:10:44.45700,1934.500,2
09:10:44.68300,1934.250,39
09:10:44.84300,1934.250,55
09:10:45.83500,1934.500,1
09:10:45.89400,1934.500,3
09:10:46.17900,1934.250,1
09:10:46.78100,1934.500,6
09:10:47.87100,1934.500,2
09:10:48.24600,1934.500,3
09:10:48.43700,1934.500,3
09:10:48.71800,1934.250,1
09:10:49.69500,1934.500,47
09:10:49.78100,1934.500,1
09:10:50.36300,1934.250,31
09:10:50.71000,1934.250,5
09:10:50.78100,1934.250,1
09:10:51.01500,1934.250,3
09:10:51.83500,1934.250,31
09:10:51.92900,1934.500,3
09:10:52.92500,1934.500,3
09:10:53.96800,1934.500,5
09:10:54.70300,1934.500,20
09:10:54.78100,1934.500,1
09:10:54.87500,1934.500,1
09:10:55.66400,1934.250,3
09:10:56.11300,1934.250,2
09:10:57.69100,1934.500,8
09:10:58.00300,1934.250,1
09:10:58.47600,1934.250,2
09:10:58.91700,1934.250,1
09:11:00.15600,1934.250,2
09:11:01.26100,1934.500,8
09:11:01.89400,1934.250,6
09:11:03.53900,1934.250,5
09:11:03.71800,1934.500,2
09:11:04.29600,1934.250,5
09:11:04.65600,1934.250,2
09:11:04.89800,1934.250,1
09:11:05.16700,1934.250,4
09:11:05.40600,1934.250,1
09:11:06.33500,1934.250,43
09:11:06.40200,1934.250,1
09:11:06.72600,1934.250,14
09:11:06.95300,1934.250,2
09:11:07.67900,1934.250,5
09:11:07.88200,1934.500,1
09:11:07.97200,1934.250,1
09:11:08.23800,1934.250,14
09:11:08.33200,1934.250,1
09:11:09.01500,1934.250,2
09:11:09.47200,1934.250,1
09:11:09.78100,1933.750,607
09:11:09.84700,1933.750,10
09:11:10.73400,1933.750,8
09:11:11.39800,1934.000,47
09:11:11.53900,1933.750,11
09:11:11.81200,1934.000,37
09:11:11.94900,1933.750,1
09:11:12.07000,1933.750,17
09:11:12.19900,1933.750,20
09:11:12.52700,1933.750,1
09:11:12.96400,1933.750,22
09:11:13.23000,1933.750,1
09:11:13.63200,1934.000,2
09:11:13.77700,1934.000,2
09:11:14.54200,1933.750,1
09:11:15.71800,1934.000,1
09:11:15.80000,1934.000,1
09:11:16.00000,1933.750,2
09:11:20.16400,1933.750,2
09:11:20.35900,1933.750,2
09:11:21.28500,1933.750,3
09:11:21.80400,1933.750,4
09:11:23.77300,1934.000,3
09:11:24.05800,1934.000,1
09:11:24.48000,1933.500,71
09:11:24.48400,1933.500,144
09:11:24.56600,1933.500,1
09:11:24.89800,1933.750,143
09:11:25.10900,1933.750,1
09:11:26.34300,1933.750,8
09:11:27.43700,1933.750,42
09:11:28.30400,1933.750,1
09:11:28.76900,1933.750,1
09:11:29.08200,1933.750,4
09:11:29.74200,1933.750,1
09:11:30.21400,1933.750,24
09:11:30.28900,1933.750,9
09:11:31.22600,1933.750,1
09:11:31.86700,1933.750,1
09:11:32.83200,1934.000,42
09:11:32.90200,1933.750,6
09:11:33.33500,1933.750,3
09:11:33.93700,1934.000,6
09:11:36.15600,1934.000,3
09:11:36.30000,1933.750,1
09:11:37.19500,1934.000,4
09:11:39.37800,1934.000,100
09:11:39.41700,1934.000,6
09:11:39.82400,1934.000,2
09:11:40.95300,1933.750,644
09:11:41.07000,1933.750,78
09:11:41.21400,1933.750,10
09:11:41.29600,1933.500,3
09:11:41.58500,1933.500,1
09:11:41.79200,1933.750,1
09:11:42.04200,1933.500,1
09:11:42.39800,1933.500,41
09:11:42.57800,1933.750,2
09:11:42.88600,1933.500,10
09:11:43.05800,1933.500,24
09:11:43.27700,1933.750,2
09:11:43.55400,1933.750,3
09:11:43.84700,1933.500,3
09:11:45.70700,1933.750,119
09:11:45.88600,1933.750,1
09:11:46.21000,1933.750,5
09:11:46.51900,1933.750,8
09:11:48.28900,1933.750,91
09:11:48.71800,1933.750,2
09:11:48.76500,1933.750,2
09:11:49.32400,1933.750,1
09:11:49.80800,1933.500,2
09:11:50.07800,1933.500,2
09:11:51.01100,1933.500,3
09:11:52.12500,1933.250,559
09:11:52.28100,1933.250,288
09:11:52.39400,1933.500,10
09:11:52.48800,1933.500,37
09:11:52.57800,1933.500,2
09:11:52.89400,1933.500,13
09:11:53.56200,1933.250,4
09:11:53.86300,1933.500,4
09:11:53.93300,1933.500,1
09:11:54.13200,1933.250,11
09:11:54.32400,1933.250,12
09:11:54.66400,1933.500,1
09:11:54.74200,1933.500,1
09:11:54.80800,1933.250,1
09:11:54.92900,1933.250,1
09:11:55.10100,1933.250,1
09:11:55.20300,1933.500,1
09:11:55.71800,1933.500,1
09:11:57.51900,1933.250,5
09:11:59.37100,1933.250,1
09:11:59.64000,1933.250,5
09:12:00.59700,1933.250,99
09:12:00.64400,1933.500,2
09:12:01.00000,1933.500,1
09:12:01.08900,1933.250,8
09:12:01.26100,1933.250,3
09:12:02.44100,1933.250,2
09:12:02.89000,1933.250,1
09:12:03.76500,1933.500,1
09:12:04.76500,1933.250,1
09:12:05.68700,1933.250,3
09:12:06.10100,1933.500,89
09:12:06.10900,1933.500,3
09:12:06.42100,1933.750,6
09:12:06.51900,1933.750,5
09:12:06.70700,1933.500,89
09:12:06.77300,1933.500,23
09:12:07.15200,1933.500,1
09:12:07.31200,1933.500,1
09:12:07.70700,1933.500,8
09:12:07.79600,1933.500,4
09:12:08.10100,1933.500,1
09:12:08.30800,1933.500,4
09:12:09.92100,1933.500,11
09:12:10.06600,1933.250,52
09:12:11.03100,1933.500,6
09:12:12.21000,1933.500,1
09:12:13.56200,1933.500,3
09:12:14.83900,1933.500,1
09:12:15.53900,1933.250,3
09:12:15.73800,1933.500,98
09:12:16.57800,1933.750,4
09:12:16.63200,1933.750,6
09:12:17.95300,1933.500,266
09:12:18.79600,1933.500,2
09:12:19.19100,1933.500,3
09:12:20.54200,1933.250,5
09:12:21.17100,1933.500,6
09:12:21.22600,1933.500,3
09:12:22.00700,1933.500,1
09:12:22.32400,1933.500,2
09:12:22.83200,1933.500,1
09:12:23.10100,1933.500,2
09:12:23.69500,1933.500,5
09:12:24.00000,1933.250,10
09:12:24.16400,1933.250,2
09:12:24.88200,1933.250,1
09:12:25.35100,1933.500,76
09:12:25.35100,1933.500,47
09:12:26.97200,1933.500,5
09:12:27.44100,1933.500,5
09:12:29.54600,1933.750,9
09:12:30.80800,1933.500,2
09:12:30.90200,1933.500,1
09:12:31.26100,1933.500,5
09:12:31.72600,1933.750,2
09:12:32.17900,1933.750,2
09:12:33.15200,1933.750,8
09:12:33.57400,1933.750,1
09:12:34.08500,1933.750,2
09:12:37.51100,1933.750,1
09:12:38.17900,1933.750,1
09:12:38.89400,1933.750,213
09:12:38.92100,1934.000,3
09:12:39.11300,1933.750,7
09:12:39.75000,1933.750,1
09:12:42.30400,1933.750,3
09:12:42.85500,1934.000,1
09:12:42.94900,1934.000,11
09:12:43.10100,1934.000,1
09:12:43.42500,1933.750,132
09:12:43.80000,1933.750,3
09:12:44.16400,1933.500,36
09:12:45.24200,1933.500,79
09:12:45.27300,1933.500,7
09:12:45.39800,1933.500,2
09:12:45.58200,1933.500,1
09:12:46.08200,1933.500,37
09:12:46.46400,1933.750,4
09:12:47.40200,1933.750,3
09:12:49.19100,1933.500,1
09:12:49.80400,1933.500,4
09:12:50.18300,1933.750,2
09:12:53.20300,1933.500,2
09:12:53.35100,1933.750,1
09:12:56.16400,1933.750,5
09:12:58.67500,1933.500,3
09:12:59.30400,1933.500,1
09:13:00.84700,1933.750,12
09:13:02.32400,1933.750,1
09:13:05.28500,1933.750,3
09:13:05.46400,1933.750,1
09:13:06.01900,1933.750,197
09:13:09.60900,1933.750,2
09:13:09.75300,1933.750,1
09:13:11.42100,1933.750,2
09:13:12.16000,1933.750,5
09:13:13.13600,1934.000,2
09:13:13.21800,1934.000,11
09:13:15.00300,1934.000,1
09:13:16.23000,1933.750,2
09:13:17.53100,1934.000,1
09:13:17.62500,1934.000,1
09:13:18.25700,1934.000,2
09:13:18.82000,1933.750,3
09:13:19.02700,1934.000,1
09:13:20.93700,1934.000,2
09:13:24.11700,1934.000,1
09:13:24.79600,1934.000,3
09:13:25.28500,1934.000,1
09:13:26.52300,1934.000,1
09:13:27.66000,1934.000,258
09:13:27.79200,1934.250,44
09:13:27.89800,1934.250,15
09:13:28.24200,1934.250,1
09:13:28.33500,1934.250,1
09:13:28.89800,1934.000,37
09:13:29.00300,1934.250,1
09:13:29.87500,1934.250,3
09:13:30.17100,1934.000,1
09:13:30.49200,1934.250,1
09:13:31.30400,1933.750,11
09:13:31.46800,1934.000,1
09:13:32.13200,1933.750,3
09:13:33.24600,1934.000,1
09:13:34.74600,1934.000,1
09:13:35.87100,1934.000,1
09:13:36.21000,1934.000,2
09:13:37.44900,1934.500,632
09:13:37.55800,1934.500,37
09:13:37.71400,1934.500,26
09:13:37.75700,1934.500,1
09:13:37.97200,1934.500,6
09:13:38.11700,1934.500,1
09:13:38.26900,1934.500,54
09:13:38.42900,1934.500,2
09:13:38.57800,1934.500,11
09:13:38.64000,1934.500,14
09:13:38.94500,1934.500,18
09:13:39.41700,1934.500,9
09:13:39.82800,1934.500,5
09:13:40.41400,1934.500,1
09:13:40.60900,1934.750,37
09:13:40.68300,1934.750,1
09:13:41.00700,1934.750,5
09:13:43.32800,1934.750,4
09:13:44.44100,1934.750,5
09:13:45.07800,1934.500,1
09:13:45.33200,1934.750,1
09:13:45.49200,1934.500,2
09:13:46.57000,1934.500,3
09:13:46.66700,1934.500,1
09:13:47.91000,1934.250,92
09:13:48.39800,1934.500,6
09:13:48.51100,1934.500,1
09:13:48.83900,1934.500,1
09:13:50.05000,1934.500,41
09:13:51.62100,1934.500,2
09:13:51.80800,1934.500,2
09:13:52.19500,1934.500,2
09:13:52.47200,1934.250,1
09:13:54.67100,1934.500,1
09:13:56.02700,1934.250,2
09:13:56.39000,1934.500,2
09:13:56.71000,1934.500,1
09:14:02.40600,1934.500,2
09:14:03.08200,1934.500,1
09:14:03.33500,1934.500,6
09:14:03.94900,1934.500,2
09:14:05.07800,1934.500,2
09:14:07.56600,1934.500,10
09:14:11.21800,1934.500,10
09:14:11.33200,1934.500,1
09:14:12.62100,1934.250,161
09:14:12.63600,1934.000,180
09:14:12.78900,1934.000,22
09:14:12.83900,1934.000,1
09:14:15.01100,1933.750,77
09:14:15.15200,1933.750,5
09:14:17.32000,1933.500,99
09:14:17.38600,1933.500,5
09:14:17.56600,1933.500,2
09:14:18.32400,1933.500,79
09:14:18.32800,1933.500,15
09:14:19.56600,1933.500,244
09:14:19.80800,1933.500,1
09:14:20.03100,1933.750,4
09:14:20.08500,1933.750,1
09:14:20.18700,1933.750,1
09:14:20.23000,1933.500,3
09:14:20.36700,1933.750,10
09:14:20.68300,1933.750,96
09:14:20.77700,1934.000,1
09:14:20.85100,1934.000,2
09:14:21.47600,1933.750,13
09:14:22.84700,1933.750,2
09:14:24.21000,1933.500,1
09:14:25.78900,1933.750,2
09:14:26.47200,1933.500,1
09:14:29.79600,1933.750,2
09:14:33.29600,1933.500,1
09:14:35.36300,1933.500,1
09:14:40.17100,1933.750,2
09:14:41.25300,1933.500,2
09:14:42.84700,1933.750,2
09:14:43.66700,1933.750,1
09:14:45.37800,1933.750,3
09:14:45.52700,1933.750,1
09:14:45.87800,1933.750,70
09:14:47.43700,1933.750,1
09:14:48.89000,1934.000,63
09:14:50.26500,1934.000,20
09:14:51.02700,1934.000,1
09:14:51.28100,1934.000,6
09:14:51.54600,1933.750,1
09:14:53.46000,1933.750,1
09:14:54.73000,1934.000,11
09:14:55.29200,1934.000,1
09:14:57.33500,1934.000,1
09:14:58.95700,1934.000,1
09:14:59.21800,1934.000,1
09:15:00.50000,1934.000,5
09:15:01.90600,1934.000,2
09:15:04.66400,1934.000,1
09:15:06.11300,1934.000,4
09:15:07.60900,1933.750,1
09:15:08.02300,1934.000,1
09:15:08.82800,1934.000,3
09:15:09.19100,1934.000,1
09:15:12.82400,1934.000,3
09:15:13.42900,1934.000,16
09:15:14.10500,1934.250,3
09:15:14.85900,1934.000,1
09:15:15.21800,1934.000,7
09:15:15.71800,1934.250,1
09:15:16.18700,1934.000,1
09:15:18.47200,1934.000,157
09:15:19.51100,1933.750,3
09:15:22.75300,1934.000,26
09:15:23.56200,1934.000,1
09:15:24.25300,1934.000,2
09:15:25.71000,1933.750,377
09:15:25.77700,1933.750,8
09:15:26.00300,1933.750,1
09:15:27.16000,1933.500,47
09:15:27.89000,1933.500,1
09:15:28.39800,1933.500,23
09:15:30.88600,1933.500,27
09:15:33.38200,1933.500,1
09:15:35.20300,1933.250,40
09:15:35.38600,1933.250,41
09:15:36.20700,1933.250,48
09:15:36.48800,1933.000,4
09:15:36.61300,1933.000,1
09:15:37.13600,1933.250,64
09:15:37.32000,1933.000,1
09:15:37.66400,1933.250,7
09:15:37.71000,1933.250,2
09:15:37.93300,1933.250,1
09:15:38.26900,1933.250,1
09:15:39.32400,1933.500,2
09:15:39.69100,1933.250,1
09:15:40.07400,1933.250,93
09:15:41.04200,1933.250,4
09:15:41.15200,1933.250,10
09:15:42.20700,1933.250,9
09:15:42.71000,1933.250,2
09:15:43.00700,1933.250,1
09:15:43.49200,1933.250,1
09:15:44.40200,1933.250,1
09:15:47.10500,1933.250,25
09:15:47.56200,1933.000,1
09:15:48.60900,1933.250,2
09:15:49.03100,1933.000,51
09:15:49.30000,1933.250,73
09:15:49.37100,1933.250,1
09:15:49.72600,1933.250,6
09:15:50.26100,1933.000,5
09:15:51.65600,1933.250,1
09:15:52.39400,1933.000,2
09:15:53.04600,1933.250,1
09:15:53.38600,1933.000,11
09:15:53.94500,1933.000,1
09:15:56.16700,1933.250,5
09:15:56.93300,1933.250,51
09:15:57.16000,1933.500,4
09:15:57.28100,1933.250,1
09:15:57.63600,1933.250,3
09:15:57.88600,1933.000,101
09:15:58.07800,1933.250,10
09:15:58.45300,1933.250,26
09:15:58.53100,1933.250,1
09:15:58.79600,1933.000,2
09:15:59.01500,1933.000,24
09:15:59.27300,1933.000,2
09:16:01.02700,1933.000,13
09:16:03.58900,1933.250,1
09:16:05.05400,1933.250,2
09:16:07.80000,1932.250,1069
09:16:07.84300,1932.500,214
09:16:07.96400,1932.000,166
09:16:08.28900,1932.250,9
09:16:08.39000,1932.500,80
09:16:08.71400,1932.500,7
09:16:08.89400,1932.500,9
09:16:09.08200,1932.250,2
09:16:09.46800,1932.500,3
09:16:10.43300,1932.250,2
09:16:10.62800,1932.500,129
09:16:10.75000,1932.500,128
09:16:10.86700,1932.500,8
09:16:11.30000,1932.500,1
09:16:11.45700,1932.500,1
09:16:11.53900,1932.750,1
09:16:12.01500,1932.500,1
09:16:12.14400,1932.500,1
09:16:12.32000,1932.500,1
09:16:12.68700,1932.500,1
09:16:12.82400,1932.500,3
09:16:13.01100,1932.500,55
09:16:13.19500,1932.500,3
09:16:13.33900,1932.500,5
09:16:13.53500,1932.500,9
09:16:13.72200,1932.250,301
09:16:14.36700,1932.250,4
09:16:14.58500,1932.500,1
09:16:14.66400,1932.500,15
09:16:14.78900,1932.500,2
09:16:14.83900,1932.500,1
09:16:15.17500,1932.250,1
09:16:15.25700,1932.500,1
09:16:15.53900,1932.500,15
09:16:15.76900,1932.500,93
09:16:16.36700,1932.500,1
09:16:16.70700,1932.500,7
09:16:16.83200,1932.500,7
09:16:17.08200,1932.500,1
09:16:17.48400,1932.500,2
09:16:20.47200,1932.750,160
09:16:21.01100,1932.750,2
09:16:21.80800,1932.750,6
09:16:22.77300,1933.000,2
09:16:22.85500,1933.000,14
09:16:23.00000,1933.000,27
09:16:23.11300,1933.000,64
09:16:23.76900,1932.750,519
09:16:23.87500,1932.750,37
09:16:23.89800,1933.000,2
09:16:25.16000,1933.000,1
09:16:26.37100,1932.750,1
09:16:27.23800,1933.000,159
09:16:27.29200,1933.000,15
09:16:27.48000,1933.000,1
09:16:27.62100,1933.000,1
09:16:29.02700,1933.000,6
09:16:29.84700,1933.000,6
09:16:30.80000,1933.000,47
09:16:30.87100,1933.000,1
09:16:31.83900,1932.750,22
09:16:34.11700,1933.000,2
09:16:34.71800,1933.000,1
09:16:34.93300,1933.000,35
09:16:35.02300,1933.000,2
09:16:36.73400,1933.000,1
09:16:37.68700,1932.500,210
09:16:37.73000,1932.750,11
09:16:38.58500,1932.750,1
09:16:38.85500,1932.750,1
09:16:39.58900,1932.750,1
09:16:41.14000,1932.500,5
09:16:41.42500,1932.750,3
09:16:42.45300,1932.500,2
09:16:42.92500,1932.500,2
09:16:43.34300,1932.500,3
09:16:44.80400,1932.500,15
09:16:45.86300,1932.750,1
09:16:45.97200,1932.750,1
09:16:50.09700,1932.750,12
09:16:51.28100,1932.750,1
09:16:51.63200,1932.750,106
09:16:54.92100,1933.000,17
09:16:56.31600,1932.750,1
09:16:56.49600,1933.000,26
09:16:56.71400,1933.250,5
09:16:56.97200,1933.000,6
09:16:57.04200,1933.000,3
09:16:57.16000,1933.000,14
09:16:57.21800,1933.000,1
09:16:58.07800,1932.750,1
09:16:58.49600,1933.000,2
09:16:59.89800,1933.000,1
09:17:04.07000,1933.000,11
09:17:04.16400,1933.000,2
09:17:06.64800,1933.000,2
09:17:07.03100,1933.000,1
09:17:08.51900,1932.750,2
09:17:09.17900,1933.000,2
09:17:09.43300,1932.750,1
09:17:11.67100,1933.000,2
09:17:11.94900,1933.000,4
09:17:12.07000,1933.000,2
09:17:13.13200,1933.000,1
09:17:16.02700,1933.000,1
09:17:17.80800,1932.750,1
09:17:19.85500,1933.000,1
09:17:20.71000,1933.000,2
09:17:22.01500,1933.000,1
09:17:24.00300,1933.000,87
09:17:24.00300,1933.000,13
09:17:25.37800,1933.000,27
09:17:27.23000,1933.250,61
09:17:27.94500,1933.250,2
09:17:28.50000,1933.000,2
09:17:28.94900,1933.250,3
09:17:29.23800,1933.250,1
09:17:29.49200,1933.500,173
09:17:29.50700,1933.750,478
09:17:29.56200,1933.750,193
09:17:29.76100,1933.750,63
09:17:30.01900,1933.750,40
09:17:30.58200,1933.750,13
09:17:30.82000,1933.500,1
09:17:31.54600,1933.500,3
09:17:32.03100,1933.750,2
09:17:32.46000,1933.750,10
09:17:35.90200,1933.500,1
09:17:36.15200,1933.750,16
09:17:37.35100,1933.750,53
09:17:37.50700,1933.750,14
09:17:37.60900,1933.500,125
09:17:38.24200,1933.500,3
09:17:38.86300,1933.500,1
09:17:40.16400,1933.750,1
09:17:40.57000,1933.750,1
09:17:40.80800,1933.500,1
09:17:41.45700,1933.750,1
09:17:41.68300,1933.500,1
09:17:43.78100,1933.750,2
09:17:45.83200,1933.750,1
09:17:47.33500,1933.500,5
09:17:47.46800,1933.750,36
09:17:48.54600,1933.750,5
09:17:49.09300,1933.750,1
09:17:49.60500,1933.750,43
09:17:52.66400,1933.500,1
09:17:54.54600,1933.500,223
09:17:54.82400,1933.250,1
09:17:56.10900,1933.500,19
09:17:56.53500,1933.500,3
09:17:57.26500,1933.500,8
09:17:58.01500,1933.500,16
09:17:59.21000,1933.500,10
09:18:00.73400,1933.500,8
09:18:05.64000,1933.500,1
09:18:08.42900,1933.750,36
09:18:09.44900,1933.750,45
09:18:09.83500,1933.750,30
09:18:10.62500,1933.750,9
09:18:13.05800,1933.750,1
09:18:14.12800,1933.750,31
09:18:15.14000,1933.750,6
09:18:15.30800,1933.750,10
09:18:15.70300,1933.750,3
09:18:17.19500,1934.000,1
09:18:21.89000,1933.750,2
09:18:22.17900,1934.000,41
09:18:22.30000,1934.000,40
09:18:23.72200,1934.000,1
09:18:24.80400,1934.000,4
09:18:27.02700,1934.000,1
09:18:28.37500,1933.750,10
09:18:28.39800,1934.000,1
09:18:29.82400,1934.000,8
09:18:30.65600,1934.000,1
09:18:30.78500,1934.000,1
09:18:31.95300,1933.750,1
09:18:34.38600,1934.000,66
09:18:37.02700,1934.000,2
09:18:37.79200,1934.000,1
09:18:37.95700,1934.000,94
09:18:41.05800,1933.750,52
09:18:42.89000,1933.750,1
09:18:49.02300,1933.750,1
09:18:49.51100,1933.750,1
09:18:50.50300,1933.750,1
09:18:53.56200,1933.750,87
09:18:54.85900,1933.750,3
09:18:55.81600,1933.750,2
09:18:58.96000,1933.750,1
09:18:59.19500,1933.750,25
09:19:01.50000,1934.000,9
09:19:02.07000,1933.750,1
09:19:05.69900,1934.000,38
09:19:06.00300,1934.000,3
09:19:06.49200,1934.000,13
09:19:07.58500,1934.000,1
09:19:10.04200,1934.000,1
09:19:10.38600,1934.250,9
09:19:10.75700,1934.250,1
09:19:11.61300,1934.250,1
09:19:13.00700,1934.250,1
09:19:15.71800,1934.250,1
09:19:16.68700,1934.000,1
09:19:17.68700,1934.250,1
09:19:19.47600,1934.250,1
09:19:20.20300,1934.250,4
09:19:20.48000,1934.250,2
09:19:20.53500,1934.250,1
09:19:21.77300,1934.250,10
09:19:21.96000,1934.250,1
09:19:22.53100,1934.250,1
09:19:22.80000,1934.250,1
09:19:23.83200,1934.000,1
09:19:24.17900,1934.250,2
09:19:25.27300,1934.250,2
09:19:25.92900,1934.250,1
09:19:26.01500,1934.000,20
09:19:26.97200,1934.250,1
09:19:27.43700,1934.250,1
09:19:30.59300,1934.250,1
09:19:32.27300,1934.250,2
09:19:33.87800,1934.250,1
09:19:34.21400,1934.250,1
09:19:40.67100,1934.000,1
09:19:40.85100,1934.250,1
09:19:41.36300,1934.250,12
09:19:44.41000,1934.250,1
09:19:48.37500,1934.000,2
09:19:49.61300,1934.250,88
09:19:49.72200,1934.250,16
09:19:50.03100,1934.250,1
09:19:50.30800,1934.250,2
09:19:51.46400,1934.000,1
09:19:52.04600,1934.250,1
09:19:52.58900,1934.250,2
09:19:52.66400,1934.250,2
09:19:53.62800,1934.250,1
09:19:53.87100,1934.250,1
09:19:54.04200,1934.000,1
09:19:54.73000,1934.250,4
09:19:55.82800,1934.250,1
09:19:56.16400,1934.250,10
09:19:56.52300,1934.250,1
09:19:56.87800,1934.250,1
09:19:57.70700,1934.250,1
09:19:58.93700,1934.250,4
09:19:59.20700,1934.250,1
09:19:59.34300,1934.250,27
09:20:00.04200,1934.500,29
09:20:00.13200,1934.500,1
09:20:00.25700,1934.500,2
09:20:00.85500,1934.250,9
09:20:01.12100,1934.500,2
09:20:01.38200,1934.500,1
09:20:02.32000,1934.500,33
09:20:03.04200,1934.500,21
09:20:03.24200,1934.250,3
09:20:05.20700,1934.250,1
09:20:05.86300,1934.500,1
09:20:06.78900,1934.500,156
09:20:06.86700,1934.500,1
09:20:06.97200,1934.500,6
09:20:07.22200,1934.750,8
09:20:07.44900,1934.500,1
09:20:07.46000,1934.500,2
09:20:08.54600,1934.250,6
09:20:09.51100,1934.500,1
09:20:11.32400,1934.500,1
09:20:12.39000,1934.500,1
09:20:12.64000,1934.500,6
09:20:14.71400,1934.500,13
09:20:16.26100,1934.500,1
09:20:17.71400,1934.500,37
09:20:17.82000,1934.500,1
09:20:18.76500,1934.500,23
09:20:18.96000,1934.250,3
09:20:19.26500,1934.500,2
09:20:19.38200,1934.250,1
09:20:20.63600,1934.500,2
09:20:20.91700,1934.500,1
09:20:22.22600,1934.750,310
09:20:22.25000,1934.750,47
09:20:22.30800,1934.750,2
09:20:22.71400,1934.500,1
09:20:23.47200,1934.750,4
09:20:25.82400,1934.750,2
09:20:26.23800,1934.750,6
09:20:26.59700,1934.750,2
09:20:27.15600,1934.750,1
09:20:28.17500,1934.750,1
09:20:28.91700,1934.750,1
09:20:30.46400,1934.750,12
09:20:30.85100,1934.750,1
09:20:31.13600,1934.750,1
09:20:31.48800,1934.750,1
09:20:32.06600,1934.750,1
09:20:32.29600,1934.750,1
09:20:33.82000,1934.750,21
09:20:34.27300,1934.750,1
09:20:34.48400,1934.750,48
09:20:34.80800,1934.750,31
09:20:35.92500,1934.750,3
09:20:38.73400,1934.750,5
09:20:39.03900,1934.750,2
09:20:39.26500,1934.750,1
09:20:40.67100,1934.750,1
09:20:46.21000,1934.500,10
09:20:47.70700,1934.750,1
09:20:49.30000,1934.750,2
09:20:51.00700,1934.750,10
09:20:51.56200,1934.750,2
09:20:53.22200,1934.750,10
09:20:54.28500,1934.500,1
09:20:54.51100,1934.750,2
09:20:55.30400,1934.750,1
09:20:55.57800,1934.750,26
09:20:57.06600,1934.750,3
09:20:57.23000,1934.750,10
09:20:57.42500,1934.750,15
09:20:57.55800,1934.750,4
09:20:58.45300,1934.750,13
09:20:59.23400,1934.500,1
09:20:59.85100,1935.000,5
09:21:00.28500,1934.750,40
09:21:01.17500,1934.750,3
09:21:03.32000,1934.750,1
09:21:05.54200,1935.000,2
09:21:06.41000,1934.750,3
09:21:07.33900,1935.000,65
09:21:07.66700,1934.750,1
09:21:08.09700,1935.000,37
09:21:08.67900,1935.000,1
09:21:09.56200,1935.000,1
09:21:09.72200,1935.000,16
09:21:09.88600,1935.000,11
09:21:10.27300,1934.750,1
09:21:11.14800,1934.750,15
09:21:11.67900,1934.750,2
09:21:12.32000,1935.000,2
09:21:13.32000,1934.750,2
09:21:13.73000,1935.000,2
09:21:14.64400,1935.000,3
09:21:16.85500,1935.000,1
09:21:18.58500,1935.000,1
09:21:18.84300,1935.000,1
09:21:20.41400,1935.000,1
09:21:22.02300,1935.000,1
09:21:22.17100,1935.000,5
09:21:22.39800,1935.250,326
09:21:22.45300,1935.250,24
09:21:22.47600,1935.500,27
09:21:22.53900,1935.500,2
09:21:22.71000,1935.500,1
09:21:22.91700,1935.500,1
09:21:23.03500,1935.250,19
09:21:23.56600,1935.500,1
09:21:23.75000,1935.250,3
09:21:25.15200,1935.500,1
09:21:25.68300,1935.500,1
09:21:26.50300,1935.500,1
09:21:27.28900,1935.500,1
09:21:29.15600,1935.750,505
09:21:30.42900,1935.750,34
09:21:30.51500,1935.750,1
09:21:30.59300,1935.500,1
09:21:30.73000,1935.750,1
09:21:30.93700,1935.750,1
09:21:32.81200,1935.750,1
09:21:33.08500,1935.750,5
09:21:33.35500,1935.500,1
09:21:34.92900,1935.500,1
09:21:35.81200,1935.750,1
09:21:36.40200,1935.750,1
09:21:38.85100,1935.500,174
09:21:38.85100,1935.500,6
09:21:38.85100,1935.500,37
09:21:38.85100,1935.500,13
09:21:38.85100,1935.500,18
09:21:38.90200,1935.250,5
09:21:39.03100,1935.500,1
09:21:39.25000,1935.000,70
09:21:39.30400,1935.250,27
09:21:39.72200,1935.250,12
09:21:39.87800,1935.250,1
09:21:40.69100,1935.250,1
09:21:41.34300,1935.250,2
09:21:44.69900,1935.000,2
09:21:45.42500,1935.250,2
09:21:46.64800,1935.000,1
09:21:49.80400,1935.250,3
09:21:51.62100,1935.000,158
09:21:52.37100,1935.000,7
09:21:52.66400,1935.000,1
09:21:53.59300,1935.000,1
09:21:53.92100,1935.000,6
09:21:55.23400,1935.000,1
09:21:55.44100,1934.750,19
09:21:56.40600,1934.750,10
09:21:58.82800,1934.750,89
09:21:59.41400,1934.750,1
09:22:03.55800,1934.500,4
09:22:05.59300,1934.500,66
09:22:07.07800,1934.500,95
09:22:07.53500,1934.750,1
09:22:07.76500,1934.500,2
09:22:09.67900,1934.500,1
09:22:10.06200,1934.500,1
09:22:11.90600,1934.750,1
09:22:12.50000,1934.750,1
09:22:13.14400,1934.750,54
09:22:13.27300,1934.750,2
09:22:13.33500,1934.750,8
09:22:13.95300,1934.500,1
09:22:14.58200,1934.750,1
09:22:15.44500,1934.750,13
09:22:16.32000,1934.750,14
09:22:16.38200,1934.750,1
09:22:16.58500,1934.750,5
09:22:17.25300,1934.750,7
09:22:17.49600,1934.500,319
09:22:18.00000,1934.500,10
09:22:18.59700,1934.500,2
09:22:18.87800,1934.250,20
09:22:19.06600,1934.500,1
09:22:19.13600,1934.500,1
09:22:20.57400,1934.500,1
09:22:20.64800,1934.500,1
09:22:21.36300,1934.500,42
09:22:21.84700,1934.500,2
09:22:22.51500,1934.250,85
09:22:22.55800,1934.500,1
09:22:24.35500,1934.250,3
09:22:24.80000,1934.250,1
09:22:26.05400,1934.500,2
09:22:27.15200,1934.250,5
09:22:28.14000,1934.250,1
09:22:28.89400,1934.250,1
09:22:29.10100,1934.250,115
09:22:31.37800,1934.000,1
09:22:32.06600,1934.000,1
09:22:32.35100,1934.250,39
09:22:32.60500,1934.250,1
09:22:32.89800,1934.500,2
09:22:33.10500,1934.250,1
09:22:35.33900,1934.250,1
09:22:39.96400,1934.500,5
09:22:43.52300,1934.250,1
09:22:43.82400,1934.500,1
09:22:45.55000,1934.500,1
09:22:46.78900,1934.500,1
09:22:48.07800,1934.250,1
09:22:50.56600,1934.250,1
09:22:53.34700,1934.250,2
09:22:54.02700,1934.500,1
09:22:55.49600,1934.500,88
09:23:07.79200,1934.250,54
09:23:11.32400,1934.250,15
09:23:12.54600,1934.250,3
09:23:13.51100,1934.000,2
09:23:13.82800,1934.000,10
09:23:15.71800,1934.250,2
09:23:15.89800,1934.000,1
09:23:17.73400,1934.000,111
09:23:19.23000,1933.750,206
09:23:19.23400,1933.500,308
09:23:19.35900,1933.500,95
09:23:19.51100,1933.500,35
09:23:19.75300,1933.750,21
09:23:20.03100,1933.500,1
09:23:20.25300,1933.500,2
09:23:20.40600,1933.750,56
09:23:20.47600,1933.500,4
09:23:20.74600,1933.500,1
09:23:21.11300,1933.750,1
09:23:21.35100,1933.500,1
09:23:22.26100,1933.500,1
09:23:22.60500,1933.500,49
09:23:22.95300,1933.500,1
09:23:23.52300,1933.500,73
09:23:23.57800,1933.750,5
09:23:24.62500,1933.750,1
09:23:28.43300,1933.750,2
09:23:28.69100,1933.500,1
09:23:31.08900,1933.500,1
09:23:33.92500,1933.750,1
09:23:34.23000,1933.750,2
09:23:34.39800,1933.500,3
09:23:36.92900,1933.750,66
09:23:38.47600,1933.750,1
09:23:39.16000,1933.750,1
09:23:39.54600,1933.750,1
09:23:40.24200,1933.750,1
09:23:40.74200,1933.500,25
09:23:40.80400,1933.500,4
09:23:44.73000,1933.500,46
09:23:45.46000,1933.500,5
09:23:46.02700,1933.500,2
09:23:47.53900,1933.750,1
09:23:47.84300,1933.500,15
09:23:49.21800,1933.500,1
09:23:49.32800,1933.500,1
09:23:49.84700,1933.500,1
09:23:50.10100,1933.500,4
09:23:56.24600,1933.750,10
09:23:58.31600,1933.500,37
09:23:59.23800,1933.500,10
09:23:59.85500,1933.500,83
09:24:02.90200,1933.000,366
09:24:02.96400,1933.000,1
09:24:05.66000,1932.750,12
09:24:05.90600,1932.750,1
09:24:06.55000,1932.750,2
09:24:07.08900,1932.750,1
09:24:07.65200,1932.750,1
09:24:08.00300,1932.750,2
09:24:08.60900,1932.750,1
09:24:08.82400,1932.750,1
09:24:09.26500,1932.750,1
09:24:10.26500,1932.750,1
09:24:10.45300,1932.750,3
09:24:10.80800,1932.750,2
09:24:11.44900,1932.750,8
09:24:11.78500,1933.000,5
09:24:12.21400,1932.750,2
09:24:12.32800,1932.750,1
09:24:12.66400,1932.750,2
09:24:13.21400,1933.000,4
09:24:13.96800,1933.250,109
09:24:14.62500,1933.000,1
09:24:14.71800,1933.000,1
09:24:17.92100,1933.000,1
09:24:18.12500,1933.000,1
09:24:24.91400,1933.250,2
09:24:25.44900,1933.000,1
09:24:26.02700,1933.250,1
09:24:26.45300,1933.000,9
09:24:26.89800,1933.250,1
09:24:27.37500,1933.250,45
09:24:27.44100,1933.250,1
09:24:27.67500,1933.000,1
09:24:28.82000,1933.000,53
09:24:29.34700,1933.250,3
09:24:30.54200,1933.000,1
09:24:31.48400,1933.000,4
09:24:32.66400,1933.000,8
09:24:33.62500,1932.750,1
09:24:35.19100,1932.750,2
09:24:36.19900,1933.000,1
09:24:37.90600,1932.750,4
09:24:40.45300,1932.750,2
09:24:41.46000,1932.750,99
09:24:42.24200,1932.750,31
09:24:43.10500,1932.750,10
09:24:44.94500,1932.750,4
09:24:46.33200,1932.750,1
09:24:46.62500,1932.500,4
09:24:46.73800,1932.500,1
09:24:46.89400,1932.500,1
09:24:47.43700,1932.500,1
09:24:47.60500,1932.500,1
09:24:47.87500,1932.500,1
09:24:49.10500,1932.500,24
09:24:49.48800,1932.500,4
09:24:50.26100,1932.750,14
09:24:52.02700,1932.750,23
09:24:52.64400,1933.000,2
09:24:52.89000,1932.750,1
09:24:53.51500,1933.000,1
09:24:55.84700,1932.750,5
09:24:56.28900,1932.750,1
09:24:57.09700,1933.000,1
09:24:57.84700,1932.750,1
09:24:58.44500,1932.750,1
09:25:00.23400,1933.000,2
09:25:01.63200,1933.000,11
09:25:01.81600,1932.750,1
09:25:02.21400,1933.000,10
09:25:02.79600,1933.000,21
09:25:03.57000,1933.000,255
09:25:03.93300,1933.000,38
09:25:04.23800,1933.000,1
09:25:04.40600,1933.000,1
09:25:05.31600,1933.000,7
09:25:06.19900,1933.000,12
09:25:06.33200,1933.000,4
09:25:06.50700,1932.750,2
09:25:06.74600,1933.000,1
09:25:07.09700,1933.000,7
09:25:07.16400,1933.000,2
09:25:07.26500,1932.750,1
09:25:07.73000,1933.250,4
09:25:08.02300,1933.250,2
09:25:08.19500,1933.000,1
09:25:08.58500,1933.000,6
09:25:08.82000,1933.000,1
09:25:09.08900,1933.000,6
09:25:09.32400,1933.000,5
09:25:09.64000,1933.250,12
09:25:10.81600,1933.000,1
09:25:12.19500,1933.000,1
09:25:12.33500,1932.750,1
09:25:12.69500,1933.000,27
09:25:12.91700,1933.000,12
09:25:12.95700,1933.000,2
09:25:13.91700,1933.000,1
09:25:14.17900,1933.250,24
09:25:14.50700,1933.000,6
09:25:16.28900,1933.250,20
09:25:16.88200,1933.250,24
09:25:17.00000,1933.000,1
09:25:20.66400,1933.250,1
09:25:21.62100,1933.250,55
09:25:22.57000,1933.250,7
09:25:22.76100,1933.250,1
09:25:22.94100,1933.250,1
09:25:24.34300,1933.250,22
09:25:25.02300,1933.250,1
09:25:25.08900,1933.250,1
09:25:25.67900,1933.000,1
09:25:26.25000,1933.250,14
09:25:27.33200,1933.250,1
09:25:28.42500,1933.250,4
09:25:33.12800,1933.500,2
09:25:33.28500,1933.500,1
09:25:35.87800,1933.250,1
09:25:40.08500,1933.500,1
09:25:41.30400,1933.500,10
09:25:41.45700,1933.250,10
09:25:43.49200,1933.250,1
09:25:45.35900,1933.500,1
09:25:46.94100,1933.250,2
09:25:47.35900,1933.500,2
09:25:52.83200,1933.250,1
09:25:52.93700,1933.250,6
09:25:54.27300,1933.500,1
09:25:55.46000,1933.250,15
09:25:56.16000,1933.250,1
09:25:56.45300,1933.250,7
09:25:58.03100,1933.500,1
09:25:58.16400,1933.500,1
09:25:59.38600,1933.500,1
09:25:59.82800,1933.500,1
09:26:01.36300,1933.500,3
09:26:03.55000,1933.250,1
09:26:04.48800,1933.250,67
09:26:05.32800,1933.250,31
09:26:05.76100,1933.250,2
09:26:07.28500,1933.250,3
09:26:08.26500,1933.250,10
09:26:08.35900,1933.250,2
09:26:09.62100,1933.250,3
09:26:09.94500,1933.250,4
09:26:11.46000,1933.000,10
09:26:15.71800,1933.250,42
09:26:20.70700,1933.250,1
09:26:24.96800,1933.500,8
09:26:25.45700,1933.250,2
09:26:25.71400,1933.250,1
09:26:26.45700,1933.250,7
09:26:29.20300,1933.250,1
09:26:30.96400,1933.500,1
09:26:33.85100,1933.500,1
09:26:34.17500,1933.500,3
09:26:38.19900,1933.250,123
09:26:40.45700,1933.250,8
09:26:41.45700,1933.250,2
09:26:41.80400,1933.250,5
09:26:43.25300,1933.250,2
09:26:46.18300,1933.250,4
09:26:47.42500,1933.000,1
09:26:48.05400,1933.250,6
09:26:49.51100,1933.250,23
09:26:49.85500,1933.250,3
09:26:51.67900,1933.250,1
09:26:54.01500,1933.500,7
09:26:55.45300,1933.250,2
09:26:56.05400,1933.500,146
09:26:56.06200,1933.500,4
09:26:59.90200,1933.500,1
09:27:02.94500,1933.750,121
09:27:03.66400,1933.750,10
09:27:04.44900,1934.000,1
09:27:06.48000,1934.000,1
09:27:07.02700,1934.000,1
09:27:07.82400,1934.000,1
09:27:10.17900,1933.750,1
09:27:11.45700,1933.750,5
09:27:12.55400,1934.000,1
09:27:14.58500,1933.750,2
09:27:15.16000,1933.750,1
09:27:15.27300,1933.750,2
09:27:15.71800,1934.000,1
09:27:15.88200,1933.750,1
09:27:16.16000,1933.750,1
09:27:17.01900,1934.000,2
09:27:17.76500,1933.750,4
09:27:20.96800,1933.750,3
09:27:23.18700,1933.750,1
09:27:24.03500,1933.750,4
09:27:25.45700,1933.750,7
09:27:26.46000,1933.750,2
09:27:26.73400,1933.750,1
09:27:27.33500,1933.750,1
09:27:29.48000,1933.750,3
09:27:30.02700,1934.000,1
09:27:30.90600,1934.000,2
09:27:32.34700,1934.000,10
09:27:32.46400,1933.750,4
09:27:33.23400,1934.000,1
09:27:34.48800,1934.000,2
09:27:36.51900,1934.000,1
09:27:37.10900,1933.750,4
09:27:37.57800,1934.000,1
09:27:38.47600,1933.750,1
09:27:39.76500,1934.000,1
09:27:41.46000,1933.750,9
09:27:41.83500,1933.750,1
09:27:42.40200,1933.750,1
09:27:44.03900,1934.000,1
09:27:45.70300,1933.750,8
09:27:50.20300,1934.000,1
09:27:50.78500,1934.000,1
09:27:50.94500,1934.000,1
09:27:51.42900,1933.750,1
09:27:51.64800,1933.750,1
09:27:53.05000,1933.750,2
09:27:53.48000,1934.000,3
09:27:54.26500,1934.000,2
09:27:55.46000,1933.750,2
09:27:55.62100,1933.750,1
09:27:56.10100,1934.000,10
09:27:56.46800,1933.750,8
09:27:57.23400,1934.000,1
09:27:57.48000,1934.000,10
09:27:57.94500,1934.000,1
09:28:00.78500,1934.000,13
09:28:01.14400,1933.750,4
09:28:01.75000,1933.750,65
09:28:01.76100,1933.750,82
09:28:02.76100,1933.750,1
09:28:04.01100,1933.750,5
09:28:05.21400,1933.500,1
09:28:05.86700,1933.750,1
09:28:08.97200,1933.750,1
09:28:09.69500,1933.750,1
09:28:10.23000,1933.750,77
09:28:10.60100,1933.750,27
09:28:12.45300,1933.750,1
09:28:12.96400,1933.750,1
09:28:20.36700,1934.000,212
09:28:21.33500,1934.000,2
09:28:21.55000,1934.000,8
09:28:22.05800,1934.000,1
09:28:22.80800,1934.250,41
09:28:22.93300,1934.000,18
09:28:23.26500,1934.000,2
09:28:23.50000,1934.000,4
09:28:24.03500,1934.250,1
09:28:24.78500,1934.250,1
09:28:25.46000,1934.000,20
09:28:26.50700,1934.000,5
09:28:30.60100,1934.000,5
09:28:30.94100,1934.000,1
09:28:32.44500,1934.000,1
09:28:32.63600,1934.000,1
09:28:33.14000,1934.000,75
09:28:33.41400,1934.000,4
09:28:33.52300,1934.000,4
09:28:33.68300,1934.000,4
09:28:33.86700,1934.000,11
09:28:34.03500,1934.000,11
09:28:34.29600,1933.750,5
09:28:36.15600,1934.000,1
09:28:37.14400,1934.000,1
09:28:37.48400,1934.000,1
09:28:38.03500,1933.750,20
09:28:39.95700,1934.000,1
09:28:42.58500,1934.000,1
09:28:42.75300,1933.750,5
09:28:44.71400,1934.000,4
09:28:48.23000,1934.000,2
09:28:50.09300,1934.250,50
09:28:50.25300,1934.000,11
09:28:54.65200,1933.750,9
09:28:55.46400,1933.750,1
09:28:56.28100,1934.000,2
09:28:56.42900,1933.750,5
09:28:57.46400,1933.750,1
09:29:00.23400,1934.000,11
09:29:00.59300,1933.750,1
09:29:01.42500,1933.750,40
09:29:01.83200,1933.750,41
09:29:02.03100,1934.000,5
09:29:02.82400,1934.000,4
09:29:03.03100,1934.000,11
09:29:03.50300,1934.000,1
09:29:05.46800,1933.750,19
09:29:06.94500,1934.000,1
09:29:08.24200,1934.000,11
09:29:10.40600,1934.000,1
09:29:10.53500,1934.000,2
09:29:11.47200,1934.000,3
09:29:13.33200,1934.000,40
09:29:13.67500,1934.000,10
09:29:14.73000,1933.750,1
09:29:15.77700,1934.250,1
09:29:16.67900,1934.000,2
09:29:17.23800,1934.250,53
09:29:17.46800,1934.000,4
09:29:18.89000,1934.250,6
09:29:23.46400,1934.000,14
09:29:23.64400,1934.000,2
09:29:27.17900,1934.250,36
09:29:27.37800,1934.250,1
09:29:27.84300,1934.250,2
09:29:29.31600,1934.500,6
09:29:34.69100,1934.500,65
09:29:35.35500,1934.750,64
09:29:35.65600,1935.000,7
09:29:35.73800,1935.000,2
09:29:36.24200,1935.000,1
09:29:37.45700,1934.750,45
09:29:41.04200,1934.750,2
09:29:41.25300,1934.750,1
09:29:41.43300,1934.750,67
09:29:41.58200,1934.750,27
09:29:42.33900,1934.750,1
09:29:42.68700,1934.750,78
09:29:43.91400,1934.750,58
09:29:44.05400,1934.750,6
09:29:44.19100,1934.750,1
09:29:44.24600,1934.750,1
09:29:44.46400,1934.750,4
09:29:45.17100,1934.750,1
09:29:45.44100,1934.750,4
09:29:45.79600,1934.750,89
09:29:46.46400,1934.500,12
09:29:46.78100,1934.500,1
09:29:47.17100,1934.500,1
09:29:47.46800,1934.500,4
09:29:47.60100,1934.750,8
09:29:47.74600,1934.750,3
09:29:47.96000,1934.750,12
09:29:48.21000,1934.750,1
09:29:48.42900,1934.750,1
09:29:48.65200,1934.500,2
09:29:49.08900,1934.750,6
09:29:51.42500,1934.750,1
09:29:51.73800,1934.500,1
09:29:51.87100,1934.750,100
09:29:52.16000,1934.500,5
09:29:52.62500,1934.750,26
09:29:52.89000,1934.750,31
09:29:53.26500,1934.750,1
09:29:53.75700,1934.750,11
09:29:54.75300,1934.500,2
09:29:55.04200,1934.750,3
09:29:55.50000,1934.750,4
09:29:55.87100,1934.750,23
09:29:56.43300,1934.500,2
09:29:56.73400,1934.750,4
09:29:57.26900,1934.750,1
09:29:57.49600,1934.750,1
09:29:57.51900,1934.750,111
09:29:57.92100,1934.500,2
09:29:58.26100,1934.500,5
09:29:58.33500,1934.500,2
09:29:58.71800,1934.500,498
09:29:58.82800,1934.250,158
09:29:58.94900,1934.250,188
09:29:59.08200,1934.000,148
09:29:59.14400,1934.000,201
09:29:59.30000,1934.000,93
09:29:59.38600,1934.000,6
09:29:59.53500,1934.000,5
09:29:59.74600,1933.750,246
09:29:59.78500,1934.000,22
09:30:00.01100,1934.000,297
09:30:00.02300,1934.250,8
09:30:00.10100,1934.250,579
09:30:00.21800,1934.000,363
09:30:00.37500,1934.000,90
09:30:00.50000,1934.000,24
09:30:00.58200,1934.250,6
09:30:00.58200,1934.000,2
09:30:00.85900,1934.250,128
09:30:01.02300,1934.500,68
09:30:01.06200,1934.500,48
09:30:01.14800,1934.250,47
09:30:01.25000,1934.250,39
09:30:01.41400,1934.250,119
09:30:01.53900,1934.250,34
09:30:01.62100,1934.250,10
09:30:01.70300,1934.250,4
09:30:01.93700,1934.500,231
09:30:01.96800,1934.500,30
09:30:02.07800,1934.750,15
09:30:02.19100,1934.250,22
09:30:02.31600,1934.500,41
09:30:02.38600,1934.500,16
09:30:02.52300,1934.250,23
09:30:02.62100,1934.500,1
09:30:02.74200,1934.250,9
09:30:03.05800,1934.250,23
09:30:03.19500,1934.500,5
09:30:03.66000,1934.500,16
09:30:03.73400,1934.500,1
09:30:03.90200,1934.500,135
09:30:04.01500,1934.500,17
09:30:04.13200,1934.500,16
09:30:04.25300,1934.250,14
09:30:04.38600,1934.500,29
09:30:04.77700,1934.250,225
09:30:05.09300,1934.250,21
09:30:05.17900,1934.500,12
09:30:05.28100,1934.250,1
09:30:05.55400,1934.250,2
09:30:05.60500,1934.250,22
09:30:05.71800,1934.250,3
09:30:05.88200,1934.500,3
09:30:06.11300,1934.250,160
09:30:06.29200,1934.250,4
09:30:06.51500,1934.500,266
09:30:06.63600,1934.250,10
09:30:06.96800,1934.500,8
09:30:07.16700,1934.500,27
09:30:07.25000,1934.500,2
09:30:07.38200,1934.250,1
09:30:07.62500,1934.750,98
09:30:07.75300,1934.750,123
09:30:07.96800,1935.000,58
09:30:08.11700,1934.750,2
09:30:08.14800,1934.750,12
09:30:08.31200,1934.750,51
09:30:08.48000,1935.000,16
09:30:08.53500,1934.750,4
09:30:08.61700,1934.750,2
09:30:08.79200,1934.750,194
09:30:08.85100,1934.750,26
09:30:08.96800,1935.000,26
09:30:09.04600,1935.000,35
09:30:09.25700,1935.000,1
09:30:09.37800,1934.750,15
09:30:09.47600,1934.750,6
09:30:09.81600,1935.000,6
09:30:09.91700,1934.750,5
09:30:10.07000,1935.000,28
09:30:10.12800,1934.750,4
09:30:10.40200,1935.250,274
09:30:10.46000,1935.000,98
09:30:10.60900,1935.000,1
09:30:10.80400,1935.250,1
09:30:10.96800,1935.250,9
09:30:11.06200,1935.000,5
09:30:11.15200,1935.250,426
09:30:11.37500,1935.500,304
09:30:11.55000,1935.500,2
09:30:11.56600,1935.500,1
09:30:11.70700,1935.250,29
09:30:11.86700,1935.500,3
09:30:11.96800,1935.500,13
09:30:12.14000,1935.250,107
09:30:12.14400,1935.250,19
09:30:12.25700,1935.500,12
09:30:12.35100,1935.250,14
09:30:12.44500,1935.250,9
09:30:12.71400,1935.500,108
09:30:12.88600,1935.000,43
09:30:12.97200,1935.250,11
09:30:13.12800,1935.250,17
09:30:13.33200,1935.250,6
09:30:13.54600,1935.000,6
09:30:13.60100,1935.000,1
09:30:13.78100,1935.250,161
09:30:14.12500,1935.250,49
09:30:14.19100,1935.500,2
09:30:14.33200,1935.500,2
09:30:14.53900,1935.250,42
09:30:14.63600,1935.250,1
09:30:14.78500,1935.000,5
09:30:14.87100,1935.250,46
09:30:14.94500,1935.250,4
09:30:15.01500,1935.000,24
09:30:15.20300,1935.250,1
09:30:15.55800,1935.000,1
09:30:15.63600,1935.250,1
09:30:15.76900,1935.000,5
09:30:16.03100,1935.000,10
09:30:16.31600,1935.250,2
09:30:16.50300,1935.000,103
09:30:16.83900,1935.000,71
09:30:16.93300,1934.750,11
09:30:17.17500,1934.750,6
09:30:17.27700,1935.000,50
09:30:17.33200,1935.000,2
09:30:17.46800,1935.000,3
09:30:18.08900,1935.000,2
09:30:18.39800,1934.750,15
09:30:18.66400,1934.750,4
09:30:18.78500,1935.000,2
09:30:18.90200,1935.000,1
09:30:19.03500,1934.750,2
09:30:19.37500,1935.000,4
09:30:19.44100,1935.000,18
09:30:19.62800,1934.750,3
09:30:20.62100,1934.750,265
09:30:20.67900,1934.750,7
09:30:21.07400,1934.750,2
09:30:21.15600,1934.500,2
09:30:21.33900,1934.750,57
09:30:21.65600,1934.500,5
09:30:21.79600,1934.750,2
09:30:22.23000,1934.750,14
09:30:23.10100,1934.750,14
09:30:23.27700,1934.500,190
09:30:23.38200,1934.500,60
09:30:23.44900,1934.500,17
09:30:23.55800,1934.500,1
09:30:23.71000,1934.500,6
09:30:23.77700,1934.500,1
09:30:23.85900,1934.500,4
09:30:24.17900,1934.500,18
09:30:24.23800,1934.500,2
09:30:24.41700,1934.250,6
09:30:24.70700,1934.250,95
09:30:25.06200,1934.250,2
09:30:25.21000,1934.000,7
09:30:25.28100,1934.250,60
09:30:25.41400,1934.250,2
09:30:25.86700,1934.250,28
09:30:26.07800,1934.250,27
09:30:26.33900,1934.250,2
09:30:26.51500,1934.250,1
09:30:26.78900,1934.250,4
09:30:27.02300,1934.500,4
09:30:28.01100,1934.500,1
09:30:28.25300,1934.500,10
09:30:28.73000,1934.750,186
09:30:28.75700,1934.750,38
09:30:28.96400,1934.750,3
09:30:29.07000,1934.750,9
09:30:29.41000,1935.000,1
09:30:30.03500,1934.750,11
09:30:30.69900,1934.750,6
09:30:30.80400,1935.000,53
09:30:30.88600,1934.750,23
09:30:31.00300,1935.000,1
09:30:31.14400,1935.000,7
09:30:31.37500,1935.000,2
09:30:31.67900,1934.750,15
09:30:31.90600,1935.000,5
09:30:32.24600,1935.000,5
09:30:32.79200,1935.000,3
09:30:33.06600,1934.750,75
09:30:33.28100,1934.750,4
09:30:33.57000,1934.750,3
09:30:34.03500,1934.750,4
09:30:34.85100,1934.500,131
09:30:35.44100,1934.500,2
09:30:35.82800,1934.500,1
09:30:36.23800,1934.250,8
09:30:36.71400,1934.500,2
09:30:36.86700,1934.500,4
09:30:37.28100,1934.500,11
09:30:37.40200,1934.500,135
09:30:37.51100,1934.750,25
09:30:37.64800,1934.500,1
09:30:37.81600,1934.500,1
09:30:37.89400,1934.500,4
09:30:38.35100,1934.500,3
09:30:38.51500,1934.500,40
09:30:38.73800,1934.500,13
09:30:38.79200,1934.500,14
09:30:39.04600,1934.500,2
09:30:39.28100,1934.500,10
09:30:39.37800,1934.500,3
09:30:39.55400,1934.250,1
09:30:39.75700,1934.500,4
09:30:39.91400,1934.500,22
09:30:40.13200,1934.750,3
09:30:40.47600,1934.500,2
09:30:41.28100,1934.500,1
09:30:41.73400,1934.500,1
09:30:41.92500,1934.750,7
09:30:42.01900,1934.750,4
09:30:42.06600,1934.750,3
09:30:42.56200,1934.750,1
09:30:43.28500,1934.750,1
09:30:43.48000,1934.750,91
09:30:44.22600,1934.750,30
09:30:44.41700,1934.750,1
09:30:44.55800,1934.750,1
09:30:44.76100,1934.750,10
09:30:44.87500,1934.750,1
09:30:45.96000,1934.500,82
09:30:46.08200,1934.250,18
09:30:47.17100,1934.250,151
09:30:47.39800,1934.250,11
09:30:47.74200,1934.250,32
09:30:47.87500,1934.500,7
09:30:47.91700,1934.250,8
09:30:48.48800,1934.250,11
09:30:48.86700,1934.250,2
09:30:49.02700,1934.500,1
09:30:49.42100,1934.500,1
09:30:49.80800,1934.250,37
09:30:51.19100,1934.250,11
09:30:51.33500,1934.250,1
09:30:51.48000,1934.250,8
09:30:51.55000,1934.250,2
09:30:51.66700,1934.250,6
09:30:51.73400,1934.250,2
09:30:52.06600,1934.250,1
09:30:53.33200,1934.250,20
09:30:53.97200,1934.000,10
09:30:54.15600,1934.000,12
09:30:54.42500,1934.000,332
09:30:54.45700,1934.000,2
09:30:54.58900,1934.000,54
09:30:54.93700,1933.750,5
09:30:55.17900,1934.000,4
09:30:55.46800,1933.750,10
09:30:56.14800,1934.000,13
09:30:56.26500,1934.000,2
09:30:56.41000,1933.750,1
09:30:56.59300,1933.750,112
09:30:56.70300,1933.750,2
09:30:56.86700,1933.750,11
09:30:56.93700,1933.750,15
09:30:57.04200,1933.750,61
09:30:57.22600,1933.750,10
09:30:57.41700,1933.750,3
09:30:57.65200,1934.000,3
09:30:57.74200,1933.750,2
09:30:58.44100,1933.750,2
09:30:58.78100,1933.750,4
09:30:59.59300,1933.750,96
09:30:59.86300,1933.750,67
09:31:00.03500,1933.750,12
09:31:00.41000,1933.500,51
09:31:00.54200,1933.750,2
09:31:00.85100,1933.750,1
09:31:01.13200,1933.500,1
09:31:01.23800,1933.500,96
09:31:01.46400,1933.250,100
09:31:01.46800,1933.250,26
09:31:01.46800,1933.250,40
09:31:01.54600,1933.250,32
09:31:01.68300,1933.250,13
09:31:02.19100,1933.250,16
09:31:02.25000,1933.250,8
09:31:02.37500,1933.250,3
09:31:02.46400,1933.250,85
09:31:02.60500,1933.000,45
09:31:02.68300,1933.000,5
09:31:02.76900,1933.250,15
09:31:03.08500,1933.000,9
09:31:03.36300,1933.000,7
09:31:03.41700,1933.000,1
09:31:03.58900,1933.000,140
09:31:03.71400,1933.000,7
09:31:03.73800,1933.000,1
09:31:03.91000,1933.000,1
09:31:04.16400,1933.250,169
09:31:04.26500,1933.250,46
09:31:04.37800,1933.250,9
09:31:04.47600,1933.250,3
09:31:04.64800,1933.000,17
09:31:04.71000,1933.250,11
09:31:04.74600,1933.250,2
09:31:05.12500,1933.250,14
09:31:05.21000,1933.250,3
09:31:05.33500,1933.500,173
09:31:05.44100,1933.500,12
09:31:05.48000,1933.500,1
09:31:05.58500,1933.250,15
09:31:05.75300,1933.250,2
09:31:06.24600,1933.250,212
09:31:06.24600,1933.250,6
09:31:06.24600,1933.250,29
09:31:06.24600,1933.250,5
09:31:06.24600,1933.250,38
09:31:06.27300,1933.250,220
09:31:06.27300,1933.250,56
09:31:06.50000,1933.500,20
09:31:06.61700,1933.250,2
09:31:06.69500,1933.250,2
09:31:07.19900,1933.500,5
09:31:07.46000,1933.250,3
09:31:07.60900,1933.250,4
09:31:08.09700,1933.250,2
09:31:08.40200,1933.250,1
09:31:08.73000,1933.750,52
09:31:09.23000,1933.750,65
09:31:09.55400,1933.500,11
09:31:09.65200,1933.500,1
09:31:10.03500,1933.750,6
09:31:10.11300,1933.500,1
09:31:10.37100,1933.750,2
09:31:10.51100,1933.500,5
09:31:10.82400,1933.500,3
09:31:11.02700,1933.500,117
09:31:11.03500,1933.500,63
09:31:11.48000,1933.250,53
09:31:12.26500,1933.500,1
09:31:13.15600,1933.250,117
09:31:13.32800,1933.250,23
09:31:13.43300,1933.250,3
09:31:13.46000,1933.250,11
09:31:13.66000,1933.250,47
09:31:13.91400,1933.250,1
09:31:14.47600,1933.500,9
09:31:14.53900,1933.250,8
09:31:14.68300,1933.500,106
09:31:14.73000,1933.500,8
09:31:14.84700,1933.500,1
09:31:14.92500,1934.000,551
09:31:15.10900,1934.000,78
09:31:15.12500,1933.750,132
09:31:15.26100,1933.750,2
09:31:15.35900,1933.750,4
09:31:15.52300,1933.750,4
09:31:15.71800,1934.000,1
09:31:16.23400,1934.000,5
09:31:16.55000,1934.000,4
09:31:17.00700,1934.000,59
09:31:17.25000,1934.000,1
09:31:17.32000,1934.250,8
09:31:17.67500,1934.000,4
09:31:17.80800,1934.250,2
09:31:17.94900,1934.000,3
09:31:18.05000,1934.000,1
09:31:18.76900,1934.000,1
09:31:18.97200,1934.250,11
09:31:19.27300,1934.250,289
09:31:19.41000,1934.250,75
09:31:19.58500,1934.250,2
09:31:19.67100,1934.000,31
09:31:19.83200,1934.250,1
09:31:20.00700,1934.250,1
09:31:20.14800,1934.000,176
09:31:20.31200,1934.000,27
09:31:20.42500,1934.000,11
09:31:20.58500,1934.000,1
09:31:20.76500,1934.000,1
09:31:20.94500,1934.000,1
09:31:21.10500,1934.000,1
09:31:21.29600,1933.750,76
09:31:21.29600,1933.750,1
09:31:21.40200,1933.750,11
09:31:21.54200,1933.750,51
09:31:21.73400,1933.750,53
09:31:21.80400,1933.750,9
09:31:21.93700,1933.750,4
09:31:22.46000,1933.750,465
09:31:22.87100,1933.500,4
09:31:23.08500,1933.750,41
09:31:23.31600,1934.000,1
09:31:23.41000,1933.750,1
09:31:23.46400,1933.750,1
09:31:23.79600,1934.000,1
09:31:24.06200,1934.000,144
09:31:24.07800,1934.000,40
09:31:24.18700,1933.750,124
09:31:24.50000,1933.750,6
09:31:25.19900,1934.000,13
09:31:25.37100,1934.000,1
09:31:26.31600,1934.000,74
09:31:26.48800,1934.000,107
09:31:26.53100,1934.000,51
09:31:26.92500,1934.000,5
09:31:27.05800,1934.250,2
09:31:27.64000,1934.000,1
09:31:27.96800,1934.000,3
09:31:28.28100,1934.000,1
09:31:28.33500,1934.000,1
09:31:28.42500,1934.000,1
09:31:28.62100,1934.000,115
09:31:29.08500,1934.000,12
09:31:29.39400,1933.750,1
09:31:29.93700,1933.750,3
09:31:31.59300,1933.750,262
09:31:31.59300,1933.750,17
09:31:31.59300,1933.750,130
09:31:31.62800,1933.750,57
09:31:31.62800,1933.750,37
09:31:31.68700,1933.750,5
09:31:32.13200,1933.750,12
09:31:32.26100,1934.000,47
09:31:32.33200,1934.000,131
09:31:32.44100,1934.000,1
09:31:33.08900,1934.000,44
09:31:33.21400,1934.000,1
09:31:33.45300,1934.000,7
09:31:33.54200,1934.000,1
09:31:33.79200,1934.000,48
09:31:34.12500,1933.750,1
09:31:34.42900,1934.000,14
09:31:34.60900,1934.000,3
09:31:35.55400,1934.000,45
09:31:35.84700,1934.000,1
09:31:36.00700,1934.000,5
09:31:36.21800,1934.000,1
09:31:36.67500,1934.000,12
09:31:36.82000,1934.000,9
09:31:37.11700,1934.000,2
09:31:37.21800,1934.000,1
09:31:37.89800,1934.250,153
09:31:37.94100,1934.250,8
09:31:38.05400,1934.250,6
09:31:38.19500,1934.250,12
09:31:38.29600,1934.000,2
09:31:38.41400,1934.000,50
09:31:38.59700,1934.250,2
09:31:38.66700,1934.000,1
09:31:38.77300,1934.250,4
09:31:38.88600,1934.250,1
09:31:39.62500,1934.000,3
09:31:39.81600,1934.250,24
09:31:40.11700,1934.250,10
09:31:40.37100,1934.000,10
09:31:40.43700,1934.250,2
09:31:40.72600,1934.250,3
09:31:40.94100,1934.250,25
09:31:41.08900,1934.250,65
09:31:41.33200,1934.250,45
09:31:41.46000,1934.250,7
09:31:41.48800,1934.250,1
09:31:42.20300,1934.250,3
09:31:43.55000,1934.500,30
09:31:43.74600,1934.250,2
09:31:44.19500,1934.250,1
09:31:44.85900,1934.500,59
09:31:44.92500,1934.500,1
09:31:45.26500,1934.750,21
09:31:45.41700,1934.750,3
09:31:45.96400,1934.250,116
09:31:46.03900,1934.500,2
09:31:46.19900,1934.250,1
09:31:46.27300,1934.500,4
09:31:46.35900,1934.250,1
09:31:46.62500,1934.500,1
09:31:46.78500,1934.500,3
09:31:47.19500,1934.500,2
09:31:48.04600,1934.500,1
09:31:48.41000,1934.500,48
09:31:48.41000,1934.500,1
09:31:48.42900,1934.500,16
09:31:48.42900,1934.500,33
09:31:48.67500,1934.500,14
09:31:49.09700,1934.500,40
09:31:49.32400,1934.500,1
09:31:49.64000,1934.500,5
09:31:50.00000,1934.750,8
09:31:50.02300,1934.750,6
09:31:50.50000,1934.500,2
09:31:50.70700,1934.750,4
09:31:50.97200,1934.750,4
09:31:51.11300,1934.750,147
09:31:51.25300,1935.000,3
09:31:51.34300,1935.000,6
09:31:51.50700,1934.750,3
09:31:51.71000,1935.000,5
09:31:51.92500,1934.750,68
09:31:52.00300,1934.750,1
09:31:52.13600,1934.750,6
09:31:52.20300,1934.500,1
09:31:52.26500,1934.500,1
09:31:52.61300,1934.750,53
09:31:53.06600,1935.000,5
09:31:53.94900,1934.500,169
09:31:54.23800,1934.750,6
09:31:54.30800,1934.500,1
09:31:54.64400,1934.750,3
09:31:55.01100,1934.500,67
09:31:55.01100,1934.500,6
09:31:55.17900,1934.250,3
09:31:55.30400,1934.500,3
09:31:55.35900,1934.500,2
09:31:55.51500,1934.500,7
09:31:55.63200,1934.500,1
09:31:56.45700,1934.250,8
09:31:56.86300,1934.250,186
09:31:57.02300,1934.250,5
09:31:57.32000,1934.250,29
09:31:57.59700,1934.250,48
09:31:57.78500,1934.250,4
09:31:58.09300,1934.500,1
09:31:58.46800,1934.250,10
09:31:59.26500,1934.250,9
09:31:59.57400,1934.500,1
09:32:00.24600,1934.750,105
09:32:00.43700,1934.750,34
09:32:00.55800,1934.500,1
09:32:00.78100,1934.500,1
09:32:01.54600,1934.750,125
09:32:02.07400,1935.000,40
09:32:02.52700,1934.750,146
09:32:02.79200,1934.750,13
09:32:02.89400,1934.750,4
09:32:03.24600,1934.750,3
09:32:03.59300,1934.500,1
09:32:03.82000,1934.750,130
09:32:03.82800,1935.000,15
09:32:03.93300,1934.750,9
09:32:04.17500,1935.000,5
09:32:04.53500,1934.750,51
09:32:04.61700,1934.750,17
09:32:04.66400,1934.750,26
09:32:05.02300,1935.000,1
09:32:05.12100,1935.000,1
09:32:05.35100,1934.750,1
09:32:06.03100,1934.750,1
09:32:06.23800,1934.750,119
09:32:06.61700,1934.750,73
09:32:06.80800,1934.750,1
09:32:07.04600,1934.500,284
09:32:07.08200,1934.500,1
09:32:07.49600,1934.500,1
09:32:08.32000,1934.500,89
09:32:08.38600,1934.500,1
09:32:09.25300,1934.500,5
09:32:09.51500,1934.500,2
09:32:09.91000,1934.250,2
09:32:10.14400,1934.500,2
09:32:10.31600,1934.500,1
09:32:10.64400,1934.250,3
09:32:11.87100,1934.250,188
09:32:11.93700,1934.250,2
09:32:12.06600,1934.250,4
09:32:12.24200,1934.250,193
09:32:12.39800,1934.000,27
09:32:12.87100,1934.000,2
09:32:13.36700,1934.250,3
09:32:14.08900,1934.000,4
09:32:14.60900,1934.000,144
09:32:14.82800,1934.000,77
09:32:15.19100,1934.000,18
09:32:15.35900,1934.000,78
09:32:16.33500,1934.000,6
09:32:16.60900,1934.000,80
09:32:16.85100,1933.750,59
09:32:16.97200,1933.750,2
09:32:17.23800,1933.750,115
09:32:17.67900,1933.750,26
09:32:17.68300,1933.750,217
09:32:17.77700,1933.750,1
09:32:17.95700,1933.750,1
09:32:18.21800,1933.500,10
09:32:18.36300,1933.500,1
09:32:18.54200,1933.500,2
09:32:18.79600,1933.500,4
09:32:19.16000,1933.500,2
09:32:19.69100,1933.500,264
09:32:19.79200,1933.250,9
09:32:19.92100,1933.500,6
09:32:20.48400,1933.250,18
09:32:20.71800,1933.500,2
09:32:20.80800,1933.250,1
09:32:20.90200,1933.250,1
09:32:21.25700,1933.250,1
09:32:21.48000,1933.250,1
09:32:21.60500,1933.250,1
09:32:21.72600,1933.250,6
09:32:21.94900,1933.500,5
09:32:22.21000,1933.250,173
09:32:22.42900,1933.500,2
09:32:22.64400,1933.500,25
09:32:23.29600,1933.250,5
09:32:23.33900,1933.250,1
09:32:23.64400,1933.250,3
09:32:24.12100,1933.500,1
09:32:24.22600,1933.500,111
09:32:24.29200,1933.500,27
09:32:24.60100,1933.500,11
09:32:24.97200,1933.250,2
09:32:25.32400,1933.250,2
09:32:25.40600,1933.500,24
09:32:25.75700,1933.500,2
09:32:25.79200,1933.500,1
09:32:26.08900,1933.500,3
09:32:27.05000,1933.750,167
09:32:27.12800,1933.750,18
09:32:27.44500,1933.750,17
09:32:27.94500,1933.500,1
09:32:28.46000,1933.500,2
09:32:28.57400,1933.750,1
09:32:28.67500,1933.750,3
09:32:29.01500,1933.500,10
09:32:30.36700,1933.500,92
09:32:30.54600,1933.250,4
09:32:30.60100,1933.250,140
09:32:30.72600,1933.250,14
09:32:30.89000,1933.250,1
09:32:31.25000,1933.250,52
09:32:31.33500,1933.250,1
09:32:31.42100,1933.250,55
09:32:31.52300,1933.250,14
09:32:31.67100,1933.250,1
09:32:31.87500,1933.250,26
09:32:32.28100,1933.250,4
09:32:32.44900,1933.500,1
09:32:32.64000,1933.250,13
09:32:32.82000,1933.250,5
09:32:33.14800,1933.500,5
09:32:33.30400,1933.250,2
09:32:33.75300,1933.500,51
09:32:33.77700,1933.500,3
09:32:34.07800,1933.500,33
09:32:34.17900,1933.500,34
09:32:34.30800,1933.500,3
09:32:34.40200,1933.500,1
09:32:34.41400,1933.500,1
09:32:34.72200,1933.250,1
09:32:34.86700,1933.500,13
09:32:34.97200,1933.250,24
09:32:35.11700,1933.250,1
09:32:35.35900,1933.250,12
09:32:35.59700,1933.250,2
09:32:36.22600,1933.250,34
09:32:36.46000,1933.000,1
09:32:36.86300,1933.000,2
09:32:37.12800,1933.000,3
09:32:37.45700,1933.000,2
09:32:37.53900,1933.000,140
09:32:37.69500,1932.750,17
09:32:37.84300,1932.750,2
09:32:38.07400,1932.750,1
09:32:38.15200,1932.750,1
09:32:38.42500,1932.750,2
09:32:38.52700,1932.750,4
09:32:38.63600,1932.750,2
09:32:38.71000,1932.750,1
09:32:38.86700,1932.750,112
09:32:38.88600,1932.750,15
09:32:39.25700,1932.500,43
09:32:39.45700,1932.750,24
09:32:39.56600,1932.750,10
09:32:39.60900,1932.750,27
09:32:39.88200,1932.750,1
09:32:40.07000,1932.750,1
09:32:40.30400,1932.750,4
09:32:40.40200,1932.750,4
09:32:40.50700,1932.750,1
09:32:40.67100,1932.750,2
09:32:41.00300,1932.750,1
09:32:41.25000,1932.750,4
09:32:41.36300,1932.750,1
09:32:41.63200,1932.750,3
09:32:42.53500,1932.750,2
09:32:42.76100,1933.000,2
09:32:42.91000,1932.750,66
09:32:43.05000,1932.750,29
09:32:43.28100,1933.000,1
09:32:43.51100,1933.000,6
09:32:43.79200,1932.750,2
09:32:44.61300,1933.000,130
09:32:44.75000,1933.000,3
09:32:44.92100,1933.000,1
09:32:45.22200,1933.000,3
09:32:45.50300,1933.000,10
09:32:45.72200,1933.250,74
09:32:45.72200,1933.250,4
09:32:45.79600,1933.250,38
09:32:46.07000,1933.250,24
09:32:46.23400,1933.250,1
09:32:46.48400,1933.000,10
09:32:46.67500,1933.250,14
09:32:46.90600,1933.250,9
09:32:47.05400,1933.250,58
09:32:47.54600,1933.250,2
09:32:47.60900,1933.250,8
09:32:47.85500,1933.000,59
09:32:47.94900,1933.000,24
09:32:48.06600,1933.000,21
09:32:48.36300,1933.000,14
09:32:48.42900,1932.750,80
09:32:48.59300,1933.000,6
09:32:48.69500,1932.750,1
09:32:48.89400,1933.000,30
09:32:49.12100,1932.750,20
09:32:49.23000,1932.750,3
09:32:49.41700,1933.000,2
09:32:49.76900,1932.750,10
09:32:50.03900,1932.750,9
09:32:50.22600,1932.750,17
09:32:50.51900,1932.750,2
09:32:50.73000,1932.750,38
09:32:50.78100,1932.750,5
09:32:51.24600,1932.750,2
09:32:51.28100,1932.750,2
09:32:51.52300,1932.500,2
09:32:51.67900,1932.750,70
09:32:51.73000,1932.750,10
09:32:51.85100,1932.750,2
09:32:52.00700,1932.750,1
09:32:52.17500,1932.750,15
09:32:52.42100,1932.750,2
09:32:52.65600,1932.750,16
09:32:52.87100,1932.750,15
09:32:53.13600,1932.500,11
09:32:53.42900,1932.750,6
09:32:53.45300,1932.500,2
09:32:53.51500,1932.500,8
09:32:53.64800,1932.500,1
09:32:53.80000,1932.500,3
09:32:54.00300,1932.500,4
09:32:54.14400,1932.500,12
09:32:54.47600,1932.500,2
09:32:54.74600,1932.500,74
09:32:55.11300,1932.750,52
09:32:55.54600,1932.500,14
09:32:55.60900,1932.500,10
09:32:55.80400,1932.500,2
09:32:56.05000,1932.500,14
09:32:56.09300,1932.500,22
09:32:56.21400,1932.500,25
09:32:56.43300,1932.500,11
09:32:56.50300,1932.500,4
09:32:56.61700,1932.750,1
09:32:57.21000,1932.500,1
09:32:57.50000,1932.750,1
09:32:57.76100,1932.750,81
09:32:58.07000,1932.750,6
09:32:58.34300,1932.750,14
09:32:58.66000,1932.750,8
09:32:59.16400,1932.750,5
09:32:59.47200,1932.750,1
09:32:59.63600,1932.750,1
09:33:00.22600,1933.000,240
09:33:00.32400,1933.000,20
09:33:00.49200,1933.000,13
09:33:00.71000,1932.750,1
09:33:00.84700,1932.750,3
09:33:01.00700,1933.000,1
09:33:01.36700,1932.750,265
09:33:01.46800,1932.750,6
09:33:01.53900,1932.750,165
09:33:01.69100,1932.500,5
09:33:01.94100,1932.750,2
09:33:02.70300,1932.500,41
09:33:02.87100,1932.500,20
09:33:03.27300,1932.750,4
09:33:03.51500,1932.750,23
09:33:03.64800,1932.500,17
09:33:03.81600,1932.500,3
09:33:04.26900,1932.500,2
09:33:04.73800,1932.750,95
09:33:05.50700,1932.750,1
09:33:05.66000,1932.750,3
09:33:05.70300,1933.000,16
09:33:05.84700,1933.000,1
09:33:05.93700,1932.750,1
09:33:06.17900,1933.250,28
09:33:06.42500,1933.000,1
09:33:07.07400,1933.000,21
09:33:07.23000,1933.000,3
09:33:07.42900,1933.000,6
09:33:07.56600,1933.000,26
09:33:08.69900,1933.250,1
09:33:08.81200,1933.250,5
09:33:08.92100,1933.000,1
09:33:09.10900,1933.000,2
09:33:09.17900,1933.250,1
09:33:09.64400,1933.000,23
09:33:09.71400,1933.250,27
09:33:09.76500,1933.000,1
09:33:09.91400,1933.000,2
09:33:10.26900,1933.000,84
09:33:10.56600,1933.000,35
09:33:10.69100,1933.000,10
09:33:11.01500,1933.250,5
09:33:11.43700,1933.250,5
09:33:11.51100,1933.000,61
09:33:12.19100,1933.000,24
09:33:12.34300,1932.750,4
09:33:12.56600,1932.750,40
09:33:12.76100,1932.750,41
09:33:12.94500,1932.750,3
09:33:13.29600,1932.750,23
09:33:13.44900,1932.750,6
09:33:13.76100,1932.750,18
09:33:14.20700,1933.000,4
09:33:14.35900,1932.750,1
09:33:14.87500,1932.750,2
09:33:14.97200,1933.000,2
09:33:15.25300,1933.000,3
09:33:15.33200,1932.750,1
09:33:16.52700,1932.750,5
09:33:16.63600,1933.000,3
09:33:16.85500,1933.000,2
09:33:17.58200,1933.000,4
09:33:18.41000,1932.750,68
09:33:19.25000,1932.750,3
09:33:19.28100,1932.750,1
09:33:19.67500,1932.500,59
09:33:19.84300,1932.500,10
09:33:20.35100,1932.500,50
09:33:20.42900,1932.500,7
09:33:20.59700,1932.500,2
09:33:20.79200,1932.750,1
09:33:20.94500,1932.500,1
09:33:21.20300,1932.250,698
09:33:21.22200,1932.500,40
09:33:21.51500,1932.250,16
09:33:21.60100,1932.000,59
09:33:21.70700,1932.250,4
09:33:22.03100,1932.250,69
09:33:22.26100,1932.500,1
09:33:22.42900,1932.250,30
09:33:22.75000,1932.250,2
09:33:22.96000,1932.250,7
09:33:23.16700,1932.250,1
09:33:23.54200,1932.250,87
09:33:23.96400,1932.000,3
09:33:24.45300,1932.000,4
09:33:25.07800,1932.000,2
09:33:25.17500,1932.000,1
09:33:25.32000,1932.000,3
09:33:25.60900,1932.000,2
09:33:25.73800,1932.000,24
09:33:26.26500,1932.250,6
09:33:26.41400,1932.000,1
09:33:26.53500,1932.000,1
09:33:26.73800,1932.000,1
09:33:26.91000,1932.250,80
09:33:26.92500,1932.250,2
09:33:27.27300,1932.250,8
09:33:27.56600,1932.000,219
09:33:27.58900,1932.000,1
09:33:27.70700,1932.000,1
09:33:27.91400,1932.000,1
09:33:28.17900,1932.250,118
09:33:28.31200,1932.250,73
09:33:28.43300,1932.250,51
09:33:28.49200,1932.000,19
09:33:28.58900,1932.000,1
09:33:28.69900,1932.250,1
09:33:28.83500,1932.000,31
09:33:29.08500,1932.000,4
09:33:29.30400,1932.000,2
09:33:29.61300,1932.000,6
09:33:29.75000,1932.000,45
09:33:29.90200,1932.250,6
09:33:30.02300,1932.000,9
09:33:30.25300,1931.750,252
09:33:30.32400,1932.000,207
09:33:30.53100,1932.000,3
09:33:30.78500,1932.000,52
09:33:31.10500,1932.000,2
09:33:31.17900,1932.250,1
09:33:31.30000,1932.000,4
09:33:31.36300,1932.250,6
09:33:31.41700,1932.000,2
09:33:31.64000,1932.000,2
09:33:31.70700,1932.250,203
09:33:31.70700,1932.250,7
09:33:31.70700,1932.250,14
09:33:31.71000,1932.250,24
09:33:31.74200,1932.250,15
09:33:31.87800,1932.250,90
09:33:32.10900,1932.500,26
09:33:32.50700,1932.500,16
09:33:32.65600,1932.500,72
09:33:32.69100,1932.500,52
09:33:33.03100,1932.750,22
09:33:33.14400,1932.750,1
09:33:33.25300,1932.750,1
09:33:33.32800,1932.500,1
09:33:33.47200,1932.750,76
09:33:33.72600,1932.750,1
09:33:33.91400,1932.750,64
09:33:33.94100,1932.750,4
09:33:34.44500,1932.750,1
09:33:34.60500,1932.750,40
09:33:34.84700,1933.000,5
09:33:34.87500,1932.750,27
09:33:35.05400,1932.750,21
09:33:35.15200,1932.750,20
09:33:35.23800,1932.750,6
09:33:35.59700,1932.750,10
09:33:35.69500,1932.500,1
09:33:35.74200,1932.750,1
09:33:35.89000,1932.750,2
09:33:36.52300,1932.750,3
09:33:37.01900,1932.500,2
09:33:37.48800,1932.500,52
09:33:37.53900,1932.500,1
09:33:38.46400,1932.750,1
09:33:39.23400,1932.500,1
09:33:39.44100,1932.750,8
09:33:40.84700,1932.750,64
09:33:41.08900,1932.750,1
09:33:41.64800,1932.500,109
09:33:41.75300,1932.750,1
09:33:42.36300,1933.000,35
09:33:42.54600,1932.750,14
09:33:42.90600,1932.750,8
09:33:43.10100,1932.500,49
09:33:43.30000,1932.750,1
09:33:43.45700,1932.750,7
09:33:43.74200,1932.750,48
09:33:43.78100,1932.750,33
09:33:44.13200,1933.000,131
09:33:44.29600,1932.750,3
09:33:44.35100,1932.750,5
09:33:44.97200,1932.750,2
09:33:45.48000,1933.000,1
09:33:45.91000,1933.000,12
09:33:46.09300,1933.000,2
09:33:46.31200,1932.750,160
09:33:46.49200,1932.750,20
09:33:46.64400,1932.750,10
09:33:46.75000,1932.750,1
09:33:47.75000,1932.500,74
09:33:47.82400,1932.500,163
09:33:48.35900,1932.500,5
09:33:49.01500,1932.750,357
09:33:49.30800,1932.500,164
09:33:49.43300,1932.750,1
09:33:50.11300,1932.750,1
09:33:50.48000,1932.750,151
09:33:50.61300,1933.000,2
09:33:50.91000,1933.000,2
09:33:51.37100,1933.000,1
09:33:51.94100,1933.000,60
09:33:52.17500,1933.000,6
09:33:52.45700,1933.000,62
09:33:52.58200,1933.000,19
09:33:52.67900,1933.000,56
09:33:52.80400,1933.000,1
09:33:52.91000,1933.000,21
09:33:53.09700,1933.000,1
09:33:53.38200,1933.000,10
09:33:53.56200,1933.000,56
09:33:53.70700,1933.250,17
09:33:53.85100,1932.750,35
09:33:54.34300,1933.000,18
09:33:54.45700,1933.000,14
09:33:54.55400,1933.250,64
09:33:54.65600,1933.000,12
09:33:54.81600,1932.750,1
09:33:54.89800,1933.000,4
09:33:54.96800,1933.000,1
09:33:55.32000,1933.000,6
09:33:55.78500,1933.000,60
09:33:56.07400,1933.250,15
09:33:56.35500,1933.000,16
09:33:56.66700,1933.000,216
09:33:56.78500,1933.000,74
09:33:56.87100,1933.000,20
09:33:57.26500,1933.250,2
09:33:57.41000,1933.250,14
09:33:57.74600,1933.250,1
09:33:58.12100,1933.250,2
09:33:58.46800,1933.000,178
09:33:59.15600,1933.000,50
09:33:59.34300,1933.000,1
09:33:59.80800,1933.000,1
09:34:00.08200,1932.750,59
09:34:00.53500,1932.750,65
09:34:00.59700,1932.750,1
09:34:00.63600,1932.750,1
09:34:01.26100,1932.750,1
09:34:01.46400,1932.750,60
09:34:01.61300,1932.750,18
09:34:01.70300,1932.750,1
09:34:02.10900,1933.000,1
09:34:02.29200,1932.750,2
09:34:02.57000,1933.000,2
09:34:03.25300,1932.750,2
09:34:04.13200,1933.000,4
09:34:04.48400,1933.000,7
09:34:04.66700,1932.750,41
09:34:05.12500,1932.750,73
09:34:05.33900,1932.750,11
09:34:05.42100,1932.750,1
09:34:05.51900,1932.750,2
09:34:06.30000,1933.000,127
09:34:06.37800,1933.000,34
09:34:06.57400,1933.000,1
09:34:06.73400,1933.000,8
09:34:06.82800,1933.000,7
09:34:07.28100,1933.000,1
09:34:07.64400,1932.500,25
09:34:07.79200,1932.750,21
09:34:08.34300,1932.750,85
09:34:08.59300,1932.500,3
09:34:08.85500,1932.750,2
09:34:08.91400,1932.750,63
09:34:09.04600,1932.750,4
09:34:09.30800,1933.000,1
09:34:09.44100,1932.750,54
09:34:09.46400,1932.750,32
09:34:09.79200,1932.500,123
09:34:10.10900,1932.500,90
09:34:10.21000,1932.500,2
09:34:10.55400,1932.500,1
09:34:10.71000,1932.750,1
09:34:11.65200,1932.750,108
09:34:11.67500,1932.500,4
09:34:11.93300,1932.500,1
09:34:12.62500,1932.750,4
09:34:12.69500,1932.500,3
09:34:13.62100,1932.500,1
09:34:13.69100,1932.500,1
09:34:14.31200,1932.500,44
09:34:14.38600,1932.500,11
09:34:14.52300,1932.500,19
09:34:14.96000,1932.500,1
09:34:15.00700,1932.500,6
09:34:15.14800,1932.500,1
09:34:15.43300,1932.500,9
09:34:16.15600,1932.750,72
09:34:16.15600,1932.750,10
09:34:16.59700,1932.750,1
09:34:16.82800,1932.750,1
09:34:17.22200,1932.750,3
09:34:18.39800,1933.000,7
09:34:18.55800,1933.000,2
09:34:18.89000,1932.750,1
09:34:18.94900,1933.000,1
09:34:19.26100,1932.750,10
09:34:20.19900,1932.750,74
09:34:20.45300,1932.750,3
09:34:20.53900,1932.750,41
09:34:21.24600,1932.500,33
09:34:21.51500,1932.500,11
09:34:21.67100,1932.500,1
09:34:21.75000,1932.500,1
09:34:21.87800,1932.500,1
09:34:22.07400,1932.250,2
09:34:22.92500,1932.250,83
09:34:23.00300,1932.250,32
09:34:23.07400,1932.250,21
09:34:23.22600,1932.250,3
09:34:23.34300,1932.250,31
09:34:23.46400,1932.250,1
09:34:23.82400,1932.250,3
09:34:24.10100,1932.250,30
09:34:24.10900,1932.250,17
09:34:24.37500,1932.250,1
09:34:24.64400,1932.000,5
09:34:25.07800,1932.000,105
09:34:25.33900,1931.750,60
09:34:25.39400,1931.750,1
09:34:25.65600,1931.750,11
09:34:25.88200,1932.000,2
09:34:26.08200,1931.750,1
09:34:26.23800,1931.750,4
09:34:26.56600,1931.750,3
09:34:26.73400,1932.000,122
09:34:26.79600,1932.000,37
09:34:27.11300,1931.750,5
09:34:27.58200,1931.750,4
09:34:27.72600,1932.000,10
09:34:27.87800,1932.000,24
09:34:28.01900,1932.000,1
09:34:28.34300,1932.250,2
09:34:28.61700,1932.000,83
09:34:29.76500,1932.250,1
09:34:30.03100,1932.250,63
09:34:30.13200,1932.000,40
09:34:30.24600,1932.250,13
09:34:30.29600,1932.000,2
09:34:30.48400,1932.000,1
09:34:30.56200,1932.250,1
09:34:31.01900,1932.250,32
09:34:31.25300,1932.500,2
09:34:31.83200,1932.500,2
09:34:32.07800,1932.500,50
09:34:32.12800,1932.500,11
09:34:32.53500,1932.500,2
09:34:32.80800,1932.500,10
09:34:33.46800,1932.500,1
09:34:33.59700,1932.500,2
09:34:34.37500,1932.500,1
09:34:34.42900,1932.500,2
09:34:34.89000,1932.500,2
09:34:35.09700,1932.500,3
09:34:35.21000,1932.500,5
09:34:35.29600,1932.500,10
09:34:35.45700,1932.500,51
09:34:36.03900,1932.500,13
09:34:36.17100,1932.750,66
09:34:36.34700,1933.000,8
09:34:36.41700,1932.750,3
09:34:36.69900,1932.750,1
09:34:36.91700,1933.000,2
09:34:37.07400,1932.750,1
09:34:37.30000,1933.000,2
09:34:37.48400,1932.750,7
09:34:37.80000,1932.750,265
09:34:37.92100,1932.750,18
09:34:38.21800,1933.000,3
09:34:38.36700,1932.750,1
09:34:38.73000,1933.000,2
09:34:38.86700,1932.750,159
09:34:38.86700,1932.750,36
09:34:39.25300,1932.750,158
09:34:40.01100,1932.750,1
09:34:40.73400,1932.500,67
09:34:41.35500,1932.500,86
09:34:41.73400,1932.250,1
09:34:42.37800,1932.250,1
09:34:42.39000,1932.250,10
09:34:42.63200,1932.500,61
09:34:42.64800,1932.500,5
09:34:42.88200,1932.500,5
09:34:43.16700,1932.500,4
09:34:43.17500,1932.500,2
09:34:43.41000,1932.500,10
09:34:43.64000,1932.500,12
09:34:44.07800,1932.750,61
09:34:44.32400,1932.750,69
09:34:44.47200,1932.750,4
09:34:44.71800,1932.500,24
09:34:45.16000,1932.750,22
09:34:45.88600,1932.750,96
09:34:46.10900,1932.750,2
09:34:46.70300,1932.750,3
09:34:47.15600,1932.750,1
09:34:47.29200,1933.000,589
09:34:47.36700,1933.250,71
09:34:47.46800,1933.250,93
09:34:47.51500,1933.500,170
09:34:47.81200,1933.500,1
09:34:48.07000,1933.250,77
09:34:48.42100,1933.500,3
09:34:48.50300,1933.500,1
09:34:48.87100,1933.500,1
09:34:49.05800,1933.500,4
09:34:49.14400,1933.500,1
09:34:49.39000,1933.250,2
09:34:49.53900,1933.250,1
09:34:49.75000,1933.500,1
09:34:49.91400,1933.250,83
09:34:50.06600,1933.250,46
09:34:50.37800,1933.500,4
09:34:50.71400,1933.500,125
09:34:51.05000,1933.500,29
09:34:51.05400,1933.500,28
09:34:51.22600,1933.500,48
09:34:51.37100,1933.500,3
09:34:51.51900,1933.500,14
09:34:51.73800,1933.500,8
09:34:51.81200,1933.500,28
09:34:52.17900,1933.500,3
09:34:52.26500,1933.500,24
09:34:52.32800,1933.500,5
09:34:52.64800,1933.750,109
09:34:52.74600,1933.750,32
09:34:52.89400,1934.000,18
09:34:52.93700,1934.000,1
09:34:53.12800,1934.000,25
09:34:53.33900,1933.750,3
09:34:53.56600,1934.000,2
09:34:53.79600,1933.750,52
09:34:54.00000,1933.750,62
09:34:54.01900,1933.750,9
09:34:54.12500,1934.000,2
09:34:54.36300,1933.750,34
09:34:54.48800,1933.500,10
09:34:54.48800,1933.500,6
09:34:54.59700,1933.750,24
09:34:54.83200,1933.750,1
09:34:55.08900,1933.750,2
09:34:55.45300,1933.500,93
09:34:55.65200,1933.500,2
09:34:55.93300,1933.500,31
09:34:56.07000,1933.500,1
09:34:56.25300,1933.750,1
09:34:56.46000,1933.750,90
09:34:56.83500,1933.750,3
09:34:57.46000,1933.750,99
09:34:57.69900,1933.750,1
09:34:58.28500,1933.750,54
09:34:58.36700,1933.750,22
09:34:58.50000,1933.750,20
09:34:58.93300,1933.500,3
09:34:59.23000,1933.500,79
09:34:59.35100,1933.250,6
09:34:59.37800,1933.500,10
09:34:59.90600,1933.500,8
09:35:00.24200,1933.500,130
09:35:00.34700,1933.500,26
09:35:00.65600,1933.500,7
09:35:00.78100,1933.750,9
09:35:00.90600,1933.750,1
09:35:01.13600,1933.750,43
09:35:01.19900,1933.750,33
09:35:01.30000,1933.750,3
09:35:01.35100,1933.750,11
09:35:01.50000,1933.750,1
09:35:01.63600,1933.750,15
09:35:02.04600,1933.750,1
09:35:02.22600,1933.750,2
09:35:02.70700,1934.000,1
09:35:02.82400,1933.750,5
09:35:02.97200,1934.000,1
09:35:03.19900,1934.000,1
09:35:03.66700,1934.000,39
09:35:03.87100,1933.750,12
09:35:04.01900,1934.000,1
09:35:04.07800,1934.000,1
09:35:04.39000,1934.000,4
09:35:05.01100,1934.000,3
09:35:05.42100,1934.000,1
09:35:05.69100,1933.750,2
09:35:05.91000,1934.000,3
09:35:06.47600,1934.000,11
09:35:07.05400,1934.000,4
09:35:07.31200,1934.000,1
09:35:08.30000,1934.000,1
09:35:08.62800,1933.750,4
09:35:08.94500,1933.750,6
09:35:09.02700,1934.000,2
09:35:09.45300,1933.750,13
09:35:09.65200,1934.000,12
09:35:09.84700,1934.000,1
09:35:10.28900,1934.000,96
09:35:10.30000,1934.000,127
09:35:10.43300,1934.250,20
09:35:10.57000,1934.250,1
09:35:10.61700,1934.250,1
09:35:10.67900,1934.250,44
09:35:10.81600,1934.250,5
09:35:10.87800,1934.250,19
09:35:11.16400,1934.250,2
09:35:11.50000,1934.250,131
09:35:11.55400,1934.500,2
09:35:11.66000,1934.000,33
09:35:11.73400,1934.250,4
09:35:11.89800,1934.250,1
09:35:12.24600,1934.250,15
09:35:12.39000,1934.250,36
09:35:12.67900,1934.000,3
09:35:13.12100,1934.250,3
09:35:13.27700,1934.000,4
09:35:13.51900,1934.250,8
09:35:13.54200,1934.250,1
09:35:13.81600,1934.250,2
09:35:13.93300,1934.000,2
09:35:13.96800,1934.250,1
09:35:14.41000,1934.250,51
09:35:14.69900,1934.250,1
09:35:14.87800,1934.250,27
09:35:15.02300,1934.250,1
09:35:15.08200,1934.250,1
09:35:15.16000,1934.250,2
09:35:15.32000,1934.250,25
09:35:15.49600,1934.500,145
09:35:15.53500,1934.500,3
09:35:15.66000,1934.250,27
09:35:15.71800,1934.500,1
09:35:16.10900,1934.250,1
09:35:16.17100,1934.500,1
09:35:16.26900,1934.500,2
09:35:16.52300,1934.250,6
09:35:16.64400,1934.250,94
09:35:16.76900,1934.500,2
09:35:17.16000,1934.250,28
09:35:17.41700,1934.250,2
09:35:17.68700,1934.250,5
09:35:17.85900,1934.250,2
09:35:18.11700,1934.250,19
09:35:18.54600,1934.250,44
09:35:18.60900,1934.250,18
09:35:18.73000,1934.250,9
09:35:19.61700,1934.500,1
09:35:19.94900,1934.250,3
09:35:20.55000,1934.500,3
09:35:20.66700,1934.500,18
09:35:20.71800,1934.500,34
09:35:20.92500,1934.500,3
09:35:21.26100,1934.500,9
09:35:21.57800,1934.500,114
09:35:21.67500,1934.750,5
09:35:21.94500,1934.750,82
09:35:22.09300,1934.750,32
09:35:22.12500,1934.750,20
09:35:22.27700,1934.750,24
09:35:22.29200,1934.750,1
09:35:22.57000,1934.500,62
09:35:22.69900,1934.750,4
09:35:22.84300,1934.750,1
09:35:23.03100,1934.750,5
09:35:23.26900,1935.000,10
09:35:23.35500,1935.000,2
09:35:23.69100,1934.750,1
09:35:24.01500,1935.000,3
09:35:24.22600,1934.750,1
09:35:24.48800,1935.000,409
09:35:24.48800,1935.000,25
09:35:25.01500,1935.000,3
09:35:25.35500,1934.750,9
09:35:25.51500,1935.000,6
09:35:25.67100,1935.000,6
09:35:25.75700,1935.000,4
09:35:25.94100,1935.000,1
09:35:26.33500,1934.750,213
09:35:26.60900,1934.500,3
09:35:26.63600,1934.750,1
09:35:26.78900,1934.750,7
09:35:27.07000,1934.750,31
09:35:27.30000,1934.500,5
09:35:27.41700,1934.500,196
09:35:27.46400,1934.500,98
09:35:27.57800,1934.500,22
09:35:27.69900,1934.500,15
09:35:27.87500,1934.500,4
09:35:28.02300,1934.750,4
09:35:28.57000,1934.500,3
09:35:28.67900,1934.500,2
09:35:29.10500,1934.750,8
09:35:29.14000,1934.500,7
09:35:29.32800,1934.500,4
09:35:29.36700,1934.500,34
09:35:29.41400,1934.500,38
09:35:29.72600,1934.500,8
09:35:29.81600,1934.250,8
09:35:29.88200,1934.250,3
09:35:30.08900,1934.500,1
09:35:30.26500,1934.250,2
09:35:30.38600,1934.500,2
09:35:30.47200,1934.500,48
09:35:30.51500,1934.500,11
09:35:30.91400,1934.500,17
09:35:30.96800,1934.500,2
09:35:31.03500,1934.500,5
09:35:31.39000,1934.250,17
09:35:31.73000,1934.250,6
09:35:31.90600,1934.500,7
09:35:32.32400,1934.250,78
09:35:32.39400,1934.250,19
09:35:32.63200,1934.250,2
09:35:33.02700,1934.000,22
09:35:33.24600,1934.000,1
09:35:33.40200,1934.250,33
09:35:33.45300,1934.250,6
09:35:33.67500,1934.250,1
09:35:33.74200,1934.250,3
09:35:33.86300,1934.000,11
09:35:34.18700,1934.000,1
09:35:34.40200,1934.250,92
09:35:34.41700,1934.250,33
09:35:34.53900,1934.500,4
09:35:34.71800,1934.500,139
09:35:34.83500,1934.500,7
09:35:35.02700,1934.250,1
09:35:35.65600,1934.750,26
09:35:36.21800,1934.500,47
09:35:37.03900,1934.500,1
09:35:37.16000,1934.500,53
09:35:37.26100,1934.500,11
09:35:37.69100,1934.250,61
09:35:37.83200,1934.250,1
09:35:38.24200,1934.250,4
09:35:39.37800,1934.500,14
09:35:39.79600,1934.250,2
09:35:39.93300,1934.500,1
09:35:40.95300,1934.500,77
09:35:41.26900,1934.500,1
09:35:42.16000,1934.500,62
09:35:43.41400,1934.500,5
09:35:43.73000,1934.500,117
09:35:44.33900,1934.500,2
09:35:45.33500,1934.500,4
09:35:45.53100,1934.500,2
09:35:45.74600,1934.500,189
09:35:45.84300,1934.500,17
09:35:46.17900,1934.500,1
09:35:46.41700,1934.500,63
09:35:48.01900,1934.750,4
09:35:48.18300,1934.500,2
09:35:48.95700,1934.500,72
09:35:49.08200,1934.500,10
09:35:49.58200,1934.500,1
09:35:50.83900,1934.500,20
09:35:51.06200,1934.500,33
09:35:51.80800,1934.500,20
09:35:51.85500,1934.250,100
09:35:52.34700,1934.500,77
09:35:52.74200,1934.500,1
09:35:53.40600,1934.500,1
09:35:53.96400,1934.750,138
09:35:54.44900,1934.500,9
09:35:54.73400,1934.750,3
09:35:54.81200,1934.750,12
09:35:55.02300,1934.750,4
09:35:55.25700,1934.500,2
09:35:55.30000,1934.500,1
09:35:56.06600,1934.500,44
09:35:56.14400,1934.250,20
09:35:56.25300,1934.250,102
09:35:56.69900,1934.500,158
09:35:57.08500,1934.500,1
09:35:57.16400,1934.500,5
09:35:57.25000,1934.500,79
09:35:57.36300,1934.250,1
09:35:57.44900,1934.250,1
09:35:57.82400,1934.250,1
09:35:58.01900,1934.500,8
09:35:58.09700,1934.500,13
09:35:58.16700,1934.500,5
09:35:58.42900,1934.500,1
09:35:58.77700,1934.500,45
09:35:58.86300,1934.500,10
09:35:59.28500,1934.500,5
09:35:59.59700,1934.750,82
09:35:59.72600,1934.750,7
09:36:00.00700,1934.750,41
09:36:00.07800,1934.750,3
09:36:00.18700,1934.500,4
09:36:00.30800,1934.500,1
09:36:00.58500,1934.750,2
09:36:00.79600,1934.750,5
09:36:02.10500,1934.750,2
09:36:02.20700,1934.750,8
09:36:02.44500,1934.750,1
09:36:02.63200,1934.750,1
09:36:03.17500,1934.750,1
09:36:03.52300,1934.500,55
09:36:03.63200,1934.500,1
09:36:03.92500,1934.500,149
09:36:04.06200,1934.500,3
09:36:04.33500,1934.500,10
09:36:04.47600,1934.500,31
09:36:04.58500,1934.500,4
09:36:04.60500,1934.500,1
09:36:05.11300,1934.500,39
09:36:05.21000,1934.500,13
09:36:05.41700,1934.500,1
09:36:06.11300,1934.500,2
09:36:06.16000,1934.500,3
09:36:07.76900,1934.500,1
09:36:09.69500,1934.500,10
09:36:09.95300,1934.500,1
09:36:11.15600,1934.250,11
09:36:11.43300,1934.250,10
09:36:11.60100,1934.500,49
09:36:11.62500,1934.500,7
09:36:11.64800,1934.500,1
09:36:11.93700,1934.500,1
09:36:12.25300,1934.750,2
09:36:12.90200,1934.750,3
09:36:13.01900,1934.750,58
09:36:14.43300,1934.750,63
09:36:14.51900,1934.750,32
09:36:14.60900,1934.750,1
09:36:14.83500,1934.750,85
09:36:15.18300,1934.500,5
09:36:15.28100,1934.500,19
09:36:15.60500,1934.750,3
09:36:16.13200,1934.750,1
09:36:16.70700,1934.750,42
09:36:16.77300,1934.750,1
09:36:17.17900,1934.750,1
09:36:17.24600,1934.500,1
09:36:17.54200,1934.500,1
09:36:17.88200,1934.750,1
09:36:18.05400,1934.750,42
09:36:18.64800,1934.750,13
09:36:18.84700,1934.750,20
09:36:19.15600,1934.500,1
09:36:19.32000,1934.750,9
09:36:19.84700,1934.750,5
09:36:20.14000,1934.750,53
09:36:20.42500,1934.750,1
09:36:20.95700,1934.750,1
09:36:21.07000,1934.750,24
09:36:21.24200,1934.750,38
09:36:21.26500,1934.750,17
09:36:21.43300,1934.750,27
09:36:21.52700,1934.750,6
09:36:21.71000,1935.000,2
09:36:21.97200,1935.000,1
09:36:22.50700,1935.000,2
09:36:22.64000,1935.000,1
09:36:22.81600,1935.000,1
09:36:23.16700,1935.000,225
09:36:23.28100,1935.000,44
09:36:23.33500,1935.000,9
09:36:23.80400,1935.000,9
09:36:24.32800,1935.000,25
09:36:24.70700,1935.500,442
09:36:24.71000,1935.500,7
09:36:24.71400,1935.500,11
09:36:24.90600,1935.500,6
09:36:25.03100,1935.500,81
09:36:25.11300,1935.500,51
09:36:25.30800,1935.250,22
09:36:25.63200,1935.500,5
09:36:25.75700,1935.500,38
09:36:25.76100,1935.500,88
09:36:26.03900,1935.500,17
09:36:26.09300,1935.500,20
09:36:26.26500,1935.750,82
09:36:26.32800,1935.750,3
09:36:26.39400,1935.750,6
09:36:26.47600,1935.750,5
09:36:26.62500,1935.750,1
09:36:26.75000,1935.750,214
09:36:26.77300,1935.750,110
09:36:27.02300,1935.750,21
09:36:27.03900,1935.750,2
09:36:27.20300,1935.750,2
09:36:27.35900,1935.500,1
09:36:27.68700,1935.750,13
09:36:27.79600,1936.000,45
09:36:27.90200,1936.000,5
09:36:28.02300,1936.000,6
09:36:28.12800,1935.750,1
09:36:28.22200,1936.000,183
09:36:28.22200,1936.000,8
09:36:28.22200,1936.000,34
09:36:28.22200,1936.000,31
09:36:28.23400,1936.000,43
09:36:28.33500,1936.250,69
09:36:28.40600,1936.250,1
09:36:28.74200,1936.000,5
09:36:28.78900,1936.250,1
09:36:28.95300,1936.250,224
09:36:29.00700,1936.750,1039
09:36:29.16000,1936.750,395
09:36:29.25300,1936.500,37
09:36:29.30400,1936.750,59
09:36:29.46000,1936.750,68
09:36:29.55800,1936.500,421
09:36:29.66000,1936.750,109
09:36:29.76100,1936.750,11
09:36:29.86300,1936.500,7
09:36:29.91000,1936.500,71
09:36:29.91700,1936.500,157
09:36:30.30400,1936.500,56
09:36:30.36300,1936.250,4
09:36:30.49600,1936.500,18
09:36:30.56200,1936.500,1
09:36:30.62500,1936.500,2
09:36:30.81600,1936.500,108
09:36:30.93700,1936.500,1
09:36:31.23000,1936.250,1
09:36:31.27700,1936.250,1
09:36:31.35500,1936.250,15
09:36:31.50000,1936.250,3
09:36:31.76900,1936.250,14
09:36:31.90600,1936.250,206
09:36:32.00700,1936.250,120
09:36:32.12800,1936.250,158
09:36:32.16000,1936.500,2
09:36:32.16000,1936.500,49
09:36:32.31600,1936.250,2
09:36:32.36700,1936.500,7
09:36:32.52700,1936.500,14
09:36:32.65200,1936.500,28
09:36:32.76500,1936.250,97
09:36:32.91000,1936.250,46
09:36:33.05400,1936.250,19
09:36:33.17500,1936.250,1
09:36:33.38200,1936.250,2
09:36:33.67900,1936.250,54
09:36:33.81200,1936.250,5
09:36:33.92500,1936.500,83
09:36:34.03500,1936.500,182
09:36:34.04200,1936.500,27
09:36:34.17100,1936.500,25
09:36:34.42100,1936.500,17
09:36:34.54200,1936.500,18
09:36:34.60500,1936.500,5
09:36:34.75000,1936.500,15
09:36:34.91000,1936.500,217
09:36:35.05400,1936.500,1
09:36:35.23400,1936.500,37
09:36:35.37500,1936.500,11
09:36:35.56600,1936.500,6
09:36:35.66400,1936.250,14
09:36:35.83500,1936.250,7
09:36:36.10500,1936.750,56
09:36:36.19500,1936.500,3
09:36:36.39800,1936.500,3
09:36:36.51500,1936.500,113
09:36:36.64000,1936.500,45
09:36:36.69100,1936.750,6
09:36:37.07800,1936.500,16
09:36:37.38200,1936.750,5
09:36:37.91000,1936.750,5
09:36:38.23000,1936.500,68
09:36:38.24600,1936.500,4
09:36:38.42900,1936.500,51
09:36:38.57000,1936.250,1
09:36:38.66000,1936.500,1
09:36:39.05800,1936.500,2
09:36:39.21800,1936.500,4
09:36:39.32400,1936.500,1
09:36:39.47200,1936.250,51
09:36:39.56200,1936.500,2
09:36:39.78900,1936.250,3
09:36:39.89800,1936.250,5
09:36:40.05400,1936.250,3
09:36:40.14400,1936.000,134
09:36:40.31200,1936.250,2
09:36:40.36300,1936.250,3
09:36:40.46800,1936.000,154
09:36:40.46800,1936.000,16
09:36:40.87800,1936.250,3
09:36:41.08200,1936.000,2
09:36:41.17500,1936.250,3
09:36:41.28900,1936.000,6
09:36:41.50700,1936.250,4
09:36:41.75700,1936.000,4
09:36:42.08500,1936.250,14
09:36:42.21000,1936.000,13
09:36:42.62800,1936.250,4
09:36:43.43700,1936.250,6
09:36:44.07800,1936.250,12
09:36:44.40200,1936.000,56
09:36:44.47600,1936.250,45
09:36:45.66700,1936.250,231
09:36:46.08900,1936.000,2
09:36:46.15600,1936.000,5
09:36:46.63600,1936.250,2
09:36:46.68700,1936.000,3
09:36:47.16400,1936.250,46
09:36:47.41700,1936.250,1
09:36:47.76900,1936.000,5
09:36:47.96800,1936.250,1
09:36:48.31200,1936.250,1
09:36:48.69900,1936.000,1
09:36:48.82800,1936.000,69
09:36:48.87800,1936.000,4
09:36:49.56600,1936.000,1
09:36:49.63200,1936.000,5
09:36:49.77300,1936.000,6
09:36:49.82800,1936.000,1
09:36:50.09700,1936.250,70
09:36:50.30800,1936.000,2
09:36:50.54200,1936.000,1
09:36:50.65200,1936.250,7
09:36:50.95300,1936.000,3
09:36:51.16000,1936.250,5
09:36:51.30000,1936.250,4
09:36:51.44500,1936.000,1
09:36:51.57800,1936.250,1
09:36:51.82400,1936.000,10
09:36:51.90200,1936.250,20
09:36:52.07800,1936.000,1
09:36:52.66700,1936.000,102
09:36:53.15200,1936.250,22
09:36:53.41000,1936.250,19
09:36:53.65600,1936.250,19
09:36:53.65600,1936.250,1
09:36:53.65600,1936.250,1
09:36:53.67900,1936.250,24
09:36:53.92100,1936.000,2
09:36:54.24600,1936.000,9
09:36:54.29200,1936.000,12
09:36:54.72600,1936.000,5
09:36:54.82400,1936.250,1
09:36:55.04600,1936.250,2
09:36:55.29200,1936.000,1
09:36:55.42900,1936.000,1
09:36:55.85500,1936.000,6
09:36:56.42900,1936.000,52
09:36:56.61700,1936.250,2
09:36:57.41700,1936.000,1
09:36:57.53100,1936.000,1
