00:00:00.54200,1911.500,0
00:00:02.11700,1911.500,1
00:00:05.39800,1911.500,25
00:00:07.09300,1911.500,1
00:00:16.63200,1911.500,16
00:00:28.11700,1911.750,29
00:00:37.50300,1911.750,9
00:00:38.48400,1912.000,31
00:00:39.94500,1911.750,1
00:00:42.29600,1911.750,3
00:00:42.46000,1911.750,3
00:00:50.01100,1911.750,17
00:00:51.91400,1911.750,8
00:00:54.05400,1911.500,35
00:01:02.65200,1911.750,3
00:01:09.65600,1911.500,8
00:01:25.57000,1911.500,1
00:01:26.11700,1911.750,7
00:01:26.45300,1912.000,30
00:01:27.39800,1911.750,2
00:01:28.40600,1911.750,1
00:01:30.73800,1911.750,1
00:01:31.85500,1911.750,1
00:01:36.87800,1911.750,2
00:01:53.59300,1911.500,4
00:01:56.46000,1911.750,12
00:01:57.35900,1911.750,15
00:01:58.72600,1912.000,1
00:01:59.05800,1912.000,26
00:02:02.12100,1912.250,37
00:02:02.54600,1912.500,38
00:02:02.56200,1912.500,1
00:02:04.20300,1912.500,1
00:02:08.57800,1912.500,26
00:02:11.94100,1912.500,2
00:02:12.41700,1912.750,9
00:02:14.00300,1912.500,3
00:02:15.14400,1912.500,3
00:02:18.32800,1912.500,1
00:02:18.78500,1912.500,1
00:02:19.53100,1912.750,1
00:02:26.62100,1912.750,1
00:02:27.92100,1912.750,2
00:02:28.12800,1912.500,1
00:02:28.88200,1912.750,1
00:02:30.25700,1912.750,2
00:02:34.20700,1912.750,1
00:02:35.57000,1912.750,1
00:02:37.10100,1912.750,1
00:02:40.48400,1912.750,40
00:02:43.44500,1912.750,1
00:02:45.59700,1912.750,1
00:02:47.68700,1912.500,2
00:02:48.82400,1912.500,15
00:02:50.84300,1912.500,1
00:02:52.60500,1912.500,2
00:02:57.36700,1912.250,14
00:02:57.47200,1912.250,2
00:02:57.71000,1912.250,2
00:02:58.66000,1912.500,50
00:03:02.85900,1912.500,2
00:03:13.51900,1912.500,1
00:03:16.87500,1912.250,1
00:03:18.31200,1912.500,1
00:03:22.43700,1912.500,11
00:03:25.43700,1912.500,15
00:03:26.40600,1912.500,5
00:03:28.08500,1912.250,1
00:03:36.92500,1912.500,4
00:03:49.38200,1912.500,1
00:03:52.45300,1912.500,1
00:04:03.44900,1912.750,17
00:04:05.01500,1912.500,2
00:04:06.80000,1912.250,4
00:04:08.01900,1912.500,1
00:04:09.25000,1912.250,1
00:04:12.65200,1912.250,1
00:04:13.71000,1912.500,1
00:04:16.15600,1912.250,4
00:04:16.80400,1912.250,5
00:04:19.25300,1912.250,27
00:04:24.33500,1912.000,1
00:04:25.87800,1912.000,50
00:04:26.52700,1912.000,38
00:04:27.04200,1912.000,2
00:04:34.87800,1912.000,3
00:04:36.23400,1912.000,16
00:04:36.89000,1912.000,5
00:04:43.08200,1912.000,1
00:04:49.01100,1911.750,2
00:04:52.86700,1911.750,19
00:05:05.05000,1911.750,6
00:05:11.11700,1911.750,1
00:05:20.24600,1911.750,18
00:05:22.03900,1911.500,20
00:05:22.87800,1911.500,1
00:05:25.40600,1911.500,1
00:05:27.30800,1911.500,1
00:05:34.30800,1911.500,16
00:05:35.68300,1911.500,4
00:05:37.46000,1911.250,4
00:05:38.12800,1911.250,11
00:05:50.89000,1911.500,9
00:05:51.18300,1911.500,8
00:05:52.24200,1911.500,3
00:05:53.56600,1911.750,12
00:05:58.64800,1912.000,1
00:06:02.25300,1911.750,10
00:06:08.74600,1911.750,2
00:06:10.75000,1911.500,1
00:06:34.94100,1911.750,11
00:06:36.33500,1911.750,2
00:06:38.03500,1911.750,3
00:06:39.08500,1911.750,2
00:06:48.25700,1911.750,1
00:06:54.28100,1911.500,6
00:06:56.66700,1911.750,1
00:06:59.08200,1911.750,1
00:07:04.25300,1911.250,62
00:07:04.47600,1911.250,26
00:07:04.62500,1911.250,4
00:07:05.89000,1911.250,2
00:07:06.25700,1911.000,6
00:07:12.21000,1911.250,1
00:07:16.08900,1911.250,4
00:07:16.89400,1911.250,27
00:07:24.42100,1911.250,1
00:07:24.76100,1911.250,29
00:07:25.11700,1911.500,11
00:07:25.26500,1911.500,5
00:07:32.14800,1911.500,4
00:07:35.44900,1911.750,64
00:07:44.41000,1911.750,20
00:07:45.81200,1911.750,1
00:07:47.51500,1911.750,32
00:07:55.42100,1911.750,1
00:07:59.09300,1911.250,55
00:08:07.10900,1911.500,116
00:08:09.05800,1911.500,1
00:08:12.54600,1911.500,1
00:08:13.45700,1911.500,2
00:08:14.69900,1911.500,1
00:08:24.94100,1911.750,8
00:08:25.88600,1911.750,3
00:08:34.93700,1911.750,3
00:08:37.69100,1912.000,14
00:08:38.00300,1912.000,1
00:08:40.85100,1912.000,1
00:08:41.28100,1912.250,1
00:08:41.90600,1912.000,1
00:08:42.38200,1912.250,1
00:08:43.45300,1912.250,1
00:08:49.68300,1912.000,7
00:08:49.79600,1912.000,8
00:08:50.94500,1912.000,1
00:08:52.48400,1912.000,1
00:08:54.43700,1912.000,1
00:08:54.77700,1912.000,1
00:08:55.20700,1912.000,1
00:09:10.97200,1912.000,29
00:09:11.12500,1912.000,4
00:09:12.16700,1912.000,18
00:09:18.72200,1912.000,5
00:09:26.72600,1912.000,1
00:09:32.91700,1912.000,3
00:09:35.57000,1912.000,1
00:09:37.91400,1912.250,1
00:09:42.34300,1912.000,3
00:09:44.24600,1912.000,4
00:09:44.49200,1912.000,3
00:09:49.51900,1912.000,1
00:09:49.86700,1912.000,1
00:09:59.57800,1912.000,1
00:10:00.32400,1911.750,14
00:10:00.50000,1911.750,2
00:10:01.67100,1911.500,3
00:10:02.23800,1911.750,47
00:10:05.32800,1912.000,2
00:10:13.72600,1912.000,2
00:10:16.03100,1912.000,1
00:10:16.45300,1912.000,1
00:10:18.22600,1912.000,3
00:10:19.30000,1912.000,1
00:10:20.20700,1912.250,1
00:10:22.46800,1912.000,1
00:10:22.58200,1912.250,5
00:10:30.47200,1912.250,6
00:10:30.65200,1912.000,5
00:10:30.77300,1912.000,1
00:10:46.38600,1912.000,1
00:10:47.14000,1912.000,2
00:10:56.04600,1912.000,2
00:11:05.79600,1911.750,107
00:11:09.60500,1911.500,3
00:11:18.32400,1911.250,66
00:11:21.76500,1911.250,5
00:11:23.70300,1911.500,68
00:11:25.94500,1911.250,3
00:11:28.71000,1911.250,5
00:11:29.31200,1911.500,8
00:11:31.96000,1911.500,1
00:11:35.76100,1911.500,1
00:11:40.50000,1911.750,11
00:11:43.55400,1911.500,1
00:11:50.22600,1911.750,1
00:11:51.48800,1911.500,23
00:11:52.05800,1911.500,1
00:11:53.92100,1911.500,16
00:12:04.40200,1911.750,15
00:12:16.81200,1911.750,3
00:12:22.64000,1911.750,10
00:12:23.40200,1911.500,1
00:12:24.29200,1911.750,1
00:12:34.53500,1912.000,3
00:12:41.55800,1912.000,22
00:12:46.94100,1912.000,1
00:12:52.85100,1912.000,11
00:13:07.73800,1912.000,5
00:13:15.57400,1912.000,1
00:13:36.13200,1912.000,2
00:13:36.76100,1912.000,5
00:13:39.01500,1912.000,1
00:13:39.75700,1912.000,1
00:13:47.03500,1912.250,48
00:13:49.42500,1912.500,34
00:13:49.69900,1912.500,1
00:13:49.82000,1912.500,1
00:13:50.55400,1912.500,22
00:13:54.11700,1912.500,12
00:14:03.37100,1912.250,27
00:14:04.20700,1912.500,75
00:14:05.79200,1912.500,2
00:14:17.96400,1912.500,1
00:14:23.57400,1912.500,1
00:14:24.47200,1912.750,7
00:14:34.11700,1912.500,27
00:14:41.42100,1912.500,1
00:14:43.33200,1912.500,1
00:14:46.02300,1912.750,2
00:14:49.44500,1912.750,8
00:14:53.72600,1912.750,1
00:14:54.49600,1912.750,3
00:14:54.94500,1913.000,32
00:14:55.03100,1913.000,2
00:14:55.74600,1913.000,1
00:14:58.05000,1912.750,1
00:14:59.25300,1913.000,1
00:14:59.45700,1912.750,1
00:15:00.66700,1913.000,7
00:15:03.61700,1913.000,1
00:15:07.61300,1913.000,1
00:15:12.62500,1913.000,1
00:15:12.95300,1913.000,1
00:15:22.00000,1913.000,1
00:15:22.51900,1912.750,2
00:15:25.01900,1912.750,3
00:15:26.13600,1912.750,9
00:15:29.46800,1912.750,3
00:15:31.50700,1912.750,1
00:15:33.29200,1912.750,1
00:15:33.75300,1913.000,3
00:15:34.39800,1912.500,6
00:15:37.63600,1912.500,2
00:15:37.80000,1912.500,1
00:15:38.53100,1912.750,1
00:15:43.70700,1912.500,3
00:15:45.75000,1912.500,1
00:15:52.20700,1912.750,1
00:16:12.30400,1912.500,31
00:16:12.67900,1912.500,3
00:16:20.00000,1912.250,1
00:16:27.32400,1912.250,5
00:16:32.62500,1912.250,1
00:16:32.75700,1912.250,1
00:16:34.30800,1912.250,3
00:16:47.27700,1912.250,4
00:16:53.78100,1912.250,24
00:17:05.73400,1912.500,4
00:17:07.43700,1912.250,1
00:17:13.53900,1912.250,28
00:17:14.82800,1912.000,1
00:17:20.88200,1912.250,1
00:17:24.33200,1912.250,16
00:17:26.29200,1912.500,1
00:17:28.00300,1912.250,1
00:17:35.64400,1912.250,1
00:17:37.92100,1912.250,2
00:17:41.78100,1912.500,7
00:17:44.00000,1912.500,6
00:17:44.46800,1912.500,6
00:17:46.38600,1912.500,3
00:17:53.35500,1912.750,1
00:17:55.48400,1912.500,1
00:17:58.03100,1912.500,9
00:18:04.78900,1912.250,18
00:18:10.02700,1912.250,2
00:18:16.64400,1912.250,1
00:18:20.24600,1912.250,5
00:18:25.87500,1912.000,20
00:18:30.59700,1912.250,9
00:18:32.50700,1912.000,1
00:18:43.01900,1912.250,2
00:18:48.67900,1912.250,1
00:19:07.96400,1912.250,6
00:19:10.00000,1912.250,2
00:19:10.79600,1912.250,2
00:19:13.79200,1912.250,4
00:19:18.44900,1912.250,1
00:19:22.41700,1912.250,6
00:19:23.93700,1912.250,3
00:19:36.64400,1912.250,1
00:19:45.43300,1912.250,1
00:19:58.56600,1912.250,4
00:20:03.30000,1912.250,3
00:20:07.59700,1912.250,8
00:20:16.71000,1912.250,1
00:20:17.50000,1912.000,7
00:20:21.35900,1912.000,9
00:20:37.64000,1911.750,11
00:20:38.09300,1911.750,1
00:20:38.80400,1911.750,1
00:20:40.03900,1911.750,1
00:20:41.62800,1911.750,1
00:20:46.39800,1912.000,2
00:21:07.33200,1911.500,75
00:21:07.89800,1911.500,5
00:21:08.34300,1911.500,2
00:21:10.66400,1911.750,1
00:21:11.91400,1911.500,36
00:21:12.92900,1911.500,145
00:21:13.57000,1911.500,1
00:21:16.91000,1911.250,4
00:21:25.66400,1911.500,8
00:21:25.89800,1911.500,1
00:21:29.87100,1911.500,20
00:21:30.30800,1911.250,1
00:21:32.63600,1911.500,5
00:21:32.95300,1911.500,3
00:21:33.26100,1911.250,5
00:21:35.52700,1911.500,2
00:21:36.29600,1911.500,2
00:21:37.54600,1911.250,2
00:21:38.88200,1911.250,2
00:21:42.11700,1911.250,1
00:21:43.86700,1911.500,7
00:21:51.16400,1911.250,6
00:21:51.28500,1911.250,22
00:21:58.35500,1911.500,8
00:22:03.01900,1911.500,3
00:22:14.83900,1911.500,16
00:22:18.58500,1911.500,4
00:22:26.24600,1911.500,1
00:22:26.54600,1911.750,3
00:22:33.91000,1911.750,3
00:22:40.36300,1911.750,2
00:22:49.78500,1912.000,21
00:22:51.57000,1912.000,3
00:22:57.60900,1911.750,15
00:22:57.74200,1911.750,5
00:22:59.55000,1911.750,4
00:23:00.72600,1912.000,2
00:23:09.51500,1911.500,2
00:23:12.22200,1912.000,1
00:23:33.35900,1912.000,1
00:23:34.21000,1911.750,6
00:23:40.25000,1912.000,79
00:23:40.51500,1912.000,1
00:23:42.41700,1912.250,35
00:23:42.48800,1912.250,5
00:23:44.79200,1912.250,1
00:23:46.77700,1912.000,1
00:23:47.13200,1912.000,4
00:23:51.44100,1912.000,1
00:24:06.75700,1912.250,4
00:24:12.64400,1912.250,22
00:24:23.73000,1912.250,1
00:24:41.63600,1912.000,17
00:24:41.87500,1912.000,1
00:24:44.00000,1912.000,2
00:24:45.33200,1912.000,1
00:24:46.01500,1912.000,1
00:24:57.70300,1912.250,1
00:25:08.20700,1912.250,3
00:25:13.55800,1912.250,2
00:25:21.13600,1912.250,6
00:25:22.28900,1912.250,1
00:25:26.11700,1912.250,2
00:25:26.51900,1912.250,14
00:25:35.83200,1912.000,1
00:25:36.53900,1912.250,1
00:25:36.66400,1912.250,4
00:25:39.90200,1912.500,20
00:25:42.53500,1912.500,1
00:25:42.62500,1912.500,1
00:25:43.01900,1912.500,24
00:25:44.50300,1912.500,1
00:25:53.53100,1912.500,17
00:25:54.94500,1912.500,1
00:26:02.33900,1912.500,12
00:26:02.79200,1912.750,7
00:26:02.92900,1912.500,1
00:26:03.67900,1912.750,1
00:26:03.86700,1912.500,2
00:26:18.83900,1912.750,31
00:26:18.96800,1912.750,3
00:26:28.67900,1912.750,13
00:26:29.14800,1912.750,10
00:26:29.65600,1912.750,2
00:26:33.09700,1912.750,2
00:26:39.79600,1913.000,6
00:26:42.85500,1912.750,6
00:26:56.85500,1912.750,1
00:26:57.47600,1912.750,48
00:26:57.60900,1913.000,14
00:27:00.60100,1913.000,22
00:27:01.08500,1913.000,8
00:27:05.46000,1913.000,1
00:27:05.64400,1913.250,76
00:27:07.89800,1913.250,11
00:27:08.41000,1913.250,2
00:27:08.83900,1913.250,4
00:27:09.26100,1913.250,1
00:27:09.46400,1913.250,1
00:27:11.46400,1913.250,19
00:27:12.42100,1913.250,2
00:27:12.72600,1913.000,1
00:27:14.57400,1913.000,2
00:27:15.17100,1913.250,68
00:27:19.76100,1913.250,18
00:27:20.64000,1913.250,4
00:27:23.52700,1913.250,2
00:27:26.30000,1913.250,2
00:27:28.42500,1913.000,2
00:27:31.03100,1913.250,3
00:27:31.35100,1913.250,3
00:27:34.19100,1913.250,1
00:27:35.17100,1913.250,2
00:27:39.66400,1913.250,1
00:27:40.47200,1913.250,1
00:27:40.90200,1913.250,1
00:27:42.17100,1913.250,1
00:27:45.88600,1913.250,1
00:27:46.51100,1913.250,17
00:27:47.11300,1913.250,2
00:28:05.46400,1913.000,56
00:28:05.67100,1913.000,4
00:28:08.69900,1913.000,1
00:28:10.44500,1913.000,20
00:28:13.71400,1912.750,1
00:28:28.29200,1912.750,1
00:28:28.78900,1913.000,1
00:28:29.87800,1912.750,11
00:28:31.13200,1912.750,1
00:28:38.44100,1912.250,70
00:28:39.23000,1912.500,1
00:28:40.22200,1912.500,49
00:28:43.34700,1912.750,1
00:28:45.56200,1912.500,1
00:28:45.94500,1912.750,2
00:28:46.46800,1912.750,2
00:28:47.26900,1912.500,2
00:28:48.50300,1912.500,1
00:28:56.08900,1912.500,1
00:28:57.66000,1912.500,1
00:29:01.25700,1912.500,7
00:29:09.41400,1912.500,1
00:29:15.08900,1912.750,35
00:29:20.01900,1912.750,3
00:29:24.91400,1913.000,1
00:29:35.03900,1912.750,1
00:29:49.85100,1912.750,2
00:29:53.14400,1912.750,14
00:29:59.09700,1912.500,11
00:29:59.88600,1912.500,6
00:30:00.50300,1912.500,28
00:30:00.75700,1912.500,1
00:30:03.73400,1912.250,19
00:30:06.50300,1912.000,35
00:30:11.17500,1912.250,6
00:30:12.25300,1912.000,20
00:30:15.60100,1912.000,1
00:30:16.45700,1912.000,6
00:30:16.71000,1912.250,1
00:30:20.04600,1911.750,17
00:30:20.30400,1911.750,1
00:30:22.21800,1911.750,6
00:30:24.52700,1912.000,1
00:30:29.74200,1911.750,26
00:30:30.16400,1911.750,1
00:30:31.41400,1911.750,1
00:30:35.53900,1912.000,16
00:30:36.46800,1912.000,2
00:30:38.69500,1912.250,1
00:30:46.94100,1911.750,4
00:30:49.91700,1911.750,1
00:30:51.02300,1911.500,2
00:30:53.10100,1911.750,29
00:30:53.96800,1911.750,24
00:30:55.76900,1911.750,1
00:31:06.00000,1912.000,27
00:31:06.45300,1912.000,1
00:31:11.61700,1911.750,1
00:31:21.48400,1912.000,1
00:31:23.13600,1912.000,1
00:31:24.10500,1912.250,2
00:31:25.24600,1912.250,12
00:31:29.88600,1912.000,2
00:31:41.30000,1912.000,1
00:31:58.77700,1912.000,14
00:32:11.12100,1911.750,36
00:32:12.87500,1911.750,1
00:32:20.30000,1911.750,3
00:32:20.69900,1912.000,1
00:32:35.23400,1912.000,16
00:32:39.00000,1912.000,3
00:32:40.69100,1912.000,2
00:32:42.67500,1912.000,3
00:32:50.72200,1912.000,2
00:33:14.89000,1912.250,42
00:33:25.54600,1912.250,1
00:33:37.09300,1912.500,90
00:33:48.65200,1912.750,25
00:33:51.68300,1912.750,3
00:33:55.37500,1912.750,43
00:33:59.94500,1913.000,1
00:34:03.03900,1913.000,2
00:34:03.76500,1913.000,1
00:34:05.58500,1912.750,3
00:34:08.71400,1913.000,1
00:34:17.67900,1912.750,1
00:34:20.54200,1913.000,1
00:34:26.31600,1913.000,72
00:34:27.30000,1913.000,1
00:34:28.49200,1913.000,2
00:34:30.55800,1913.000,1
00:34:30.77300,1913.250,4
00:34:31.78100,1913.250,2
00:34:40.21400,1913.250,4
00:34:44.67100,1913.000,4
00:34:46.19500,1913.000,1
00:34:56.60900,1913.000,52
00:34:59.01100,1913.000,1
00:35:03.26100,1913.000,4
00:35:05.44900,1912.750,1
00:35:10.60900,1913.000,1
00:35:12.46400,1912.750,12
00:35:12.60900,1912.750,19
00:35:12.83900,1912.500,9
00:35:13.00300,1912.500,5
00:35:13.46400,1912.500,2
00:35:14.62500,1912.500,1
00:35:16.48800,1912.750,1
00:35:21.70300,1912.500,3
00:35:26.48800,1912.500,1
00:35:34.22200,1912.500,4
00:35:34.28500,1912.500,2
00:35:35.34300,1912.500,1
00:35:53.39400,1912.750,34
00:35:57.04600,1912.750,1
00:36:31.58200,1912.750,9
00:36:31.77300,1912.750,1
00:36:46.96800,1912.750,25
00:36:48.04600,1912.750,6
00:36:48.76100,1912.750,1
00:36:51.15600,1912.500,13
00:36:53.79200,1912.500,10
00:36:58.59300,1912.500,1
00:37:02.87800,1912.500,2
00:37:06.50700,1912.500,6
00:37:12.60900,1912.750,1
00:37:19.65600,1912.750,1
00:37:21.62100,1912.750,33
00:37:21.79600,1912.750,7
00:37:23.64800,1912.750,13
00:37:41.60500,1912.500,1
00:37:48.08200,1912.750,13
00:37:54.33200,1912.750,1
00:38:12.27700,1913.000,2
00:38:13.18700,1912.750,6
00:38:19.83900,1912.750,14
00:38:30.62500,1912.750,1
00:38:36.81600,1912.500,1
00:38:41.85100,1912.500,1
00:38:45.85900,1912.750,3
00:38:50.86300,1912.750,1
00:38:56.10500,1912.750,2
00:39:19.07400,1913.000,33
00:39:31.18700,1913.250,5
00:39:38.16000,1913.000,2
00:39:43.65200,1913.000,35
00:39:45.93300,1913.250,1
00:39:46.13600,1913.250,3
00:39:46.51900,1913.250,2
00:39:51.43300,1913.250,64
00:39:54.67100,1913.250,1
00:40:03.10500,1913.500,19
00:40:18.64000,1913.250,13
00:40:26.48400,1913.250,1
00:40:40.76900,1913.250,33
00:40:46.77300,1913.250,2
00:40:57.54600,1913.250,1
00:41:02.42900,1913.500,2
00:41:08.06600,1913.500,1
00:41:09.17500,1913.500,5
00:41:10.87800,1913.250,10
00:41:48.51100,1913.500,46
00:41:48.64000,1913.750,8
00:41:50.28500,1913.500,4
00:41:50.50300,1913.500,9
00:41:51.14400,1913.750,1
00:41:56.73800,1913.500,4
00:41:57.46400,1913.250,1
00:42:07.40600,1913.500,19
00:42:08.41700,1913.500,1
00:42:09.12800,1913.750,1
00:42:12.17500,1913.500,5
00:42:14.10900,1913.500,2
00:42:15.93300,1913.500,1
00:42:17.05800,1913.500,2
00:42:17.89800,1913.500,2
00:42:23.73400,1913.750,2
00:42:29.09300,1913.500,1
00:42:33.13600,1913.750,1
00:42:37.57400,1913.500,3
00:42:46.08200,1913.250,8
00:42:57.66400,1913.250,6
00:42:59.74600,1913.250,1
00:43:09.08200,1913.500,70
00:43:09.87800,1913.500,20
00:43:13.51500,1913.250,1
00:43:21.15200,1913.500,2
00:43:23.41700,1913.500,3
00:43:24.48400,1913.500,1
00:43:25.62500,1913.500,4
00:43:28.15200,1913.500,7
00:43:34.29200,1913.500,1
00:43:38.45300,1913.500,1
00:43:43.00000,1913.750,1
00:43:44.69900,1913.750,1
00:43:47.65600,1913.500,1
00:43:50.35500,1913.500,1
00:43:56.50700,1913.750,2
00:43:59.58900,1914.250,296
00:43:59.63200,1914.250,2
00:43:59.70700,1914.000,1
00:44:00.80000,1914.250,3
00:44:01.19900,1914.000,1
00:44:02.08900,1914.000,1
00:44:02.43300,1914.000,5
00:44:02.62800,1914.000,5
00:44:03.41400,1914.000,1
00:44:03.82800,1914.250,2
00:44:10.20300,1914.250,10
00:44:10.65200,1914.250,1
00:44:10.75300,1914.000,1
00:44:11.70300,1914.250,1
00:44:17.85100,1914.250,2
00:44:22.57400,1914.000,3
00:44:25.17900,1914.250,6
00:44:30.08500,1914.000,2
00:44:33.10900,1914.000,1
00:44:38.80400,1914.000,1
00:44:38.89400,1914.000,3
00:44:47.70300,1914.250,3
00:44:50.80400,1914.250,1
00:44:53.19500,1914.000,1
00:44:56.28900,1914.000,5
00:44:56.69100,1914.000,5
00:44:57.10900,1914.250,1
00:45:00.25000,1914.000,2
00:45:05.19500,1914.000,1
00:45:06.63600,1914.000,6
00:45:08.48400,1914.000,97
00:45:09.46800,1914.000,1
00:45:10.22600,1914.000,13
00:45:10.32800,1914.000,15
00:45:11.09700,1914.000,3
00:45:11.38600,1914.000,3
00:45:13.04200,1913.750,8
00:45:26.42500,1913.750,2
00:45:29.50300,1913.750,14
00:45:32.90200,1913.500,11
00:45:48.85900,1913.500,1
00:45:49.41400,1913.500,1
00:45:53.76900,1913.500,2
00:45:54.75700,1913.750,20
00:46:08.55800,1913.500,4
00:46:11.69900,1913.500,1
00:46:13.37800,1913.500,1
00:46:33.08900,1913.500,3
00:46:52.35900,1913.500,62
00:46:53.49200,1913.250,6
00:46:54.51100,1913.250,3
00:46:59.18300,1913.250,1
00:46:59.66000,1913.500,2
00:47:16.93300,1913.500,2
00:47:19.11700,1913.250,1
00:47:20.79600,1913.250,3
00:47:27.12500,1913.250,9
00:47:31.43300,1913.250,130
00:47:32.03900,1913.250,4
00:47:36.47600,1913.250,115
00:47:37.84700,1913.000,5
00:47:40.94500,1913.000,8
00:47:41.41700,1913.250,20
00:47:44.75300,1913.000,1
00:47:58.20300,1913.000,27
00:48:08.49200,1913.250,2
00:48:09.16700,1913.250,1
00:48:10.07000,1913.250,1
00:48:10.30000,1913.250,1
00:48:11.00000,1913.500,1
00:48:18.46400,1913.250,1
00:48:18.79600,1913.250,11
00:48:20.26900,1913.250,1
00:48:21.45300,1913.250,2
00:48:24.62800,1913.250,1
00:48:26.41700,1913.250,6
00:48:28.10900,1913.250,1
00:48:28.38200,1913.000,8
00:48:34.63200,1913.250,21
00:48:37.09700,1913.250,2
00:48:44.43700,1913.250,1
00:48:47.46400,1913.000,65
00:48:52.08900,1913.000,2
00:48:52.37800,1913.000,14
00:49:55.40200,1913.250,23
00:49:58.03900,1913.250,11
00:49:59.55400,1913.000,2
00:50:07.11300,1913.000,26
00:50:08.14400,1913.000,2
00:50:11.01100,1913.000,2
00:50:11.77300,1913.000,1
00:50:12.32000,1913.000,7
00:50:19.17500,1912.750,20
00:50:20.58900,1912.750,2
00:50:22.60500,1912.750,2
00:50:28.56200,1912.750,4
00:50:29.08500,1912.500,3
00:50:32.70300,1912.250,41
00:50:33.10100,1912.500,1
00:50:34.80400,1912.500,3
00:50:35.40200,1912.500,1
00:50:35.96000,1912.250,1
00:50:37.28900,1912.250,10
00:50:38.65200,1912.250,1
00:50:39.05400,1912.250,1
00:50:39.37500,1912.250,1
00:50:39.54600,1912.250,1
00:50:41.21400,1912.250,58
00:50:42.85900,1912.250,13
00:50:44.52300,1912.250,1
00:50:49.10100,1912.250,1
00:50:49.94500,1912.250,1
00:50:50.30400,1912.250,10
00:50:52.37800,1912.250,1
00:50:52.95700,1912.250,1
00:50:53.06600,1912.250,1
00:50:57.90600,1912.250,1
00:51:07.20300,1912.250,13
00:51:12.37100,1912.500,7
00:51:17.55000,1912.250,2
00:51:24.37100,1912.500,1
00:51:28.13600,1912.750,15
00:51:30.81600,1912.750,3
00:51:32.52700,1912.500,1
00:51:37.42100,1912.500,30
00:51:42.08500,1912.750,1
00:51:45.19100,1912.500,5
00:51:50.64400,1912.500,1
00:51:54.34300,1912.500,1
00:51:58.01900,1912.500,4
00:52:06.78900,1912.250,2
00:52:09.21400,1912.250,5
00:52:11.78900,1912.500,1
00:52:15.54200,1912.500,14
00:52:16.81200,1912.500,1
00:52:34.46400,1912.500,1
00:52:36.36700,1912.500,1
00:52:41.34300,1912.750,1
00:52:43.65200,1912.500,3
00:52:51.19100,1913.000,9
00:52:52.40600,1912.500,1
00:53:05.87100,1912.750,6
00:53:09.19500,1912.750,1
00:53:14.82000,1912.750,1
00:53:21.61300,1912.750,6
00:53:28.68300,1912.750,1
00:53:32.92900,1912.750,1
00:53:55.42500,1912.500,2
00:54:06.21400,1912.750,12
00:54:08.23400,1912.750,2
00:54:26.29200,1912.750,3
00:54:31.88600,1912.750,1
00:54:35.45300,1912.750,1
00:54:43.09300,1912.750,1
00:54:45.92900,1912.750,4
00:54:52.27300,1912.750,12
00:54:54.54200,1913.000,1
00:54:55.00000,1912.500,2
00:55:25.83900,1912.750,3
00:55:32.02300,1912.750,1
00:55:33.80000,1912.750,1
00:55:43.09300,1913.000,3
00:55:46.95300,1913.000,1
00:56:06.89400,1913.000,26
00:56:07.81600,1913.000,2
00:56:26.01500,1913.000,7
00:56:32.23800,1913.000,1
00:56:35.56200,1912.750,2
00:56:36.05400,1913.000,2
00:56:58.70300,1913.000,1
00:57:05.76100,1913.000,3
00:57:21.18300,1913.250,36
00:57:22.51100,1913.500,2
00:57:22.62500,1913.500,1
00:57:32.37100,1913.500,2
00:57:58.23400,1913.500,10
00:58:14.17500,1913.250,5
00:58:14.29600,1913.250,12
00:58:24.80000,1913.000,4
00:58:25.11700,1913.000,10
00:58:41.81200,1913.250,7
00:58:42.73800,1913.250,1
00:58:51.12100,1913.000,11
00:58:51.15200,1913.000,2
00:58:56.14400,1913.000,8
00:59:09.91000,1913.250,6
00:59:23.39000,1913.250,15
00:59:30.17900,1913.000,4
00:59:31.79200,1913.250,9
00:59:53.22200,1913.250,5
00:59:57.87500,1913.500,18
00:59:58.55000,1913.500,34
00:59:59.70700,1913.500,1
01:00:02.19500,1913.750,0
01:00:02.43300,1913.750,15
01:00:03.44500,1913.750,2
01:00:04.44100,1913.750,2
01:00:05.19100,1913.750,10
01:00:05.29200,1913.750,2
01:00:05.37500,1913.750,1
01:00:08.85100,1913.750,1
01:00:15.46000,1913.500,7
01:00:16.53500,1913.500,1
01:00:17.63600,1913.500,15
01:00:20.11700,1913.500,2
01:00:27.48000,1913.500,7
01:00:32.83200,1913.500,1
01:00:34.63600,1913.500,1
01:00:45.80400,1913.500,3
01:00:55.73800,1913.500,8
01:01:19.50000,1913.500,12
01:01:23.03100,1913.750,12
01:01:23.31200,1913.750,6
01:01:31.32000,1913.750,1
01:01:38.52700,1913.750,1
01:01:45.15600,1913.750,3
01:01:48.15200,1913.750,1
01:02:03.39800,1913.500,29
01:02:08.25000,1913.250,11
01:02:10.20300,1913.250,1
01:02:13.36700,1913.250,2
01:02:13.53100,1913.250,1
01:02:13.78500,1913.250,2
01:02:50.49600,1913.250,5
01:03:11.60900,1913.250,15
01:03:32.39000,1913.000,45
01:03:36.89800,1913.000,1
01:03:38.24200,1913.000,1
01:03:44.86300,1913.000,1
01:03:53.10100,1913.000,1
01:03:55.71000,1913.000,71
01:03:55.71000,1913.000,1
01:03:58.27300,1913.250,7
01:04:08.44900,1913.250,14
01:04:18.87800,1913.250,26
01:04:34.31600,1913.500,1
01:04:40.64800,1913.500,13
01:04:42.25700,1913.500,1
01:04:43.76500,1913.500,6
01:04:51.45300,1913.500,2
01:04:54.33900,1913.500,1
01:04:56.14800,1913.500,5
01:05:08.32000,1913.500,15
01:05:09.58900,1913.500,1
01:05:19.58200,1913.500,3
01:05:28.12800,1913.750,14
01:05:51.41000,1914.000,32
01:05:53.44100,1913.750,12
01:05:54.71400,1913.750,1
01:05:55.23800,1914.000,1
01:05:58.21800,1914.000,1
01:06:09.49600,1914.000,11
01:06:24.77700,1914.000,1
01:06:26.16000,1913.750,17
01:06:38.43700,1913.500,9
01:06:41.86700,1913.500,5
01:06:44.29200,1913.500,2
01:06:51.89000,1913.500,1
01:07:17.74600,1913.500,4
01:07:30.10500,1913.500,1
01:07:44.00000,1913.500,48
01:07:44.48400,1913.500,5
01:08:31.57400,1913.500,2
01:08:35.92900,1913.250,13
01:08:44.85100,1913.250,2
01:08:53.28900,1913.250,1
01:09:20.00000,1913.500,11
01:09:31.83200,1913.250,1
01:09:32.40200,1913.250,1
01:09:32.49600,1913.250,1
01:09:35.44500,1913.250,56
01:09:47.71000,1913.250,7
01:09:57.55400,1913.000,10
01:09:58.33200,1913.000,1
01:10:06.44100,1913.000,3
01:10:10.89400,1913.250,5
01:10:11.50300,1913.250,1
01:10:14.16000,1913.250,1
01:10:22.51500,1913.250,15
01:10:25.87100,1913.250,1
01:10:29.26500,1913.250,26
01:10:31.58200,1913.250,1
01:10:34.07000,1913.250,27
01:10:48.83500,1913.250,3
01:10:58.58200,1913.500,4
01:11:01.21800,1913.250,3
01:11:07.91400,1913.250,1
01:11:08.19100,1913.250,4
01:11:10.44500,1913.000,1
01:11:15.46800,1913.000,1
01:11:24.18700,1913.000,8
01:11:26.67100,1913.250,20
01:11:33.81200,1912.750,3
01:11:34.51900,1913.000,60
01:11:38.21400,1913.250,1
01:11:44.05000,1913.000,1
01:11:47.16000,1913.000,1
01:11:49.83900,1913.000,1
01:12:20.89000,1912.750,22
01:12:34.83900,1912.750,12
01:12:37.22600,1912.750,2
01:12:41.59700,1912.750,1
01:12:44.01100,1912.750,1
01:12:45.90200,1912.750,1
01:13:14.56200,1913.000,9
01:13:19.03900,1912.750,1
01:13:21.65600,1912.750,1
01:13:28.95700,1912.750,2
01:13:47.45700,1913.000,1
01:13:57.75300,1912.750,1
01:14:19.73400,1912.750,32
01:14:27.52300,1912.750,5
01:14:28.08500,1912.750,1
01:14:34.87100,1912.750,2
01:14:40.67900,1912.500,38
01:14:42.93700,1912.500,2
01:14:46.50700,1912.750,32
01:14:48.43700,1912.500,1
01:14:51.78500,1912.500,18
01:15:04.32800,1912.500,2
01:15:11.23400,1912.500,1
01:15:17.85500,1912.500,2
01:15:18.21000,1912.500,1
01:15:20.19900,1912.500,3
01:15:22.35500,1912.500,7
01:15:25.11300,1912.500,1
01:15:49.14000,1912.500,1
01:15:52.54600,1912.750,51
01:15:53.19500,1912.500,1
01:15:56.11700,1913.000,2
01:16:09.96800,1913.000,20
01:16:11.13600,1913.000,4
01:16:17.44500,1913.000,1
01:16:35.14800,1913.000,2
01:16:36.63600,1913.000,16
01:16:45.59700,1913.250,1
01:16:47.37800,1913.250,1
01:16:48.14800,1913.250,12
01:17:11.84300,1913.000,15
01:17:18.43700,1913.000,3
01:17:19.24600,1913.250,1
01:17:24.67500,1913.000,1
01:17:28.46000,1913.250,2
01:17:38.78900,1913.250,1
01:17:40.01100,1913.250,11
01:17:51.65600,1913.250,6
01:18:04.93300,1913.500,60
01:18:05.30800,1913.750,1
01:18:06.51500,1913.750,1
01:18:10.52300,1913.500,36
01:18:11.23000,1913.500,1
01:18:15.56200,1913.500,9
01:18:20.04200,1913.500,1
01:18:24.14000,1913.500,38
01:18:27.57400,1913.250,1
01:18:30.22200,1913.500,2
01:18:34.79600,1913.250,1
01:18:43.23000,1913.500,2
01:18:44.93300,1913.500,1
01:18:57.94900,1913.500,2
01:18:59.57800,1913.500,30
01:19:18.00000,1913.750,3
01:19:21.96000,1913.750,1
01:19:24.07800,1913.750,12
01:19:24.62500,1913.750,10
01:19:24.87500,1913.750,1
01:19:25.02700,1913.750,1
01:19:28.05800,1913.750,3
01:19:29.67100,1913.750,1
01:19:35.60500,1913.750,1
01:19:39.37800,1914.000,77
01:19:52.28500,1914.000,6
01:19:58.35500,1914.000,1
01:20:12.63600,1914.000,2
01:20:21.87800,1914.000,19
01:20:34.58200,1914.000,1
01:20:35.82800,1914.250,3
01:20:40.89800,1914.250,1
01:20:44.72600,1914.250,1
01:20:51.57000,1914.000,1
01:20:57.97200,1914.250,1
01:21:01.84300,1914.250,3
01:21:03.91400,1914.250,1
01:21:07.79200,1914.000,1
01:21:17.89000,1914.250,134
01:21:19.57400,1914.250,6
01:21:20.15200,1914.250,1
01:21:22.29600,1914.250,4
01:21:23.56200,1914.000,3
01:21:26.96000,1914.250,4
01:21:28.01100,1914.250,3
01:21:35.21800,1914.000,1
01:21:38.30800,1914.250,3
01:21:41.83500,1914.000,14
01:21:51.57800,1914.250,1
01:21:59.89400,1914.250,6
01:22:00.41700,1914.250,2
01:22:00.88600,1914.250,1
01:22:01.16000,1914.250,13
01:22:04.73800,1914.250,1
01:22:05.20700,1914.500,17
01:22:06.15600,1914.500,1
01:22:07.19500,1914.500,1
01:22:09.01900,1914.500,1
01:22:12.87800,1914.500,1
01:22:23.28900,1914.250,9
01:22:29.37100,1914.250,5
01:22:36.60100,1914.250,1
01:22:40.43700,1914.250,1
01:22:44.96800,1914.250,8
01:22:45.24200,1914.500,5
01:22:45.50700,1914.500,1
01:22:48.11300,1914.250,21
01:22:49.05800,1914.500,1
01:22:53.42100,1914.250,3
01:22:54.09700,1914.500,1
01:22:57.15200,1914.250,1
01:22:58.68300,1914.250,1
01:23:00.96000,1914.250,8
01:23:04.01900,1914.250,1
01:23:06.01500,1914.250,8
01:23:24.69900,1914.000,8
01:23:32.11300,1914.000,1
01:23:41.12100,1914.000,2
01:23:48.96000,1914.000,2
01:24:17.01100,1914.250,42
01:24:17.52700,1914.250,3
01:24:17.75300,1914.250,2
01:24:18.24200,1914.250,1
01:24:21.55000,1914.250,2
01:24:31.56600,1914.250,1
01:24:45.63600,1914.250,1
01:24:47.78100,1914.500,20
01:24:50.35900,1914.500,3
01:24:51.45700,1914.500,5
01:24:52.60500,1914.500,45
01:24:57.62100,1914.500,3
01:24:58.12100,1914.250,2
01:25:02.03900,1914.500,10
01:25:04.86300,1914.750,122
01:25:04.93700,1915.000,3
01:25:05.04200,1915.000,1
01:25:05.24600,1915.000,5
01:25:08.41700,1914.500,20
01:25:08.67100,1914.750,2
01:25:09.85500,1914.500,7
01:25:11.13600,1914.750,1
01:25:13.32000,1914.750,21
01:25:17.14400,1914.750,1
01:25:17.80800,1914.750,5
01:25:20.22200,1914.750,1
01:25:21.62800,1915.000,5
01:25:25.77300,1914.750,6
01:25:27.63200,1914.750,6
01:25:34.69500,1914.750,1
01:25:34.85900,1915.000,1
01:25:41.89800,1914.750,1
01:25:49.07000,1914.750,35
01:25:49.89400,1914.750,2
01:25:50.09700,1914.750,12
01:25:51.10100,1914.750,5
01:25:52.12500,1914.750,5
01:25:53.14000,1914.750,5
01:25:54.18300,1914.750,4
01:25:55.19100,1914.750,4
01:25:56.24600,1914.750,10
01:25:57.58900,1914.750,6
01:26:02.85100,1914.750,32
01:26:04.12500,1914.750,1
01:26:05.06200,1914.750,6
01:26:08.63200,1915.000,149
01:26:10.53100,1915.000,25
01:26:11.60100,1915.000,2
01:26:13.06200,1915.000,26
01:26:13.79200,1915.250,37
01:26:16.30800,1915.000,2
01:26:18.22600,1915.000,4
01:26:22.68700,1915.000,6
01:26:26.87800,1915.000,7
01:26:29.05800,1915.000,62
01:26:29.50300,1915.000,3
01:26:32.21400,1915.000,11
01:26:32.75300,1915.250,1
01:26:32.93700,1915.000,3
01:26:33.26900,1915.000,11
01:26:33.70700,1915.250,2
01:26:36.80800,1915.000,10
01:26:41.17500,1915.000,2
01:26:41.54200,1915.000,5
01:26:44.18700,1915.250,1
01:26:55.47600,1915.000,1
01:27:02.60500,1915.000,2
01:27:03.85500,1915.000,1
01:27:05.23800,1915.000,9
01:27:08.76500,1915.000,1
01:27:09.22600,1915.250,2
01:27:12.12100,1915.250,2
01:27:16.14800,1915.250,1
01:27:17.01100,1915.250,3
01:27:20.39000,1915.000,11
01:27:23.55800,1915.000,2
01:27:31.00000,1915.250,1
01:27:36.84300,1915.250,1
01:27:38.62500,1915.000,1
01:27:40.03100,1915.000,1
01:27:42.46400,1915.000,1
01:27:47.13600,1915.000,2
01:27:47.46000,1915.000,1
01:27:47.84700,1915.000,6
01:27:47.96000,1915.000,2
01:27:49.00300,1915.000,7
01:27:50.04200,1915.000,3
01:27:52.73000,1915.000,3
01:27:59.22600,1915.000,10
01:27:59.66400,1915.000,1
01:28:00.57400,1915.250,2
01:28:06.11300,1915.000,6
01:28:07.07800,1915.000,6
01:28:14.56200,1915.250,1
01:28:20.94100,1915.250,23
01:28:43.92500,1915.500,15
01:28:44.54200,1915.500,2
01:28:49.74600,1915.500,1
01:28:53.55400,1915.500,1
01:28:58.17500,1915.500,61
01:28:59.83200,1915.500,3
01:29:00.71400,1915.500,21
01:29:02.23400,1915.250,3
01:29:04.36700,1915.500,8
01:29:07.58900,1915.500,1
01:29:07.93700,1915.500,5
01:29:10.35500,1915.750,7
01:29:14.94900,1915.500,7
01:29:15.71000,1915.750,2
01:29:15.89800,1915.750,1
01:29:17.76500,1915.500,127
01:29:18.24600,1915.750,1
01:29:20.39800,1915.500,14
01:29:22.27700,1915.750,8
01:29:22.37100,1915.750,28
01:29:22.85900,1915.750,1
01:29:24.44500,1916.000,157
01:29:24.84700,1916.000,1
01:29:25.71000,1915.750,2
01:29:26.83900,1915.750,4
01:29:28.22600,1916.000,1
01:29:29.82800,1916.000,1
01:29:45.73800,1915.750,33
01:29:45.95700,1915.750,2
01:29:47.39400,1915.750,1
01:29:51.93300,1915.750,3
01:29:53.39000,1915.750,1
01:29:56.74600,1915.750,1
01:30:00.77300,1916.000,31
01:30:03.32000,1915.750,1
01:30:04.57000,1916.000,2
01:30:04.83900,1916.000,1
01:30:06.75700,1915.750,1
01:30:08.49600,1915.750,1
01:30:09.76900,1916.000,51
01:30:12.23800,1916.000,21
01:30:13.79600,1916.000,1
01:30:15.54600,1916.000,2
01:30:16.65200,1916.000,83
01:30:16.72600,1916.000,4
01:30:16.89800,1916.000,2
01:30:17.03100,1916.000,17
01:30:17.85900,1916.000,2
01:30:18.31200,1916.000,7
01:30:38.50000,1916.000,1
01:30:39.28100,1916.250,1
01:30:43.64000,1916.250,2
01:30:46.88200,1916.250,1
01:30:48.26900,1916.250,2
01:30:56.35900,1916.250,1
01:30:56.80800,1916.250,1
01:31:11.07400,1916.000,3
01:31:13.35900,1916.000,1
01:31:14.06600,1916.000,1
01:31:15.50000,1916.000,1
01:31:20.50000,1916.000,12
01:31:35.47200,1916.000,12
01:31:42.28100,1916.000,1
01:31:43.87500,1916.000,2
01:31:47.01900,1915.750,1
01:31:48.13200,1916.000,1
01:32:23.93300,1916.000,64
01:32:26.58900,1915.750,1
01:32:29.85500,1915.750,1
01:32:30.71800,1915.750,2
01:32:31.26100,1915.750,7
01:32:34.92500,1915.750,1
01:32:36.74200,1915.500,6
01:32:41.00000,1915.500,10
01:32:46.49200,1915.500,2
01:32:48.84300,1915.750,42
01:32:52.28100,1916.000,7
01:32:56.72200,1916.000,2
01:33:00.53100,1916.000,57
01:33:02.69100,1916.250,4
01:33:05.47600,1916.250,5
01:33:08.73000,1916.250,1
01:33:09.02700,1916.250,5
01:33:09.32000,1916.250,1
01:33:11.66000,1916.250,1
01:33:11.72200,1916.250,1
01:33:19.52700,1916.250,1
01:33:23.25000,1916.250,1
01:33:24.76500,1916.250,17
01:33:29.48000,1916.250,1
01:33:33.84700,1916.250,1
01:33:37.77300,1916.250,1
01:33:38.35100,1916.000,2
01:33:41.77300,1916.000,5
01:33:42.01500,1916.000,2
01:33:43.73800,1916.000,1
01:33:51.31200,1916.250,1
01:33:52.14800,1916.250,1
01:34:04.44900,1916.250,19
01:34:21.31200,1916.250,4
01:34:21.85500,1916.250,1
01:34:24.69900,1916.250,1
01:34:40.53100,1916.250,1
01:34:41.59700,1916.250,1
01:34:41.89400,1916.250,1
01:34:42.42900,1916.250,6
01:34:45.64400,1916.250,1
01:34:45.82400,1916.250,3
01:35:08.91000,1916.000,2
01:35:20.40600,1916.000,1
01:35:35.08900,1916.000,8
01:35:36.10500,1916.000,1
01:35:39.12500,1916.000,1
01:35:40.75700,1916.000,1
01:35:46.09300,1916.000,5
01:35:49.25000,1916.000,24
01:35:49.49200,1916.000,3
01:35:51.10100,1916.000,1
01:36:12.58500,1916.000,7
01:36:16.32000,1916.000,1
01:36:16.56200,1916.000,1
01:36:19.46000,1916.000,1
01:36:23.07400,1915.750,1
01:36:33.43300,1915.750,1
01:36:34.31200,1915.750,1
01:36:34.61300,1915.750,1
01:36:36.64800,1915.750,42
01:36:47.91400,1915.750,1
01:36:49.94100,1915.500,3
01:36:53.49600,1915.750,105
01:36:53.90200,1915.750,1
01:36:56.15200,1915.750,1
01:36:57.21400,1916.000,17
01:36:58.16000,1916.000,2
01:37:01.51100,1916.000,8
01:37:10.03500,1916.000,1
01:37:13.73400,1916.000,1
01:37:18.76500,1915.750,2
01:37:27.23400,1915.750,1
01:37:33.38200,1915.750,1
01:37:44.01900,1915.750,1
01:37:44.81600,1915.750,1
01:38:17.05400,1915.750,6
01:38:19.80800,1915.750,1
01:38:25.73000,1915.750,11
01:38:26.76100,1915.750,2
01:38:30.76100,1916.000,21
01:38:31.12500,1916.250,1
01:38:36.26500,1916.250,4
01:38:44.54200,1916.250,1
01:38:59.28900,1916.250,1
01:39:02.69500,1916.750,65
01:39:05.50000,1916.750,1
01:39:07.44900,1916.500,7
01:39:13.38200,1916.500,1
01:39:13.75000,1916.750,73
01:39:15.85900,1917.000,5
01:39:16.16400,1916.750,1
01:39:16.39800,1917.000,1
01:39:16.76100,1916.500,28
01:39:18.36300,1916.500,2
01:39:18.58200,1916.750,9
01:39:20.54200,1916.750,8
01:39:21.07000,1917.000,4
01:39:21.46400,1916.750,2
01:39:24.10500,1916.750,2
01:39:25.69100,1916.750,12
01:39:28.14800,1916.750,1
01:39:34.50700,1916.750,4
01:39:42.87500,1917.000,4
01:39:43.70300,1917.000,1
01:39:47.28100,1917.000,2
01:39:47.73000,1917.000,1
01:39:52.47200,1917.000,1
01:39:53.85900,1916.750,2
01:40:03.54600,1917.250,218
01:40:03.85500,1917.250,1
01:40:04.30400,1917.250,1
01:40:04.46800,1917.500,13
01:40:04.59300,1917.500,1
01:40:04.67900,1917.500,2
01:40:04.80400,1917.250,1
01:40:04.86700,1917.500,1
01:40:05.08200,1917.500,9
01:40:05.38600,1917.500,4
01:40:06.39000,1917.500,1
01:40:07.48800,1917.500,3
01:40:09.10100,1917.500,18
01:40:10.11700,1917.250,4
01:40:12.97200,1917.250,1
01:40:17.26100,1917.500,1
01:40:20.45700,1917.250,9
01:40:22.94900,1917.500,2
01:40:26.58200,1917.500,1
01:40:26.74200,1917.500,11
01:40:28.00700,1917.500,1
01:40:28.18300,1917.250,10
01:40:31.31200,1917.500,1
01:40:34.09300,1917.500,1
01:40:37.73800,1917.250,10
01:40:38.29600,1917.750,63
01:40:38.77700,1917.500,1
01:40:41.83200,1917.750,2
01:40:42.18700,1917.750,4
01:40:43.41000,1917.750,1
01:40:43.64000,1917.500,1
01:40:45.28500,1917.750,1
01:40:46.82400,1917.250,67
01:40:48.03100,1917.250,26
01:40:48.73400,1917.250,1
01:40:50.52700,1917.250,1
01:40:51.23000,1917.000,10
01:40:59.58900,1917.250,5
01:41:00.52300,1917.250,2
01:41:01.71800,1917.250,2
01:41:07.89800,1917.000,1
01:41:15.41400,1917.000,1
01:41:15.59300,1917.000,5
01:41:15.88200,1917.000,5
01:41:17.19500,1917.000,1
01:41:17.35100,1917.000,7
01:41:20.49600,1917.000,3
01:41:29.64400,1917.000,1
01:41:36.86700,1917.000,7
01:41:49.37100,1917.250,2
01:41:50.12500,1917.000,4
01:41:51.70300,1917.250,26
01:41:58.05800,1917.000,2
01:42:13.96800,1917.250,28
01:42:18.02300,1917.000,1
01:42:19.08900,1917.250,1
01:42:20.36700,1917.000,2
01:42:28.69900,1917.250,21
01:42:29.57000,1917.250,10
01:42:36.54200,1917.250,56
01:42:37.51900,1917.250,1
01:42:39.49200,1917.500,1
01:42:48.71000,1917.000,15
01:42:50.19100,1917.500,10
01:42:50.39400,1917.250,2
01:42:57.70300,1917.000,1
01:43:10.73000,1916.750,45
01:43:14.14800,1916.750,1
01:43:17.61300,1916.750,4
01:43:17.61700,1916.750,13
01:43:18.07000,1916.750,4
01:43:19.19100,1917.000,1
01:43:20.45300,1916.750,1
01:43:25.47600,1916.750,10
01:43:27.20700,1916.750,2
01:43:32.94500,1916.750,1
01:43:33.47600,1916.750,1
01:43:33.96400,1916.750,1
01:43:35.56600,1916.750,1
01:43:43.32000,1916.750,7
01:43:46.24200,1917.000,15
01:43:46.95300,1917.250,1
01:43:52.77300,1916.750,4
01:43:56.17100,1916.750,1
01:44:07.81600,1917.000,3
01:44:08.87100,1916.750,1
01:44:09.20700,1917.000,1
01:44:11.83500,1916.750,7
01:44:13.69100,1916.750,1
01:44:16.82000,1916.750,1
01:44:27.05800,1917.000,5
01:44:31.12100,1917.000,1
01:44:36.09300,1916.750,85
01:44:47.96000,1916.500,2
01:44:48.44100,1916.500,2
01:44:54.42900,1916.500,4
01:45:08.19100,1916.750,16
01:45:09.79600,1916.750,2
01:45:16.11700,1916.750,1
01:45:26.37100,1916.750,5
01:45:35.27700,1917.000,1
01:45:37.00700,1916.500,3
01:45:53.42100,1916.750,1
01:45:54.96800,1916.500,2
01:45:57.62100,1916.500,1
01:46:02.85100,1916.500,3
01:46:03.16700,1916.500,1
01:46:23.15200,1916.500,1
01:46:24.60500,1916.500,2
01:46:25.16000,1916.500,36
01:46:26.40200,1916.500,7
01:46:33.87800,1916.750,1
01:46:38.09700,1916.250,6
01:46:45.82000,1916.500,2
01:46:47.56200,1916.500,5
01:46:48.21400,1916.500,1
01:46:53.43700,1916.500,1
01:46:54.86700,1916.500,1
01:47:13.14400,1916.750,7
01:47:39.48400,1916.500,1
01:47:40.14800,1916.500,1
01:47:43.28100,1916.500,1
01:47:45.73800,1916.750,14
01:47:59.47600,1916.500,4
01:48:07.18300,1916.500,2
01:48:21.14400,1916.500,28
01:48:22.02700,1916.250,3
01:48:22.65200,1916.250,10
01:48:28.25000,1916.250,3
01:48:37.27700,1916.250,1
01:48:43.37100,1916.500,2
01:48:43.50700,1916.500,2
01:48:45.35500,1916.500,1
01:48:52.73800,1916.500,1
01:48:59.81600,1916.500,20
01:49:12.71000,1916.500,3
01:49:14.86700,1916.500,1
01:49:37.04600,1916.500,9
01:49:37.50000,1916.500,2
01:49:41.69500,1916.250,1
01:49:43.74600,1916.250,1
01:49:56.33900,1916.250,10
01:49:59.33900,1916.250,1
01:50:14.53500,1916.250,3
01:50:15.22600,1916.500,1
01:50:26.03100,1916.500,1
01:50:32.39400,1916.500,3
01:50:49.50700,1916.250,5
01:51:16.59700,1916.500,4
01:51:23.80400,1916.250,30
01:51:32.72200,1916.250,2
01:51:38.54200,1916.250,1
01:51:42.46800,1916.250,1
01:51:50.94100,1916.250,1
01:51:56.63600,1916.250,10
01:51:59.25000,1916.250,1
01:52:04.31600,1916.250,5
01:52:08.59300,1916.250,10
01:52:13.66700,1916.500,3
01:52:14.39800,1916.500,1
01:52:20.30400,1916.500,1
01:52:27.46800,1916.250,1
01:52:35.73000,1916.500,1
01:52:36.35500,1916.500,1
01:52:41.78100,1916.500,1
01:53:56.35900,1916.500,4
01:54:13.10900,1916.250,11
01:54:16.10100,1916.250,33
01:54:19.84700,1916.000,9
01:54:20.70700,1916.250,1
01:54:22.48400,1916.250,1
01:54:30.68300,1916.000,5
01:54:40.86300,1916.000,3
01:54:45.29600,1916.000,1
01:54:55.95700,1916.000,5
01:55:04.77300,1916.000,30
01:55:05.13600,1916.000,1
01:55:05.37800,1916.000,1
01:55:06.62500,1915.750,16
01:55:07.24200,1916.000,3
01:55:12.93300,1916.000,1
01:55:19.52700,1915.750,1
01:55:23.62500,1915.750,1
01:55:28.90200,1916.000,3
01:55:32.21400,1916.000,1
01:55:35.72600,1916.000,2
01:55:35.94500,1916.000,1
01:55:52.33900,1915.750,2
01:55:53.00000,1915.750,6
01:56:05.10100,1915.500,7
01:56:07.37500,1915.750,10
01:56:08.74200,1915.500,1
01:56:20.66400,1915.750,18
01:56:22.86300,1915.750,1
01:56:24.10500,1915.750,1
01:56:33.67500,1915.750,23
01:56:40.15200,1915.750,1
01:56:40.39000,1915.500,58
01:56:42.01900,1915.500,1
01:56:46.64000,1916.000,1
01:56:59.25700,1915.750,1
01:57:09.72600,1915.750,6
01:57:16.64000,1915.750,4
01:57:17.45700,1915.500,10
01:57:18.42100,1915.500,35
01:57:19.25300,1915.500,1
01:57:21.64800,1915.500,9
01:57:26.58900,1915.750,63
01:57:28.50000,1915.750,1
01:57:35.71400,1915.750,5
01:57:55.38600,1915.500,1
01:57:55.92100,1915.750,1
01:58:22.58500,1915.750,2
01:58:52.39800,1915.750,1
01:59:05.82400,1915.500,3
01:59:08.57000,1915.500,1
01:59:16.41700,1915.500,5
01:59:16.54600,1915.500,45
01:59:16.65200,1915.500,8
01:59:17.03900,1915.500,1
01:59:17.52700,1915.500,1
01:59:21.31200,1915.250,9
01:59:21.68300,1915.250,3
01:59:25.32000,1915.250,1
01:59:26.62100,1915.250,10
01:59:29.04600,1915.500,8
01:59:32.61300,1915.500,8
01:59:44.40200,1915.500,1
01:59:46.58500,1915.750,1
01:59:51.38600,1915.500,3
01:59:53.84700,1915.750,19
01:59:57.00300,1915.750,11
01:59:59.16400,1915.500,5
02:00:00.51100,1915.750,0
02:00:00.55400,1915.750,2
02:00:01.92900,1915.500,1
02:00:03.45300,1915.750,2
02:00:05.80800,1915.500,2
02:00:06.64400,1915.500,2
02:00:10.84300,1915.750,20
02:00:11.50300,1915.750,1
02:00:12.00300,1916.000,24
02:00:13.58200,1916.250,27
02:00:16.07800,1916.750,21
02:00:17.22600,1916.500,3
02:00:18.26100,1916.750,55
02:00:18.44900,1916.750,1
02:00:23.13200,1917.000,3
02:00:24.01500,1917.000,44
02:00:25.28500,1917.000,1
02:00:25.51500,1917.000,12
02:00:26.89800,1916.750,1
02:00:27.05400,1917.000,14
02:00:27.14800,1917.000,5
02:00:28.13200,1917.000,6
02:00:28.82800,1916.750,1
02:00:30.46400,1917.000,2
02:00:31.77300,1917.000,1
02:00:34.48800,1917.000,1
02:00:35.48000,1916.750,13
02:00:35.81600,1916.500,1
02:00:36.43300,1916.750,1
02:00:40.03100,1916.750,4
02:00:40.27700,1916.750,4
02:00:40.60100,1916.750,1
02:00:41.55400,1916.750,2
02:00:42.76900,1916.750,11
02:00:43.73000,1917.000,6
02:00:44.63600,1917.000,5
02:00:45.68300,1916.750,15
02:00:56.70700,1916.750,14
02:01:00.57400,1916.750,2
02:01:01.00700,1916.750,1
02:01:01.36300,1916.500,5
02:01:03.10100,1916.750,9
02:01:03.57800,1917.000,12
02:01:09.73800,1917.000,1
02:01:17.03100,1916.750,17
02:01:18.16400,1916.750,1
02:01:20.46800,1916.500,16
02:01:20.67900,1916.750,2
02:01:21.58500,1916.750,1
02:01:24.28500,1916.750,13
02:01:25.29600,1916.500,1
02:01:29.84700,1916.750,15
02:01:30.68300,1916.750,9
02:01:31.97200,1916.750,13
02:01:32.33900,1917.000,1
02:01:38.48400,1917.000,13
02:01:40.92900,1917.000,1
02:01:41.10900,1917.000,22
02:01:42.45700,1917.000,12
02:01:44.58200,1917.000,17
02:01:45.97200,1917.000,1
02:01:47.35100,1917.000,1
02:01:48.39400,1917.000,6
02:01:51.87100,1917.250,1
02:01:52.79200,1917.000,20
02:01:55.14000,1917.000,7
02:02:02.18300,1917.000,2
02:02:04.21400,1917.000,1
02:02:05.62800,1917.000,1
02:02:06.03500,1917.000,7
02:02:13.08500,1917.250,1
02:02:15.52700,1917.250,34
02:02:18.17100,1917.250,5
02:02:20.51900,1917.250,17
02:02:20.76900,1917.500,15
02:02:21.69500,1917.500,1
02:02:22.87100,1917.250,5
02:02:23.37500,1917.500,50
02:02:24.77300,1917.500,6
02:02:26.70300,1917.500,5
02:02:27.81600,1917.500,1
02:02:32.57400,1917.500,1
02:02:33.53100,1917.250,1
02:02:35.08500,1917.250,15
02:02:35.90200,1917.250,6
02:02:37.40600,1917.250,1
02:02:38.68300,1917.250,1
02:02:39.75000,1917.250,6
02:02:46.72200,1917.250,11
02:02:54.34300,1917.250,2
02:02:57.15200,1917.500,1
02:03:00.46400,1917.500,21
02:03:05.83500,1917.250,3
02:03:05.94500,1917.500,1
02:03:06.48000,1917.500,1
02:03:08.26500,1917.250,1
02:03:09.42900,1917.500,54
02:03:12.94100,1917.500,1
02:03:13.47600,1917.500,4
02:03:13.85500,1917.500,2
02:03:14.86300,1917.500,1
02:03:17.61300,1917.500,12
02:03:18.52300,1917.500,4
02:03:20.25700,1917.500,2
02:03:21.92100,1917.500,15
02:03:27.51900,1917.500,1
02:03:27.77300,1917.500,1
02:03:32.00300,1917.500,1
02:03:32.63600,1917.500,2
02:03:39.79200,1917.250,2
02:03:42.82400,1917.500,47
02:03:48.40200,1917.500,4
02:03:49.06200,1917.500,4
02:03:49.79200,1917.250,5
02:03:51.64000,1917.250,28
02:03:52.07400,1917.000,1
02:03:52.30000,1917.000,1
02:03:56.85500,1917.250,25
02:03:59.94100,1917.250,1
02:04:03.32000,1917.250,2
02:04:10.45700,1917.250,1
02:04:12.09700,1917.250,57
02:04:12.48000,1917.250,1
02:04:15.92500,1917.250,77
02:04:16.52300,1917.250,3
02:04:21.63200,1917.250,56
02:04:22.57400,1917.250,7
02:04:25.89800,1917.000,1
02:04:29.30800,1917.250,1
02:04:29.74600,1917.000,65
02:04:31.08500,1917.250,1
02:04:31.44900,1917.250,1
02:04:31.71800,1917.000,1
02:04:32.27700,1917.250,1
02:05:00.27700,1917.000,4
02:05:01.82000,1917.000,8
02:05:02.00000,1917.000,1
02:05:02.02300,1917.000,1
02:05:04.66700,1917.000,1
02:05:05.04200,1916.750,11
02:05:12.03900,1916.750,1
02:05:13.57000,1916.750,2
02:05:14.08900,1916.750,16
02:05:17.21400,1916.500,5
02:05:20.23800,1916.750,28
02:05:20.52700,1916.750,6
02:05:21.47200,1916.750,6
02:05:21.73000,1916.750,1
02:05:23.58500,1916.750,5
02:05:28.76500,1916.750,7
02:05:30.73400,1916.750,6
02:05:31.19100,1916.750,4
02:05:33.08200,1917.000,2
02:05:33.30000,1917.000,13
02:05:33.50300,1917.000,2
02:05:42.18300,1917.250,12
02:05:45.93700,1917.000,1
02:05:46.57000,1917.000,19
02:05:49.28100,1917.000,5
02:05:57.03900,1917.250,28
02:05:59.25000,1917.250,16
02:06:02.23400,1917.500,15
02:06:03.46800,1917.250,1
02:06:03.66700,1917.250,5
02:06:05.01900,1917.250,2
02:06:07.31600,1917.000,182
02:06:08.08500,1916.750,30
02:06:12.61300,1916.750,2
02:06:15.73000,1916.500,15
02:06:16.37500,1916.500,1
02:06:20.66000,1916.750,2
02:06:21.33900,1916.500,17
02:06:22.62800,1916.500,1
02:06:23.25000,1916.500,19
02:06:29.00000,1916.500,1
02:06:29.59700,1916.500,1
02:06:30.67500,1916.500,16
02:06:31.80400,1916.500,1
02:06:41.95700,1916.750,2
02:06:42.12500,1916.500,1
02:06:45.26100,1916.750,2
02:06:49.84700,1916.500,1
02:06:51.05000,1916.750,1
02:06:52.15200,1916.500,1
02:06:56.12800,1916.500,1
02:06:57.49200,1916.500,4
02:06:58.76900,1916.750,1
02:07:00.48800,1916.750,23
02:07:01.83200,1916.750,1
02:07:02.79600,1917.000,24
02:07:09.00300,1917.000,13
02:07:09.35100,1917.000,1
02:07:12.54200,1917.000,2
02:07:13.30000,1917.000,3
02:07:17.47600,1917.000,3
02:07:20.38200,1917.000,9
02:07:25.00700,1917.250,8
02:07:25.86300,1917.250,8
02:07:26.26500,1917.250,8
02:07:26.38200,1917.250,1
02:07:27.59300,1917.250,1
02:07:28.87500,1917.250,5
02:07:30.01900,1917.250,1
02:07:41.26500,1917.250,15
02:07:42.00300,1917.000,5
02:07:45.39400,1917.250,13
02:07:47.16000,1917.000,29
02:07:47.60900,1917.000,18
02:07:47.91700,1917.250,10
02:07:49.59300,1917.250,10
02:07:50.05000,1917.000,5
02:07:55.54200,1917.000,45
02:08:08.22600,1917.000,37
02:08:15.49600,1917.000,1
02:08:39.89400,1917.000,1
02:08:40.64800,1917.000,1
02:08:40.96400,1917.250,37
02:08:41.34300,1917.250,1
02:08:48.07000,1917.250,1
02:08:50.78100,1917.250,1
02:08:56.90600,1917.250,39
02:08:58.77300,1917.500,1
02:09:06.44900,1917.500,147
02:09:06.71800,1917.750,20
02:09:09.63200,1917.500,1
02:09:09.87100,1917.750,35
02:09:13.35900,1917.500,10
02:09:15.96800,1917.500,19
02:09:18.28100,1917.750,3
02:09:18.85500,1917.750,1
02:09:20.18700,1917.750,1
02:09:22.85900,1917.750,5
02:09:23.50300,1917.750,1
02:09:32.44100,1917.750,1
02:09:36.05400,1917.500,1
02:09:38.41400,1917.750,74
02:09:40.91400,1917.750,1
02:09:41.87800,1917.750,1
02:09:44.48800,1918.000,24
02:09:45.07800,1918.000,2
02:09:49.58200,1917.750,19
02:09:52.43700,1917.750,2
02:09:53.01900,1918.000,1
02:09:56.38600,1918.000,161
02:09:56.70700,1918.250,25
02:09:56.87100,1918.000,1
02:09:57.35500,1918.000,6
02:09:59.00000,1918.250,1
02:09:59.49600,1918.000,12
02:09:59.85100,1918.000,18
02:10:02.76100,1918.000,24
02:10:03.21000,1918.000,54
02:10:06.45300,1918.250,41
02:10:06.82800,1918.250,1
02:10:08.52300,1918.000,61
02:10:10.37500,1918.000,1
02:10:18.49200,1918.000,98
02:10:22.21000,1918.000,1
02:10:23.42900,1918.250,1
02:10:35.60900,1918.250,88
02:10:35.66400,1918.250,10
02:10:35.85900,1918.500,14
02:10:35.95700,1918.000,6
02:10:36.97200,1918.250,1
02:10:41.26100,1918.000,1
02:10:45.75700,1918.250,43
02:10:45.91000,1918.250,1
02:10:46.19500,1918.250,1
02:10:46.42500,1918.500,2
02:10:46.89400,1918.500,1
02:10:47.65200,1918.250,3
02:10:48.09700,1918.250,25
02:10:48.88200,1918.250,17
02:10:52.32000,1918.250,1
02:10:54.80000,1918.250,23
02:10:55.55400,1918.250,1
02:10:56.18300,1918.250,1
02:10:56.35500,1918.250,1
02:10:57.01500,1918.500,5
02:10:58.14400,1918.250,1
02:10:58.80400,1918.250,18
02:11:02.01100,1918.250,2
02:11:03.34700,1918.000,58
02:11:04.96400,1918.250,1
02:11:10.25000,1918.000,27
02:11:13.00300,1918.000,11
02:11:17.54600,1917.750,21
02:11:17.94500,1917.750,1
02:11:19.12100,1917.750,7
02:11:20.52300,1917.750,6
02:11:21.13600,1917.750,1
02:11:22.03900,1917.750,2
02:11:24.13200,1917.750,1
02:11:24.25300,1917.750,1
02:11:25.07400,1917.750,1
02:11:28.33200,1917.500,100
02:11:29.18700,1917.500,7
02:11:31.37500,1917.500,1
02:11:32.94100,1917.750,25
02:11:35.56600,1917.750,15
02:11:37.08500,1917.750,4
02:11:38.57400,1917.750,2
02:11:39.00300,1917.750,14
02:11:39.89400,1917.750,1
02:11:40.97200,1917.750,1
02:11:41.40600,1917.750,10
02:11:43.34300,1918.000,9
02:11:43.58500,1917.750,1
02:11:44.33500,1917.750,1
02:11:45.93700,1918.000,4
02:11:46.25700,1917.750,1
02:11:46.66000,1917.750,1
02:11:47.92900,1917.750,1
02:11:48.29200,1917.750,5
02:11:51.26100,1918.000,40
02:11:54.17100,1918.000,1
02:11:59.11700,1918.000,64
02:12:02.88600,1918.000,5
02:12:05.25000,1918.000,2
02:12:13.83500,1917.750,67
02:12:16.10100,1918.000,5
02:12:21.05800,1917.750,1
02:12:21.39800,1917.750,6
02:12:21.46000,1917.750,10
02:12:22.03500,1917.750,1
02:12:28.03900,1917.500,2
02:12:29.25000,1917.750,1
02:12:35.97200,1917.750,1
02:12:42.14400,1917.500,8
02:12:43.16000,1917.500,36
02:12:46.08500,1917.750,56
02:12:51.16400,1917.750,24
02:12:57.81600,1917.750,17
02:12:58.10500,1917.750,7
02:13:06.01100,1917.750,13
02:13:09.79600,1917.500,115
02:13:12.33500,1917.250,4
02:13:13.67500,1917.500,43
02:13:13.92500,1917.750,5
02:13:18.15600,1917.500,21
02:13:20.09700,1917.250,34
02:13:20.34700,1917.250,1
02:13:20.46800,1917.250,8
02:13:20.62500,1917.250,4
02:13:22.34300,1917.250,30
02:13:23.16000,1917.250,8
02:13:23.31200,1917.250,2
02:13:27.19500,1917.250,14
02:13:28.06600,1917.250,3
02:13:31.04600,1917.000,1
02:13:31.76500,1917.250,1
02:13:34.37500,1917.250,2
02:13:37.88200,1917.000,100
02:13:38.23800,1917.250,45
02:13:38.37800,1917.250,7
02:13:38.48800,1917.500,10
02:13:39.82000,1917.250,13
02:13:42.02300,1917.250,11
02:13:44.06600,1917.250,30
02:13:48.15600,1917.250,21
02:13:48.46400,1917.500,15
02:13:48.77300,1917.500,3
02:13:50.78500,1917.250,12
02:13:53.51900,1917.250,2
02:13:54.85100,1917.250,22
02:13:56.36700,1917.250,1
02:13:56.76100,1917.000,1
02:13:58.48400,1917.250,9
02:14:01.30800,1917.250,4
02:14:02.65600,1917.250,2
02:14:04.21800,1917.250,1
02:14:13.76100,1917.250,2
02:14:20.96800,1917.500,53
02:14:21.57400,1917.500,33
02:14:21.66400,1917.500,2
02:14:25.21800,1917.500,9
02:14:26.21000,1917.500,2
02:14:28.52300,1917.250,1
02:14:31.41400,1917.500,10
02:14:49.06200,1917.500,74
02:14:56.02300,1917.250,2
02:14:59.61700,1917.500,1
02:15:01.05800,1917.250,50
02:15:02.54200,1917.250,10
02:15:05.05800,1917.250,7
02:15:15.08900,1917.250,23
02:15:18.50700,1917.000,4
02:15:19.03900,1917.000,60
02:15:29.46400,1917.000,1
02:15:35.00300,1917.250,1
02:15:35.72200,1917.000,2
02:15:38.84700,1917.000,10
02:15:41.80800,1917.250,1
02:15:48.17100,1917.000,10
02:15:48.89400,1917.250,1
02:15:49.86300,1917.000,1
02:15:57.81600,1917.000,1
02:16:05.26500,1917.250,64
02:16:10.27700,1917.250,8
02:16:19.85100,1917.500,2
02:16:21.09300,1917.500,1
02:16:27.43300,1917.500,1
02:16:27.91400,1917.500,2
02:16:40.48000,1917.500,33
02:16:40.73400,1917.750,5
02:16:45.75300,1917.750,29
02:16:46.50300,1917.750,136
02:16:47.14000,1918.000,4
02:16:49.53500,1918.000,34
02:16:50.78500,1918.000,20
02:16:51.09300,1918.000,8
02:16:51.48000,1918.000,22
02:16:57.73000,1918.000,1
02:17:01.46000,1918.250,103
02:17:02.21400,1918.250,1
02:17:02.78900,1918.500,6
02:17:03.26100,1918.500,4
02:17:03.96800,1918.500,1
02:17:04.30400,1918.250,19
02:17:04.46000,1918.250,1
02:17:04.93700,1918.250,10
02:17:07.75000,1918.250,1
02:17:09.13600,1918.250,29
02:17:09.76900,1918.250,4
02:17:10.19100,1918.250,1
02:17:12.07000,1918.250,13
02:17:14.38600,1918.250,25
02:17:16.56200,1918.250,18
02:17:17.36300,1918.250,5
02:17:19.87800,1918.250,6
02:17:30.19900,1918.250,1
02:17:34.21400,1918.250,52
02:17:36.07800,1918.000,5
02:17:37.44900,1918.250,6
02:17:37.62100,1918.250,1
02:17:46.77300,1918.250,1
02:17:47.84300,1918.000,121
02:17:51.37500,1918.250,25
02:17:55.39000,1918.250,18
02:17:55.46000,1918.250,5
02:17:56.51500,1918.250,4
02:18:02.05800,1918.000,12
02:18:04.83200,1918.000,3
02:18:08.03500,1918.000,10
02:18:08.87800,1918.000,1
02:18:09.15600,1918.000,14
02:18:11.28100,1918.000,101
02:18:11.53100,1918.250,10
02:18:12.56600,1918.250,11
02:18:15.31200,1918.250,1
02:18:17.91700,1918.250,8
02:18:20.84700,1918.250,1
02:18:22.01100,1918.000,4
02:18:24.07800,1918.250,43
02:18:25.01900,1918.000,108
02:18:34.34700,1918.000,37
02:19:01.64400,1917.500,67
02:19:06.37800,1917.750,32
02:19:09.95700,1918.000,1
02:19:18.53100,1918.000,1
02:19:19.66400,1918.250,42
02:19:20.22200,1918.000,1
02:19:22.72200,1918.250,1
02:19:24.51100,1918.250,2
02:19:27.23800,1918.250,7
02:19:27.54600,1918.250,3
02:19:29.48800,1918.250,37
02:19:30.69100,1918.000,1
02:19:40.46400,1918.000,1
02:19:41.03100,1918.000,21
02:19:44.19900,1918.000,3
02:19:44.95300,1918.000,3
02:19:45.92500,1918.000,5
02:19:46.26500,1918.000,11
02:19:48.38200,1918.000,10
02:19:48.57400,1918.000,2
02:19:51.82000,1918.000,1
02:19:52.14800,1918.000,3
02:19:52.45300,1918.000,3
02:19:55.25300,1918.000,1
02:20:02.93700,1918.000,22
02:20:05.32000,1918.000,1
02:20:05.68700,1918.000,26
02:20:07.84300,1918.000,3
02:20:08.30400,1918.000,1
02:20:19.73400,1918.250,1
02:20:20.02300,1918.000,2
02:20:25.77300,1918.000,1
02:20:26.29600,1918.250,114
02:20:36.03500,1918.250,18
02:20:36.67100,1918.250,10
02:20:37.24200,1918.250,14
02:20:38.86700,1918.250,4
02:20:41.29200,1918.500,20
02:20:43.92100,1918.250,5
02:20:52.86700,1918.500,1
02:20:53.96000,1918.250,3
02:20:59.25300,1918.500,1
02:21:03.43700,1918.250,6
02:21:09.36700,1918.250,10
02:21:10.44900,1918.500,8
02:21:10.47200,1918.500,2
02:21:13.26100,1918.250,20
02:21:13.65600,1918.250,1
02:21:14.65600,1918.250,1
02:21:15.23400,1918.000,52
02:21:16.35100,1917.750,2
02:21:23.30400,1917.750,1
02:21:27.09700,1917.750,3
02:21:31.50700,1917.750,34
02:21:33.61700,1917.750,3
02:21:34.03900,1917.750,2
02:21:34.46000,1917.750,5
02:21:37.01100,1917.500,1
02:21:37.15600,1917.500,1
02:21:38.86700,1917.750,1
02:21:40.07000,1917.750,3
02:21:46.13200,1917.750,35
02:21:48.33200,1918.000,38
02:21:50.93700,1917.750,51
02:21:51.03900,1917.750,10
02:21:54.08200,1917.750,1
02:22:07.01100,1917.500,85
02:22:14.60900,1917.750,27
02:22:15.69100,1917.750,5
02:22:17.05400,1917.750,13
02:22:17.23000,1917.750,3
02:22:18.05400,1917.750,2
02:22:18.20700,1917.750,3
02:22:20.08500,1917.750,1
02:22:27.01100,1917.500,2
02:22:29.13600,1917.750,1
02:22:37.01900,1917.500,1
02:22:38.42900,1917.500,40
02:22:40.10500,1917.500,1
02:22:40.74200,1917.500,1
02:22:44.80000,1917.500,11
02:22:47.18300,1917.500,7
02:22:50.27300,1917.500,1
02:22:52.03100,1917.500,1
02:22:54.64400,1917.500,1
02:22:57.01500,1917.500,2
02:23:07.19100,1917.500,6
02:23:08.34300,1917.750,1
02:23:08.87800,1917.500,1
02:23:16.22600,1917.500,1
02:23:17.17500,1917.750,5
02:23:17.30800,1917.750,6
02:23:17.44500,1917.750,17
02:23:19.00700,1917.750,8
02:23:19.51500,1917.750,4
02:23:26.12500,1917.750,12
02:23:27.68300,1918.000,54
02:23:28.73400,1918.000,2
02:23:29.30800,1918.000,1
02:23:30.10500,1918.000,10
02:23:31.26100,1918.000,9
02:23:34.51500,1918.250,1
02:23:34.71000,1918.250,11
02:23:37.34700,1918.250,283
02:23:38.07000,1918.250,1
02:23:41.69900,1918.250,8
02:23:42.26100,1918.500,10
02:23:43.44100,1918.500,9
02:23:44.60900,1918.250,1
02:23:45.82000,1918.500,4
02:23:47.85100,1918.500,2
02:23:48.26100,1918.500,12
02:23:48.34700,1918.500,3
02:23:49.31200,1918.500,27
02:23:49.40200,1918.500,5
02:23:49.61700,1918.500,7
02:23:50.04200,1918.500,4
02:23:50.66400,1918.500,5
02:23:50.75300,1918.500,4
02:23:51.11700,1918.500,5
02:23:51.41400,1918.500,1
02:23:53.03900,1918.500,15
02:23:54.87100,1918.500,1
02:23:55.22600,1918.500,1
02:23:55.33900,1918.750,36
02:23:55.41700,1918.750,4
02:23:55.69100,1918.750,6
02:23:56.92500,1918.500,1
02:23:58.45300,1918.500,1
02:23:59.48400,1918.500,10
02:24:00.61300,1918.500,27
02:24:03.50700,1918.500,4
02:24:03.78500,1918.750,2
02:24:05.02700,1918.500,2
02:24:05.21800,1918.500,4
02:24:07.01500,1918.500,1
02:24:08.47200,1918.500,10
02:24:14.73800,1918.750,1
02:24:15.49200,1918.500,1
02:24:17.01500,1918.500,2
02:24:26.30000,1918.750,30
02:24:26.52300,1918.750,53
02:24:26.62500,1919.250,216
02:24:26.76900,1919.250,11
02:24:26.85100,1919.250,7
02:24:27.00300,1919.250,2
02:24:27.22200,1919.000,1
02:24:27.58900,1919.250,1
02:24:28.03500,1919.250,28
02:24:28.54200,1919.250,14
02:24:28.61300,1919.250,1
02:24:30.08900,1919.250,1
02:24:30.42500,1919.250,53
02:24:30.59700,1919.250,11
02:24:30.73000,1919.250,3
02:24:31.72200,1919.250,4
02:24:33.55000,1919.000,43
02:24:36.58900,1919.250,1
02:24:37.65600,1919.250,3
02:24:38.41000,1919.250,8
02:24:41.68300,1919.250,1
02:24:42.40600,1919.250,19
02:24:44.83900,1919.250,1
02:24:45.72200,1919.250,1
02:24:47.01100,1919.000,2
02:24:48.67500,1919.000,1
02:24:49.93300,1919.250,4
02:24:51.96400,1919.250,2
02:24:55.24200,1919.250,2
02:24:56.39800,1919.250,1
02:24:57.01500,1919.000,3
02:24:58.04600,1919.250,1
02:24:58.71000,1919.000,1
02:24:59.25000,1919.250,32
02:25:01.24600,1919.250,2
02:25:01.82000,1919.500,46
02:25:01.92900,1919.750,106
02:25:01.94100,1919.750,1
02:25:02.10500,1919.500,1
02:25:02.54600,1919.750,6
02:25:02.64800,1919.500,1
02:25:03.72600,1919.250,11
02:25:03.80000,1919.500,1
02:25:04.86700,1919.500,13
02:25:04.94900,1919.500,20
02:25:06.07400,1919.500,2
02:25:06.25000,1919.250,6
02:25:06.33200,1919.500,3
02:25:07.00700,1919.500,3
02:25:07.38600,1919.500,2
02:25:08.84700,1919.250,4
02:25:09.17500,1919.750,1
02:25:09.32000,1919.750,1
02:25:09.63200,1919.250,50
02:25:11.27700,1919.250,1
02:25:13.48800,1919.500,7
02:25:13.94500,1919.500,1
02:25:15.38600,1919.500,1
02:25:16.30000,1919.500,1
02:25:17.01100,1919.500,2
02:25:17.34300,1919.500,1
02:25:19.01100,1919.500,1
02:25:19.63200,1919.500,1
02:25:21.40200,1919.500,1
02:25:21.51100,1919.750,1
02:25:22.15200,1919.750,1
02:25:23.82000,1919.500,1
02:25:24.44100,1919.750,6
02:25:26.33900,1919.750,2
02:25:26.41400,1919.500,1
02:25:27.01100,1919.500,1
02:25:27.21800,1919.750,1
02:25:28.62100,1919.750,1
02:25:28.89000,1919.500,1
02:25:29.82000,1919.750,8
02:25:30.01900,1919.750,60
02:25:31.57000,1919.500,1
02:25:33.65200,1919.750,1
02:25:33.86300,1919.500,1
02:25:37.00700,1919.500,2
02:25:41.23800,1919.500,5
02:25:42.37100,1919.750,1
02:25:43.59300,1919.500,1
02:25:45.15200,1919.500,1
02:25:47.01100,1919.500,2
02:25:49.20700,1919.500,1
02:25:49.39000,1919.500,6
02:25:52.88600,1919.500,61
02:25:53.09300,1919.500,3
02:25:57.01100,1919.250,2
02:25:58.62800,1919.500,2
02:26:03.89800,1919.500,8
02:26:05.14000,1919.500,68
02:26:06.23400,1919.500,5
02:26:07.40600,1919.500,2
02:26:07.64400,1919.500,3
02:26:11.03500,1919.500,42
02:26:15.22600,1919.750,1
02:26:15.49600,1919.750,22
02:26:16.16400,1919.750,8
02:26:16.70300,1919.750,19
02:26:17.42100,1919.750,10
02:26:17.63200,1919.750,5
02:26:18.08500,1919.750,3
02:26:18.60500,1919.750,6
02:26:20.17100,1919.750,16
02:26:20.64800,1919.750,1
02:26:21.66000,1919.750,5
02:26:22.44100,1920.000,160
02:26:22.50300,1920.000,1
02:26:22.64000,1919.750,1
02:26:23.12800,1919.750,36
02:26:24.00700,1919.750,9
02:26:24.59300,1919.750,2
02:26:25.66400,1919.750,1
02:26:26.12800,1920.000,4
02:26:27.50700,1919.750,11
02:26:29.25700,1919.750,1
02:26:29.49600,1920.000,1
02:26:31.20300,1920.000,1
02:26:31.58900,1920.000,8
02:26:33.06600,1919.750,2
02:26:36.01500,1919.750,1
02:26:36.46800,1919.750,1
02:26:41.87100,1919.750,44
02:26:42.06200,1919.750,6
02:26:46.01500,1919.500,2
02:26:47.70700,1919.500,6
02:26:48.53100,1919.500,61
02:26:50.20700,1919.500,23
02:26:51.51500,1919.750,118
02:26:52.97200,1919.750,1
02:26:53.75300,1919.750,5
02:26:54.05000,1919.750,66
02:26:54.28500,1919.750,1
02:26:54.70700,1919.750,5
02:26:55.46800,1919.750,7
02:26:58.16400,1919.750,1
02:26:58.76900,1919.750,1
02:26:59.07800,1919.750,72
02:26:59.20700,1919.750,3
02:27:03.75300,1919.500,2
02:27:04.34700,1919.750,44
02:27:05.23400,1920.000,72
02:27:05.50000,1919.750,13
02:27:06.75700,1920.000,9
02:27:10.52300,1920.250,22
02:27:10.58200,1920.250,4
02:27:10.69500,1920.250,3
02:27:12.01900,1920.000,10
02:27:12.30800,1920.000,11
02:27:12.62800,1920.000,3
02:27:12.87500,1920.000,1
02:27:15.23400,1920.000,23
02:27:21.19900,1920.000,10
02:27:23.18700,1920.000,9
02:27:24.89000,1920.000,1
02:27:25.57400,1920.000,2
02:27:26.01100,1919.750,2
02:27:27.44900,1920.000,1
02:27:28.15600,1919.750,1
02:27:29.52300,1919.750,159
02:27:30.73400,1919.750,1
02:27:36.01500,1919.500,1
02:27:37.64800,1919.500,116
02:27:38.89000,1919.500,1
02:27:39.39000,1919.500,1
02:27:40.05000,1919.500,7
02:27:41.93700,1919.500,24
02:27:42.28900,1919.500,8
02:27:44.38600,1919.500,1
02:27:46.01100,1919.250,2
02:27:48.66000,1919.500,1
02:27:49.85100,1919.500,1
02:27:53.09300,1919.250,61
02:27:56.01500,1919.250,51
02:27:59.16700,1919.250,42
02:27:59.29600,1919.250,3
02:28:03.66000,1919.500,15
02:28:04.37800,1919.500,1
02:28:04.53900,1919.500,1
02:28:04.70700,1919.500,5
02:28:05.22200,1919.500,1
02:28:12.92500,1919.500,22
02:28:15.06200,1919.500,11
02:28:17.32000,1919.500,16
02:28:17.79600,1919.500,9
02:28:18.71400,1919.500,1
02:28:20.46400,1919.500,6
02:28:25.15200,1919.250,53
02:28:26.01100,1919.000,2
02:28:26.15200,1919.250,9
02:28:27.49600,1919.250,10
02:28:33.46400,1919.250,1
02:28:34.73000,1919.250,1
02:28:35.43700,1919.250,1
02:28:35.69900,1919.000,1
02:28:36.82400,1919.250,9
02:28:37.57400,1919.250,1
02:28:41.07800,1919.250,1
02:28:45.14800,1919.250,53
02:28:46.65200,1919.500,21
02:28:49.41700,1919.250,2
02:28:52.85100,1919.250,6
02:28:54.74200,1919.500,3
02:28:54.91700,1919.500,7
02:28:55.48000,1919.500,5
02:28:55.55000,1919.500,1
02:28:56.08200,1919.500,9
02:28:57.75000,1919.500,8
02:28:58.90600,1919.500,7
02:29:03.92900,1919.750,7
02:29:06.01500,1919.500,1
02:29:06.85100,1919.500,10
02:29:11.50700,1919.750,80
02:29:11.83500,1920.000,10
02:29:14.91400,1919.750,28
02:29:15.00000,1919.750,1
02:29:17.31600,1919.750,2
02:29:24.33900,1919.750,33
02:29:25.19100,1919.750,2
02:29:26.01100,1919.500,3
02:29:26.30800,1919.750,1
02:29:26.95300,1919.750,1
02:29:28.94500,1919.500,1
02:29:30.54600,1919.500,2
02:29:31.77300,1920.000,33
02:29:35.35500,1920.000,2
02:29:36.00700,1919.750,1
02:29:36.62800,1919.750,219
02:29:36.72200,1919.750,1
02:29:36.78500,1919.750,2
02:29:36.89400,1919.750,5
02:29:37.07800,1919.750,42
02:29:39.76100,1919.750,16
02:29:42.10500,1919.750,29
02:29:42.34700,1919.750,5
02:29:43.29200,1919.750,1
02:29:46.01100,1919.500,2
02:29:51.48000,1919.750,1
02:29:56.01100,1919.500,1
02:29:56.62100,1919.750,3
02:29:57.82800,1919.500,84
02:29:58.24600,1919.500,5
02:29:58.51100,1919.500,5
02:29:58.80400,1919.500,2
02:30:02.93700,1919.500,106
02:30:03.64800,1919.000,124
02:30:03.75300,1919.250,7
02:30:06.01100,1919.000,2
02:30:06.21000,1919.000,3
02:30:07.31600,1919.000,3
02:30:11.87500,1919.250,79
02:30:12.18700,1919.250,1
02:30:12.51900,1919.250,1
02:30:13.43700,1919.250,1
02:30:13.94100,1919.500,1
02:30:16.00700,1919.250,2
02:30:16.51100,1919.250,2
02:30:16.71800,1919.250,1
02:30:16.94500,1919.250,24
02:30:19.35500,1919.000,1
02:30:22.13600,1919.000,1
02:30:23.12500,1919.000,70
02:30:24.41700,1919.000,1
02:30:25.90200,1919.000,1
02:30:27.34300,1919.000,1
02:30:28.75000,1918.750,12
02:30:30.85900,1918.750,1
02:30:33.75700,1918.750,190
02:30:34.07000,1918.750,1
02:30:35.21800,1918.750,1
02:30:35.58500,1918.750,24
02:30:36.03100,1918.750,5
02:30:37.49600,1918.750,1
02:30:40.41000,1918.750,70
02:30:43.08900,1918.500,11
02:30:43.15200,1918.500,2
02:30:45.48800,1918.500,2
02:30:45.61700,1918.750,1
02:30:47.84300,1918.750,175
02:30:49.00300,1918.750,5
02:30:49.41400,1918.750,1
02:30:49.77700,1918.750,2
02:30:53.76900,1918.500,1
02:30:56.48400,1918.500,5
02:30:58.57400,1918.500,2
02:31:00.96400,1918.500,3
02:31:01.36300,1918.500,1
02:31:06.20700,1918.750,1
02:31:08.61300,1918.500,1
02:31:10.18700,1918.500,61
02:31:11.10500,1918.500,2
02:31:11.20300,1918.500,14
02:31:14.25300,1918.500,33
02:31:14.54600,1918.250,9
02:31:15.32000,1918.250,47
02:31:15.68300,1918.500,73
02:31:15.82000,1918.250,1
02:31:16.95300,1918.250,2
02:31:18.15600,1918.250,1
02:31:24.38200,1918.250,1
02:31:27.88600,1918.250,1
02:31:29.27700,1918.250,2
02:31:32.12800,1918.500,1
02:31:32.48000,1918.250,27
02:31:34.59700,1918.250,8
02:31:34.92900,1918.250,6
02:31:38.69900,1918.500,1
02:31:38.88600,1918.250,1
02:31:39.89400,1918.250,10
02:31:42.32000,1918.250,3
02:31:46.70300,1918.250,2
02:31:49.19100,1918.250,5
02:31:56.24200,1918.500,47
02:31:57.66700,1918.500,16
02:31:58.85100,1918.500,24
02:32:09.66400,1918.250,18
02:32:11.92500,1918.250,1
02:32:14.87500,1918.250,5
02:32:18.67900,1918.500,59
02:32:19.02300,1918.500,5
02:32:23.70300,1918.500,2
02:32:24.49600,1918.500,2
02:32:25.46800,1918.500,1
02:32:28.06200,1918.500,1
02:32:35.36700,1918.750,48
02:32:35.55400,1918.750,3
02:32:35.63200,1918.750,6
02:32:35.73000,1918.750,1
02:32:35.88200,1918.750,6
02:32:39.13200,1918.750,4
02:32:39.46000,1918.750,3
02:32:41.22600,1918.500,1
02:32:43.36700,1918.750,12
02:32:45.39000,1918.750,3
02:32:45.59300,1918.750,1
02:32:46.30800,1919.000,1
02:32:49.90200,1919.000,72
02:32:54.53100,1919.000,18
02:32:55.12100,1919.000,1
02:32:56.82400,1918.750,1
02:32:57.41700,1919.000,3
02:33:09.25000,1919.250,18
02:33:15.23400,1919.250,44
02:33:15.91000,1919.250,9
02:33:17.14800,1919.250,1
02:33:21.75000,1919.250,74
02:33:21.88600,1919.250,22
02:33:21.93700,1919.250,9
02:33:29.66000,1919.250,7
02:33:31.06200,1919.250,36
02:33:31.47600,1919.250,1
02:33:34.66000,1919.250,13
02:33:41.79600,1919.250,2
02:33:42.12500,1919.250,2
02:33:48.39400,1919.250,3
02:33:48.83200,1919.250,3
02:33:50.78100,1919.250,3
02:33:50.91700,1919.250,3
02:33:53.53500,1919.250,24
02:33:53.84300,1919.250,8
02:33:57.54200,1919.500,2
02:33:59.14800,1919.250,1
02:33:59.90600,1919.250,2
02:34:03.71800,1919.250,11
02:34:04.03100,1919.250,3
02:34:04.41000,1919.250,1
02:34:05.23800,1919.500,1
02:34:07.93300,1919.250,5
02:34:08.51500,1919.500,1
02:34:10.27300,1919.250,1
02:34:14.35900,1919.250,3
02:34:16.03900,1919.500,1
02:34:16.25000,1919.500,33
02:34:18.05400,1919.500,1
02:34:18.48800,1919.750,3
02:34:19.30800,1919.500,6
02:34:21.69900,1919.750,1
02:34:24.39000,1919.500,12
02:34:26.21800,1919.500,1
02:34:28.91400,1919.500,1
02:34:35.11700,1919.500,3
02:34:36.09300,1919.250,5
02:34:39.42100,1919.250,4
02:34:39.75000,1919.250,2
02:34:40.47200,1919.250,105
02:34:40.52700,1919.250,1
02:34:54.92500,1919.250,1
02:34:57.09300,1919.000,1
02:35:01.22200,1919.000,79
02:35:01.41400,1919.000,3
02:35:03.54600,1919.000,4
02:35:04.67500,1919.250,1
02:35:05.36300,1919.250,1
02:35:07.51100,1919.250,2
02:35:08.62500,1919.250,29
02:35:09.87100,1919.250,8
02:35:16.62100,1919.000,1
02:35:17.89000,1919.500,1
02:35:18.40200,1919.250,1
02:35:30.87500,1919.000,5
02:35:35.80800,1919.250,87
02:35:36.83900,1919.250,4
02:35:37.00700,1919.000,1
02:35:40.85500,1919.250,24
02:35:43.32800,1919.250,3
02:35:44.25000,1919.250,3
02:35:48.97200,1919.000,73
02:35:58.53500,1919.000,1
02:35:58.96400,1919.000,1
02:35:59.66000,1919.000,6
02:35:59.82400,1919.000,1
02:36:01.27300,1919.250,88
02:36:02.13200,1919.250,1
02:36:03.82000,1919.500,1
02:36:10.01100,1919.500,47
02:36:10.80800,1919.500,26
02:36:11.52700,1919.500,1
02:36:17.56600,1919.500,23
02:36:18.26100,1919.500,34
02:36:19.52700,1919.500,13
02:36:20.25000,1919.500,1
02:36:25.02700,1919.500,10
02:36:26.78500,1919.750,3
02:36:28.15600,1919.500,1
02:36:28.49600,1919.500,1
02:36:36.45700,1919.750,3
02:36:36.58900,1919.750,3
02:36:37.40200,1919.750,3
02:36:37.65600,1919.750,3
02:36:38.25700,1919.750,1
02:36:41.55000,1919.500,2
02:36:44.83200,1919.500,52
02:36:45.38600,1919.500,1
02:36:46.48000,1919.500,1
02:36:49.74600,1919.750,1
02:36:51.33500,1919.500,6
02:36:53.92100,1919.500,43
02:36:59.58200,1919.500,13
02:37:05.11300,1919.500,5
02:37:08.60100,1919.500,2
02:37:11.76500,1919.500,10
02:37:12.71000,1919.500,1
02:37:21.14800,1919.500,46
02:37:21.15200,1919.500,2
02:37:23.10100,1919.500,5
02:37:27.03100,1919.250,20
02:37:27.45300,1919.500,4
02:37:35.16000,1919.500,10
02:37:35.67500,1919.500,1
02:37:36.32000,1919.250,1
02:37:41.02700,1919.250,2
02:37:41.97200,1919.500,22
02:37:45.56600,1919.250,1
02:37:56.36300,1919.250,122
02:37:58.64000,1919.250,1
02:38:05.03100,1919.250,8
02:38:09.12100,1919.250,5
02:38:12.28900,1919.500,32
02:38:18.92100,1919.250,1
02:38:22.19500,1919.500,1
02:38:22.72600,1919.500,10
02:38:23.61700,1919.500,2
02:38:25.67100,1919.500,6
02:38:29.14400,1919.500,10
02:38:39.08200,1919.500,1
02:38:49.39400,1919.500,1
02:38:51.12100,1919.250,50
02:38:52.86300,1919.250,1
02:38:53.04600,1919.250,1
02:38:56.13600,1919.250,1
02:38:58.64800,1919.250,1
02:39:07.92900,1919.000,27
02:39:08.32400,1919.000,5
02:39:08.51100,1919.000,5
02:39:09.46000,1919.000,1
02:39:12.44500,1919.000,22
02:39:14.06200,1918.750,1
02:39:17.01900,1918.750,1
02:39:20.49200,1918.750,5
02:39:23.92100,1919.000,31
02:39:23.93700,1919.250,4
02:39:24.18700,1919.250,5
02:39:28.35900,1919.250,11
02:39:35.89000,1919.000,1
02:39:39.40600,1919.250,2
02:39:42.87500,1919.250,1
02:39:49.91400,1919.000,1
02:39:55.76900,1919.000,10
02:39:59.82400,1919.000,40
02:40:00.91700,1918.750,4
02:40:04.51900,1919.000,1
02:40:05.60500,1918.750,24
02:40:10.46400,1919.000,1
02:40:20.10900,1919.000,1
02:40:36.49600,1919.000,2
02:40:41.16700,1918.750,37
02:40:41.83500,1918.750,20
02:40:44.13600,1918.500,2
02:40:45.66400,1918.500,1
02:40:45.88600,1918.500,1
02:40:49.24200,1918.500,1
02:40:49.60900,1918.500,1
02:40:50.25000,1918.500,2
02:40:51.82000,1918.500,1
02:40:55.22600,1918.500,1
02:40:56.31600,1918.750,18
02:40:59.72200,1918.500,7
02:41:05.38600,1918.750,58
02:41:20.13600,1918.500,1
02:41:21.54600,1918.500,1
02:41:21.67100,1918.750,12
02:41:33.91000,1919.000,2
02:41:34.23800,1919.000,2
02:41:41.03500,1919.000,5
02:41:41.34300,1919.000,5
02:41:46.61300,1919.000,5
02:41:47.17500,1918.750,5
02:41:57.24200,1919.000,1
02:41:58.96400,1919.000,20
02:41:59.82800,1918.750,3
02:42:04.57400,1919.000,27
02:42:04.84300,1919.250,10
02:42:07.46400,1919.250,1
02:42:11.42500,1919.000,48
02:42:14.74200,1919.000,3
02:42:17.81200,1919.000,2
02:42:20.14400,1919.000,1
02:42:26.28500,1919.000,4
02:42:28.80400,1919.000,30
02:42:33.01900,1919.000,8
02:42:34.02300,1919.000,7
02:42:34.12500,1919.000,3
02:42:45.73400,1918.500,84
02:42:53.01100,1918.750,5
02:42:53.31600,1918.750,5
02:42:54.45300,1918.750,1
02:42:55.70300,1918.750,5
02:42:55.79600,1918.750,1
02:42:57.53100,1918.750,67
02:42:57.64400,1918.750,12
02:43:01.94100,1918.750,9
02:43:03.69900,1918.750,15
02:43:11.64400,1918.750,3
02:43:19.90600,1919.000,42
02:43:21.08900,1919.000,7
02:43:21.47200,1919.000,3
02:43:26.62800,1919.000,22
02:43:42.10100,1919.000,27
02:43:48.23400,1919.250,20
02:43:48.48800,1919.250,48
02:43:48.77700,1919.250,18
02:43:49.12500,1919.250,1
02:43:50.02300,1919.250,1
02:43:53.38600,1919.500,4
02:43:54.87100,1919.500,19
02:43:55.13200,1919.500,6
02:43:57.25000,1919.500,17
02:44:00.57800,1919.750,3
02:44:01.66000,1919.500,2
02:44:02.60900,1919.750,1
02:44:02.92100,1919.750,1
02:44:04.52700,1919.750,10
02:44:05.85100,1919.500,1
02:44:07.32800,1919.500,1
02:44:09.01900,1919.500,8
02:44:09.48400,1919.750,1
02:44:10.37500,1919.750,2
02:44:10.46400,1919.750,1
02:44:16.28900,1919.500,1
02:44:22.43700,1919.250,49
02:44:22.92500,1919.250,10
02:44:25.90200,1919.250,12
02:44:27.94100,1919.250,5
02:44:32.28100,1919.000,3
02:44:33.16400,1919.250,15
02:44:44.09300,1919.250,17
02:44:50.03900,1919.000,24
02:44:56.03500,1919.000,1
02:45:08.49600,1919.250,33
02:45:12.35100,1919.250,7
02:45:12.95700,1919.250,4
02:45:17.13200,1919.250,21
02:45:37.87500,1919.000,1
02:45:38.92900,1919.000,1
02:45:39.46400,1919.000,20
02:45:43.21800,1918.750,1
02:45:46.71400,1918.750,1
02:45:47.84300,1918.750,1
02:45:50.70300,1918.750,1
02:46:02.67100,1918.750,11
02:46:03.52300,1919.000,1
02:46:07.36700,1918.750,1
02:46:08.05400,1918.750,1
02:46:08.96400,1919.000,41
02:46:12.02300,1919.000,1
02:46:15.70300,1919.250,4
02:46:22.00700,1919.250,1
02:46:27.84300,1919.250,62
02:46:28.28900,1919.500,8
02:46:28.44100,1919.500,38
02:46:28.65600,1919.500,19
02:46:33.77300,1919.250,5
02:46:36.58900,1919.500,28
02:46:38.48800,1919.500,1
02:46:40.37100,1919.500,17
02:46:41.04200,1919.500,7
02:46:44.78900,1919.250,1
02:46:46.71000,1919.500,11
02:46:47.16000,1919.500,1
02:46:49.36300,1919.500,1
02:46:51.00300,1919.500,61
02:46:52.26100,1919.250,6
02:47:00.66000,1919.250,3
02:47:06.57800,1919.250,5
02:47:11.27300,1919.500,31
02:47:21.17500,1919.750,1
02:47:21.32000,1919.750,307
02:47:21.36300,1919.750,1
02:47:21.43700,1919.750,1
02:47:21.57000,1919.500,32
02:47:24.46800,1919.500,4
02:47:26.48000,1919.500,7
02:47:30.78100,1919.500,17
02:47:34.21800,1919.750,79
02:47:35.15600,1919.500,15
02:47:35.41000,1919.500,3
02:47:46.17500,1919.750,145
02:47:46.59300,1919.750,1
02:47:47.45300,1919.750,8
02:47:53.64000,1919.500,71
02:47:55.53500,1919.500,10
02:47:57.20700,1919.500,5
02:47:58.89400,1919.500,22
02:48:01.75300,1919.500,3
02:48:04.41400,1919.500,8
02:48:04.73000,1919.500,1
02:48:05.52700,1919.250,1
02:48:07.68300,1919.250,27
02:48:08.23400,1919.250,3
02:48:09.56600,1919.250,2
02:48:09.92100,1919.250,1
02:48:12.83900,1919.250,7
02:48:14.75000,1919.250,4
02:48:16.23800,1919.500,6
02:48:16.33900,1919.500,8
02:48:20.44500,1919.250,1
02:48:37.95700,1919.500,2
02:48:44.19500,1919.500,32
02:48:44.26500,1919.500,1
02:48:44.66000,1919.500,9
02:48:45.50300,1919.500,1
02:48:47.15600,1919.500,4
02:48:54.20700,1919.500,1
02:48:58.82000,1919.500,1
02:49:07.54600,1919.750,9
02:49:07.76100,1919.750,10
02:49:07.94900,1919.750,3
02:49:12.65200,1919.750,5
02:49:12.96000,1919.750,5
02:49:14.32400,1919.500,2
02:49:19.66400,1919.750,4
02:49:19.75000,1919.750,9
02:49:19.87500,1919.750,1
02:49:21.12500,1919.750,3
02:49:21.34300,1919.750,2
02:49:22.09300,1919.750,7
02:49:34.70300,1919.750,10
02:49:39.51100,1919.500,56
02:49:39.89000,1919.500,5
02:49:40.12500,1919.500,10
02:49:42.07400,1919.500,1
02:49:43.65200,1919.500,5
02:49:44.49600,1919.500,3
02:49:45.24200,1919.500,1
02:49:46.17100,1919.500,15
02:49:58.93700,1919.750,2
02:50:02.69900,1919.750,10
02:50:03.48400,1919.750,1
02:50:04.84700,1919.250,152
02:50:06.54600,1919.500,2
02:50:08.85900,1919.500,15
02:50:10.30400,1919.500,2
02:50:10.76900,1919.500,6
02:50:11.16400,1919.500,1
02:50:12.66400,1919.500,4
02:50:16.40600,1919.500,1
02:50:19.71000,1919.500,15
02:50:22.51500,1919.500,3
02:50:26.06200,1919.500,15
02:50:26.28900,1919.750,16
02:50:27.02300,1919.750,1
02:50:38.78900,1919.500,24
02:50:39.20700,1919.500,3
02:50:42.34300,1919.500,7
02:50:42.88600,1919.750,1
02:50:44.06200,1919.750,25
02:50:44.48000,1919.500,14
02:50:46.38600,1919.500,6
02:50:55.04200,1919.500,1
02:50:58.27700,1919.750,1
02:50:58.83900,1919.750,1
02:51:05.29200,1919.750,43
02:51:05.64400,1919.750,19
02:51:05.74600,1919.750,2
02:51:10.42100,1919.750,1
02:51:12.61300,1919.250,124
02:51:13.00700,1919.500,1
02:51:14.75700,1919.500,1
02:51:16.30400,1919.500,6
02:51:16.37500,1919.500,3
02:51:20.15200,1919.250,1
02:51:22.67900,1919.250,27
02:51:23.71800,1919.250,21
02:51:27.25000,1919.250,1
02:51:27.43300,1919.250,26
02:51:29.13200,1919.500,22
02:51:30.64400,1919.500,1
02:51:33.96000,1919.250,1
02:51:43.36700,1919.250,5
02:51:43.82400,1919.250,2
02:51:44.08900,1919.250,2
02:51:45.55800,1919.250,9
02:51:45.60100,1919.250,1
02:51:45.92100,1919.250,1
02:51:47.27300,1919.250,4
02:51:51.80000,1919.250,1
02:51:57.82000,1919.250,2
02:51:58.87500,1919.250,17
02:52:04.80800,1919.250,18
02:52:05.69900,1919.250,2
02:52:12.73800,1919.500,23
02:52:13.48800,1919.500,16
02:52:13.56600,1919.500,6
02:52:14.62500,1919.500,4
02:52:15.47200,1919.500,11
02:52:20.00000,1919.750,1
02:52:22.68700,1919.500,91
02:52:27.96800,1919.500,1
02:52:30.04200,1919.500,37
02:52:30.43700,1919.500,3
02:52:30.78900,1919.500,4
02:52:33.25000,1919.250,3
02:52:35.36300,1919.250,3
02:52:40.12100,1919.250,106
02:52:41.19900,1919.000,11
02:52:46.80400,1919.250,19
02:52:51.14400,1919.250,6
02:52:52.63600,1919.250,4
02:53:08.43700,1919.250,10
02:53:12.14000,1919.250,6
02:53:31.46000,1919.250,1
02:53:35.14800,1919.250,97
02:53:35.71400,1919.250,3
02:53:36.77700,1919.250,22
02:53:37.19100,1919.500,1
02:53:44.58500,1919.250,25
02:53:47.41400,1919.000,46
02:53:47.61700,1919.000,18
02:53:48.25300,1919.000,5
02:53:51.49600,1919.000,1
02:53:52.35900,1919.000,16
02:53:55.90600,1919.000,3
02:54:11.91400,1918.750,20
02:54:12.47200,1918.750,16
02:54:13.50000,1918.750,1
02:54:14.43700,1918.750,15
02:54:14.70700,1918.750,1
02:54:15.15200,1918.750,18
02:54:16.27300,1918.750,9
02:54:17.60500,1918.750,1
02:54:20.06200,1919.000,35
02:54:20.44100,1919.250,15
02:54:20.88600,1919.000,1
02:54:23.65600,1919.000,20
02:54:25.84700,1919.000,14
02:54:26.60100,1919.000,3
02:54:32.61700,1919.000,1
02:54:40.16700,1919.000,10
02:54:41.87800,1919.000,27
02:54:46.45300,1919.000,2
02:54:47.76100,1919.000,82
02:54:49.36300,1918.750,3
02:54:53.08900,1919.000,10
02:54:56.92500,1918.750,1
02:54:58.78500,1918.750,18
02:54:59.06200,1918.750,1
02:54:59.31600,1918.750,20
02:55:06.56200,1918.750,12
02:55:08.90200,1919.000,16
02:55:09.25700,1919.000,4
02:55:09.91000,1919.000,30
02:55:12.28500,1919.000,1
02:55:13.30000,1918.750,1
02:55:14.28900,1919.000,1
02:55:20.19100,1918.750,5
02:55:21.66000,1918.500,84
02:55:24.53500,1918.750,7
02:55:25.27300,1918.750,12
02:55:27.30000,1918.750,11
02:55:35.31600,1918.750,1
02:55:38.90600,1918.750,2
02:55:48.67100,1918.500,84
02:55:50.29200,1918.500,26
02:55:50.41700,1918.500,6
02:55:50.61700,1918.500,1
02:55:50.88600,1918.500,13
02:55:51.26500,1918.250,8
02:55:51.41000,1918.250,3
02:55:52.07000,1918.250,1
02:55:54.94500,1918.500,11
02:55:55.49600,1918.500,3
02:55:57.04200,1918.250,1
02:55:57.39400,1918.250,1
02:56:04.58200,1918.750,116
02:56:06.10900,1918.750,1
02:56:06.29200,1918.750,9
02:56:09.42900,1918.500,1
02:56:11.01500,1918.500,2
02:56:14.25300,1918.750,43
02:56:19.82800,1919.000,88
02:56:20.17500,1919.000,102
02:56:28.45300,1918.750,5
02:56:31.25700,1918.750,10
02:56:33.23000,1918.750,3
02:56:44.15200,1918.750,10
02:56:44.82800,1918.750,2
02:56:49.19100,1919.000,24
02:56:50.91400,1919.000,8
02:56:53.51900,1919.000,15
02:56:55.47600,1919.000,4
02:57:07.46000,1918.750,24
02:57:09.43700,1918.750,8
02:57:11.00300,1918.750,1
02:57:13.12100,1918.750,1
02:57:17.12100,1919.000,88
02:57:17.30800,1919.000,10
02:57:17.93300,1918.750,6
02:57:20.14000,1919.000,9
02:57:24.64800,1919.000,14
02:57:24.85500,1919.000,2
02:57:29.63600,1919.000,1
02:57:29.73000,1919.000,30
02:57:31.19100,1919.000,2
02:57:34.80400,1919.000,7
02:57:37.60900,1919.000,2
02:57:41.30400,1919.000,10
02:57:44.21400,1919.000,5
02:57:44.55800,1918.750,3
02:57:46.11700,1918.750,14
02:57:48.28100,1918.750,25
02:57:53.64000,1918.750,25
02:58:03.76900,1919.000,25
02:58:04.43700,1919.000,14
02:58:18.51500,1919.000,1
02:58:25.00700,1919.000,2
02:58:25.34300,1919.250,58
02:58:25.42100,1919.250,1
02:58:30.18700,1919.000,2
02:58:31.78900,1919.250,3
02:58:34.03100,1919.000,1
02:58:39.59700,1919.000,3
02:58:40.72200,1919.250,2
02:58:43.70300,1919.000,1
02:58:53.49200,1919.000,23
02:58:54.89800,1918.750,1
02:58:58.19500,1918.750,10
02:59:06.77300,1918.750,110
02:59:07.08200,1918.750,4
02:59:07.58500,1918.750,29
02:59:07.75000,1918.750,2
02:59:12.02700,1918.750,5
02:59:12.16400,1918.750,59
02:59:19.60500,1918.500,14
02:59:22.00300,1918.500,4
02:59:24.00300,1918.500,3
02:59:30.29200,1918.750,14
02:59:31.49200,1919.000,5
02:59:32.10900,1918.750,1
02:59:36.39000,1918.750,1
02:59:40.16000,1918.750,13
02:59:41.31600,1918.750,1
02:59:41.53500,1918.750,3
02:59:41.77700,1918.750,5
02:59:42.62800,1918.750,1
02:59:43.01100,1918.750,17
02:59:47.19900,1918.750,3
02:59:50.57400,1918.750,10
02:59:53.16000,1918.750,10
02:59:53.90600,1918.500,1
02:59:54.23400,1918.500,2
02:59:55.24600,1918.500,1
02:59:57.19500,1918.500,25
02:59:57.20300,1918.500,27
02:59:57.94500,1918.500,10
02:59:59.47200,1918.250,20
02:59:59.67500,1918.250,10
