21:00:09.13200,1931.750,0
21:00:09.28900,1931.750,1
21:00:10.26900,1932.000,1
21:00:14.22200,1931.500,3
21:00:14.44500,1931.750,2
21:00:15.47600,1931.750,1
21:00:22.17500,1931.500,41
21:00:24.92100,1931.750,1
21:00:39.82400,1931.500,8
21:00:42.28500,1931.500,1
21:00:47.85900,1931.500,2
21:00:48.62800,1931.500,5
21:00:51.24200,1931.500,5
21:00:51.71400,1931.500,5
21:00:53.82800,1931.500,1
21:00:57.17900,1931.500,1
21:00:57.37100,1931.500,21
21:00:57.86700,1931.500,7
21:00:58.42500,1931.500,1
21:00:59.29600,1931.250,5
21:01:04.81600,1931.500,4
21:01:25.19900,1931.750,18
21:01:29.34300,1931.750,1
21:01:33.07800,1931.750,1
21:01:38.97200,1931.750,1
21:01:44.10900,1931.750,1
21:01:51.54600,1931.750,1
21:01:56.70300,1931.750,2
21:02:08.12800,1932.000,2
21:02:13.12500,1932.000,26
21:02:14.82400,1932.000,12
21:02:15.79200,1932.000,5
21:02:16.76900,1932.000,5
21:02:17.77300,1932.000,1
21:02:20.09300,1932.000,1
21:02:21.07800,1932.000,4
21:02:29.16000,1932.000,18
21:02:30.47600,1932.000,2
21:02:31.04600,1932.250,1
21:02:36.38600,1932.250,2
21:02:41.83900,1932.250,1
21:02:49.97200,1932.250,46
21:02:55.09300,1932.250,4
21:02:55.35100,1932.250,7
21:03:15.88600,1932.250,3
21:03:17.24200,1932.500,2
21:03:23.47200,1932.250,1
21:03:32.76500,1932.250,1
21:03:37.23000,1932.250,1
21:03:45.75000,1932.250,1
21:03:55.69500,1932.250,2
21:03:59.14400,1932.250,18
21:04:05.57800,1932.000,2
21:04:10.26100,1932.000,1
21:04:10.54600,1932.250,11
21:04:13.94100,1932.250,1
21:04:18.03100,1932.500,1
21:04:22.94100,1932.500,2
21:04:30.26500,1932.500,2
21:04:32.48400,1932.500,1
21:04:33.11700,1932.250,1
21:04:53.42100,1932.500,4
21:04:56.23000,1932.250,1
21:04:57.75700,1932.500,2
21:04:59.11700,1932.250,2
21:04:59.96800,1932.500,1
21:05:05.84700,1932.500,89
21:05:08.33900,1932.500,10
21:05:09.50300,1932.500,58
21:05:12.19500,1932.500,77
21:05:12.27300,1932.500,28
21:05:12.59300,1932.500,29
21:05:14.70300,1932.500,1
21:05:16.46000,1932.500,1
21:05:19.22600,1932.500,96
21:05:19.40600,1932.500,6
21:05:19.71000,1932.500,2
21:05:23.58200,1932.500,6
21:05:27.49200,1932.500,5
21:05:29.26900,1932.250,1
21:05:35.12800,1932.500,5
21:05:39.33500,1932.250,37
21:05:40.20700,1932.250,3
21:05:42.64800,1932.000,1
21:05:42.84300,1932.000,26
21:05:43.83200,1932.000,6
21:05:44.57400,1932.000,1
21:05:44.92100,1932.000,9
21:05:45.60900,1932.000,1
21:05:52.39800,1932.250,2
21:05:58.64400,1932.250,1
21:05:59.08900,1932.250,9
21:06:17.19900,1932.500,7
21:06:20.69900,1932.500,1
21:06:24.07400,1932.250,10
21:06:25.50700,1932.500,1
21:06:30.51900,1932.250,1
21:06:44.83900,1932.250,1
21:06:48.48000,1932.250,4
21:07:02.64800,1932.250,5
21:07:08.64000,1932.250,2
21:07:17.66000,1932.250,2
21:07:23.07400,1932.250,1
21:07:30.60500,1932.500,5
21:07:36.26500,1932.500,1
21:07:44.40600,1932.250,1
21:07:51.42900,1932.500,1
21:07:54.62500,1932.500,2
21:07:58.23800,1932.500,1
21:07:58.87100,1932.500,1
21:07:59.70300,1932.500,1
21:08:00.21000,1932.500,14
21:08:09.77700,1932.500,1
21:08:10.78900,1932.500,10
21:08:12.37500,1932.250,1
21:08:12.82000,1932.500,1
21:08:19.05800,1932.250,34
21:08:20.23000,1932.250,9
21:08:20.62800,1932.250,1
21:08:21.75300,1932.250,7
21:08:22.00300,1932.250,3
21:08:25.49200,1932.250,5
21:08:27.59300,1932.250,5
21:08:34.40200,1932.250,10
21:08:36.11700,1932.250,3
21:08:36.57400,1932.250,8
21:08:37.08200,1932.250,24
21:08:38.00300,1932.250,13
21:08:39.00300,1932.250,23
21:08:50.68700,1932.000,33
21:08:51.00300,1932.000,2
21:08:53.73800,1932.000,1
21:08:57.11300,1931.750,5
21:08:59.69100,1931.750,45
21:09:00.69500,1931.750,8
21:09:01.87500,1932.000,18
21:09:03.38200,1931.750,1
21:09:08.44900,1932.000,1
21:09:14.53500,1932.000,1
21:09:14.90200,1931.750,8
21:09:18.30000,1931.750,1
21:09:41.76500,1931.750,1
21:09:42.23800,1931.750,5
21:09:50.25000,1932.000,12
21:10:03.24600,1931.750,56
21:10:08.22200,1931.750,1
21:10:09.08900,1931.500,5
21:10:14.48000,1931.500,2
21:10:14.96000,1931.500,8
21:10:20.09700,1931.500,1
21:10:32.57000,1931.750,17
21:10:36.71000,1932.000,2
21:10:38.82400,1931.750,1
21:10:45.42100,1932.000,21
21:10:47.76900,1932.000,1
21:10:56.56600,1932.250,1
21:10:58.08500,1932.250,1
21:11:09.21000,1932.250,5
21:11:14.89000,1932.250,2
21:11:15.87100,1932.250,1
21:11:17.05000,1932.250,12
21:11:20.76100,1932.500,4
21:11:22.15600,1932.500,1
21:11:23.88200,1932.250,1
21:11:28.89400,1932.500,1
21:11:43.94100,1932.250,1
21:12:08.48000,1932.500,6
21:12:12.08500,1932.500,1
21:12:20.71000,1932.500,1
21:12:27.47600,1932.250,1
21:12:37.53500,1932.250,1
21:12:52.51900,1932.250,1
21:12:57.94500,1932.500,1
21:13:05.22200,1932.500,38
21:13:13.96800,1932.750,36
21:13:20.51500,1933.000,27
21:13:22.75000,1933.000,1
21:13:27.10500,1932.750,5
21:13:28.62500,1932.750,5
21:13:29.60100,1933.000,1
21:13:30.28900,1932.750,1
21:13:36.70700,1932.750,1
21:13:38.25300,1932.750,3
21:13:38.58500,1932.750,2
21:13:43.37800,1932.750,1
21:13:43.85900,1932.750,1
21:13:47.38200,1933.000,2
21:13:49.80000,1933.000,1
21:13:50.35500,1933.000,1
21:13:50.84700,1932.750,1
21:13:53.26900,1933.000,1
21:13:57.28100,1932.750,1
21:13:58.25000,1932.750,1
21:14:02.23400,1933.000,6
21:14:05.57400,1933.000,1
21:14:08.08500,1933.000,1
21:14:11.87100,1933.000,2
21:14:12.08200,1933.000,1
21:14:13.45700,1933.000,1
21:14:16.51900,1933.000,86
21:14:17.59300,1933.000,1
21:14:17.83900,1933.000,1
21:14:18.20700,1932.750,5
21:14:19.35500,1932.750,14
21:14:22.15600,1933.000,1
21:14:22.88200,1932.750,1
21:14:25.46000,1932.750,5
21:14:27.93300,1932.500,1
21:14:44.24600,1932.750,15
21:14:53.26500,1932.500,1
21:14:57.05400,1932.750,4
21:15:00.23800,1932.500,3
21:15:00.56600,1932.500,1
21:15:05.36300,1932.500,7
21:15:10.69100,1932.500,30
21:15:10.81600,1932.500,2
21:15:11.14800,1932.250,11
21:15:13.81200,1932.500,1
21:15:24.28900,1932.500,13
21:15:24.43700,1932.500,2
21:15:38.35100,1932.500,4
21:15:47.28900,1932.250,5
21:15:55.85100,1932.500,75
21:15:56.40200,1932.250,19
21:16:10.70700,1932.500,3
21:16:19.58500,1932.500,1
21:16:25.67500,1932.500,1
21:16:38.24600,1932.250,5
21:16:38.41700,1932.250,4
21:16:41.55000,1932.500,2
21:16:45.78100,1932.250,7
21:16:49.23000,1932.500,1
21:17:02.09700,1932.250,2
21:17:17.12100,1932.250,2
21:17:35.93700,1932.250,39
21:17:43.26500,1932.000,1
21:17:48.77300,1932.000,2
21:18:09.62500,1932.000,20
21:18:10.13600,1932.000,3
21:18:11.26500,1932.000,1
21:18:11.81200,1932.000,10
21:18:12.26900,1932.000,1
21:18:15.50300,1931.750,2
21:18:22.41700,1931.750,1
21:18:22.52700,1931.750,1
21:18:23.77700,1932.000,14
21:18:24.60100,1932.000,1
21:18:31.90600,1932.000,2
21:18:36.17900,1932.000,1
21:18:39.74600,1932.000,1
21:18:44.55800,1932.000,1
21:18:45.80800,1932.000,6
21:18:52.33200,1932.000,10
21:18:58.53900,1931.750,5
21:19:07.83200,1932.250,7
21:19:08.85900,1932.250,3
21:19:11.57000,1932.000,14
21:19:13.33500,1932.000,2
21:19:16.67900,1932.000,1
21:19:16.91000,1932.000,1
21:19:24.59700,1932.000,5
21:19:27.84700,1932.000,15
21:19:28.88600,1932.000,4
21:19:30.72200,1931.750,1
21:19:33.87100,1931.750,3
21:19:44.88200,1932.000,6
21:19:55.59300,1932.000,5
21:19:56.59700,1932.000,1
21:19:58.32400,1932.250,1
21:20:13.01900,1932.000,7
21:20:19.64800,1932.000,11
21:20:36.74200,1932.000,2
21:20:36.80800,1932.000,1
21:20:37.08500,1932.000,1
21:20:43.01100,1932.000,1
21:20:44.96400,1932.000,2
21:20:48.40200,1932.000,3
21:20:57.32800,1932.000,1
21:21:10.94900,1932.250,10
21:21:13.85900,1932.000,5
21:21:14.00000,1932.000,6
21:21:24.73000,1932.000,1
21:21:30.15600,1931.750,2
21:21:39.57400,1932.000,5
21:21:45.25700,1932.000,6
21:21:45.47200,1932.000,1
21:21:50.95300,1932.000,1
21:22:08.36700,1932.000,7
21:22:08.65600,1932.000,3
21:22:20.56200,1932.000,1
21:22:27.05800,1932.000,1
21:22:33.94100,1931.750,1
21:22:36.03100,1931.750,1
21:22:38.38200,1932.000,1
21:22:38.93700,1932.000,1
21:22:41.65200,1932.000,1
21:22:49.37100,1932.000,1
21:22:49.70300,1931.750,14
21:22:50.01500,1931.750,1
21:22:50.67900,1931.750,1
21:22:51.93700,1931.750,2
21:22:54.68700,1931.750,1
21:22:56.80000,1931.750,1
21:22:58.08500,1931.500,2
21:22:58.46000,1931.500,2
21:22:59.16700,1931.500,84
21:22:59.53500,1931.500,5
21:23:01.80800,1931.250,12
21:23:02.28100,1931.500,27
21:23:05.93700,1931.500,1
21:23:10.93300,1931.500,1
21:23:11.10100,1931.500,1
21:23:12.49600,1931.500,1
21:23:13.57000,1931.750,1
21:23:34.48000,1931.500,20
21:23:34.72600,1931.750,1
21:23:35.48000,1931.750,11
21:23:37.31600,1931.750,10
21:23:41.07000,1931.750,1
21:23:45.54200,1931.750,1
21:23:51.49200,1931.750,2
21:24:23.19900,1931.750,8
21:24:27.53500,1931.750,1
21:24:28.60900,1931.750,10
21:24:32.78100,1932.000,8
21:24:35.00700,1932.000,1
21:24:35.43700,1932.250,7
21:24:35.62800,1932.250,1
21:24:37.30400,1932.250,1
21:24:45.36700,1932.250,1
21:24:48.25300,1932.000,14
21:24:48.54200,1932.000,1
21:24:49.80400,1932.000,12
21:24:51.81600,1932.000,1
21:24:55.59700,1931.750,16
21:24:59.08900,1931.750,16
21:24:59.62800,1931.750,1
21:25:00.51100,1932.000,5
21:25:06.07800,1931.750,2
21:25:06.49200,1931.750,1
21:25:36.83900,1932.000,11
21:25:37.91000,1932.000,1
21:25:41.55400,1932.000,1
21:25:42.21800,1932.000,9
21:25:45.08500,1931.750,1
21:25:51.07400,1932.000,1
21:26:03.34300,1931.750,137
21:26:31.69500,1931.750,1
21:26:39.64400,1932.000,1
21:26:40.39000,1932.000,1
21:26:41.20700,1932.000,2
21:26:44.68700,1932.000,1
21:26:52.92900,1932.000,1
21:26:57.33900,1932.000,1
21:26:57.53500,1931.750,2
21:26:58.40200,1932.000,13
21:27:17.97200,1932.000,2
21:27:34.09700,1932.000,1
21:27:47.63200,1932.000,1
21:27:53.49200,1932.000,1
21:28:11.05800,1932.000,4
21:28:12.19900,1932.000,82
21:28:12.63600,1932.000,20
21:28:16.76500,1932.000,1
21:28:19.01100,1932.000,1
21:28:22.33500,1932.000,6
21:28:22.51500,1932.000,3
21:28:22.69100,1932.000,24
21:28:25.01100,1931.750,4
21:28:27.01500,1932.000,1
21:28:33.45300,1932.000,1
21:28:44.26100,1932.000,1
21:28:47.43700,1932.000,1
21:29:22.48800,1931.750,11
21:29:28.03500,1932.000,2
21:29:31.19900,1932.000,5
21:29:35.28500,1932.000,1
21:29:40.04200,1932.000,5
21:29:42.84700,1931.750,2
21:29:43.25300,1931.750,58
21:29:47.63600,1931.750,4
21:29:48.63600,1931.750,7
21:29:55.14000,1931.500,3
21:29:57.19100,1931.750,10
21:30:00.02300,1931.500,107
21:30:00.51100,1931.500,1
21:30:01.93300,1931.250,20
21:30:03.39400,1931.250,14
21:30:03.56600,1931.250,4
21:30:07.79200,1931.250,34
21:30:14.35100,1931.000,13
21:30:16.85500,1931.000,1
21:30:18.23000,1931.250,7
21:30:32.30400,1931.250,2
21:30:32.55400,1931.250,10
21:30:36.33500,1931.250,1
21:30:36.46400,1931.250,1
21:30:50.21400,1931.250,1
21:30:53.62100,1931.250,1
21:30:57.08500,1931.250,1
21:30:57.64800,1931.250,1
21:30:58.27300,1931.500,3
21:31:07.60900,1931.500,6
21:31:09.26900,1931.500,1
21:31:10.95700,1931.500,1
21:31:13.53100,1931.500,1
21:31:24.82800,1931.500,14
21:31:33.35500,1931.750,2
21:31:34.76900,1931.750,3
21:31:39.60500,1931.000,235
21:31:39.82000,1931.000,25
21:31:40.35500,1931.000,1
21:31:40.62100,1931.000,1
21:31:41.11700,1931.000,2
21:31:42.71800,1931.000,10
21:31:43.09300,1931.000,1
21:31:43.79600,1931.250,1
21:31:47.38600,1931.000,1
21:31:50.78500,1931.000,23
21:31:50.87800,1931.000,7
21:31:51.46000,1931.000,3
21:31:52.00300,1930.750,2
21:31:54.78100,1930.750,1
21:31:56.12800,1931.000,1
21:32:03.32800,1931.000,2
21:32:18.55000,1931.000,1
21:32:24.10900,1931.000,1
21:32:31.01500,1931.000,1
21:32:31.96800,1930.750,1
21:32:33.59700,1930.750,1
21:32:37.38600,1930.750,1
21:32:38.32400,1930.750,1
21:32:48.61700,1930.750,50
21:32:50.21800,1930.500,2
21:32:52.53500,1930.500,10
21:32:56.96000,1930.750,3
21:32:57.89800,1930.500,1
21:32:58.25300,1930.750,3
21:33:04.53100,1930.750,13
21:33:07.55800,1930.750,2
21:33:11.83500,1930.750,5
21:33:15.34300,1930.750,1
21:33:24.30400,1930.750,4
21:33:24.37800,1930.750,1
21:33:24.54600,1930.750,2
21:33:25.71000,1930.750,3
21:33:26.68300,1930.750,8
21:33:27.82800,1931.000,1
21:33:30.33200,1930.750,1
21:33:32.72200,1930.500,1
21:33:34.78900,1930.750,3
21:33:40.23400,1930.500,1
21:33:41.30000,1930.750,6
21:33:52.53900,1930.750,1
21:34:03.32400,1930.500,207
21:34:04.40600,1930.750,1
21:34:04.71400,1930.500,1
21:34:06.16700,1930.750,1
21:34:13.45700,1930.750,1
21:34:14.92100,1930.500,1
21:34:19.27300,1930.500,9
21:34:19.87100,1930.500,1
21:34:21.00300,1930.500,1
21:34:21.24600,1930.500,12
21:34:21.64800,1930.750,1
21:34:33.91400,1930.500,62
21:34:36.55800,1930.500,1
21:34:36.74200,1930.500,1
21:34:37.12800,1930.500,1
21:34:37.81600,1930.250,8
21:34:40.18700,1930.500,6
21:34:41.44900,1930.500,1
21:34:42.57000,1930.500,1
21:34:43.01900,1930.500,2
21:34:44.01500,1930.500,1
21:34:44.71000,1930.500,1
21:34:45.85100,1930.500,1
21:34:47.29200,1930.500,1
21:34:47.92500,1930.500,1
21:34:49.09300,1930.500,1
21:34:50.44500,1930.500,1
21:34:52.72200,1930.500,1
21:34:53.32000,1930.500,115
21:34:58.56600,1930.750,1
21:35:03.56600,1930.500,3
21:35:10.80400,1930.500,40
21:35:22.72200,1930.500,2
21:35:24.44900,1930.500,20
21:35:28.04200,1930.500,2
21:35:29.11700,1930.500,3
21:35:31.30000,1930.500,1
21:35:37.44500,1930.500,1
21:35:46.40600,1930.750,1
21:35:48.54200,1930.750,14
21:35:48.94900,1930.750,4
21:35:50.11700,1930.750,2
21:35:52.23000,1930.750,1
21:35:53.27300,1930.750,20
21:36:30.25700,1930.750,12
21:36:40.25700,1930.750,10
21:36:42.37100,1931.000,1
21:36:44.59700,1931.000,1
21:36:51.27700,1930.750,1
21:36:53.57400,1930.750,1
21:36:55.68700,1931.000,1
21:37:10.67500,1930.750,2
21:37:29.28100,1930.750,3
21:37:31.88200,1931.000,1
21:37:36.55000,1931.000,1
21:37:36.75300,1930.750,1
21:37:47.62100,1931.000,18
21:38:04.96400,1931.250,2
21:38:15.35500,1931.000,19
21:38:19.40600,1931.000,2
21:38:28.27300,1931.000,4
21:38:30.82800,1931.000,53
21:39:08.32400,1931.000,3
21:39:09.56200,1931.000,1
21:39:14.26500,1931.000,1
21:39:25.24600,1931.000,1
21:39:31.80800,1931.000,1
21:39:38.29200,1931.000,56
21:39:38.37100,1931.000,13
21:39:52.82400,1931.000,5
21:39:55.60500,1931.000,1
21:40:00.31600,1931.000,16
21:40:00.51100,1931.250,2
21:40:00.69500,1931.000,1
21:40:01.10100,1931.000,1
21:40:04.39000,1931.000,60
21:40:05.93300,1931.000,6
21:40:13.87100,1931.000,1
21:40:16.15200,1930.750,1
21:40:16.52300,1930.750,32
21:40:16.68300,1930.750,1
21:40:23.54200,1931.000,1
21:40:32.91400,1931.000,1
21:40:36.86300,1931.000,1
21:40:43.05800,1931.000,3
21:40:51.39000,1931.000,1
21:40:52.40200,1931.000,2
21:40:53.17500,1931.000,1
21:41:03.26100,1931.000,9
21:41:09.74600,1931.000,1
21:41:12.39000,1931.000,1
21:41:12.62100,1931.000,1
21:41:13.03100,1931.000,1
21:41:15.91000,1931.000,1
21:41:16.85900,1931.000,1
21:41:18.60100,1930.750,78
21:41:19.44900,1930.750,8
21:41:23.04200,1930.750,10
21:41:24.37800,1930.750,5
21:41:26.16700,1930.750,10
21:41:31.32800,1930.750,1
21:41:32.82000,1930.750,1
21:41:35.29200,1930.750,1
21:41:35.55400,1930.750,18
21:41:35.93300,1930.750,1
21:41:36.51500,1930.250,286
21:41:43.68300,1930.250,1
21:41:46.03100,1930.250,200
21:41:46.27700,1930.250,6
21:41:46.51900,1930.000,7
21:41:46.85900,1930.250,2
21:41:47.32800,1930.000,1
21:41:47.49200,1930.000,2
21:41:47.88600,1930.250,1
21:41:48.94500,1930.000,30
21:41:49.70300,1930.000,21
21:41:50.21400,1929.750,20
21:41:50.21800,1930.000,2
21:41:50.49200,1930.000,3
21:41:50.59300,1929.750,1
21:41:50.92900,1930.000,2
21:41:51.10500,1930.000,2
21:41:53.63600,1930.000,5
21:41:54.80800,1930.000,2
21:41:55.37500,1929.750,6
21:41:56.14000,1930.000,1
21:41:56.39000,1929.750,1
21:41:56.50000,1930.000,2
21:41:56.92100,1930.000,1
21:41:58.50700,1930.000,2
21:41:59.01500,1930.000,1
21:41:59.33500,1930.000,35
21:42:01.03500,1930.250,2
21:42:04.26900,1930.000,1
21:42:06.01500,1930.000,3
21:42:06.85100,1930.000,1
21:42:11.56600,1930.000,1
21:42:12.19900,1930.000,1
21:42:16.92900,1930.000,1
21:42:18.66400,1930.250,17
21:42:20.02300,1930.250,1
21:42:22.08900,1930.250,5
21:42:23.05400,1930.250,4
21:42:23.97200,1930.250,5
21:42:25.03100,1930.250,5
21:42:26.05000,1930.250,1
21:42:28.56200,1930.250,5
21:42:30.19500,1930.250,1
21:42:34.01100,1930.250,1
21:42:40.06200,1930.250,3
21:42:42.12500,1930.250,1
21:42:42.74200,1930.250,1
21:42:43.73000,1930.250,1
21:42:44.18300,1930.250,7
21:42:44.50300,1930.000,1
21:42:44.77700,1930.250,2
21:42:49.35900,1930.250,20
21:42:50.59300,1930.250,1
21:42:55.26500,1930.000,2
21:43:02.46800,1930.250,2
21:43:04.12800,1930.250,1
21:43:06.28500,1930.250,1
21:43:06.89400,1930.250,10
21:43:07.22200,1930.000,4
21:43:07.66700,1930.250,7
21:43:08.75000,1930.500,8
21:43:15.03100,1930.500,4
21:43:15.28500,1930.500,7
21:43:21.97200,1930.250,1
21:43:27.39400,1930.500,17
21:43:29.30000,1930.500,1
21:43:33.24200,1930.500,2
21:43:33.48000,1930.500,2
21:43:37.13200,1930.500,2
21:43:41.13600,1930.500,1
21:43:51.40200,1930.500,1
21:43:57.77300,1930.250,69
21:44:01.09700,1930.250,3
21:44:08.42900,1930.250,2
21:44:09.78500,1930.250,10
21:44:10.78100,1930.250,1
21:44:11.73800,1930.250,1
21:44:13.58200,1930.250,12
21:44:14.38200,1930.250,1
21:44:15.23800,1930.250,1
21:44:18.58500,1930.250,2
21:44:20.75700,1930.250,3
21:44:22.35500,1930.250,3
21:44:22.48400,1930.250,1
21:44:23.08500,1930.250,35
21:44:23.82800,1930.000,64
21:44:24.17900,1930.250,1
21:44:32.79600,1930.250,4
21:44:33.76500,1930.250,23
21:44:37.13600,1930.250,5
21:44:38.59700,1930.250,2
21:44:39.08500,1930.250,1
21:44:42.11300,1930.250,1
21:44:43.28500,1930.250,5
21:44:43.72200,1930.250,1
21:44:44.55000,1930.250,2
21:44:45.88200,1930.000,5
21:44:51.23800,1930.250,1
21:44:52.32800,1930.250,1
21:44:53.80000,1930.250,2
21:44:56.24200,1930.250,1
21:44:57.03500,1930.250,16
21:44:59.92900,1930.250,1
21:45:01.33500,1930.250,6
21:45:01.89800,1930.250,1
21:45:04.81200,1930.250,2
21:45:05.16700,1930.250,1
21:45:06.50700,1930.250,7
21:45:19.24600,1930.250,1
21:45:24.37100,1930.500,2
21:45:24.87500,1930.250,1
21:45:26.46400,1930.500,4
21:45:27.07400,1930.250,31
21:45:27.42900,1930.250,1
21:45:30.31600,1930.500,7
21:45:31.96800,1930.500,54
21:45:34.77700,1930.500,1
21:45:35.52700,1930.500,8
21:45:46.33500,1930.750,2
21:45:57.52700,1930.750,1
21:45:57.94900,1930.500,3
21:45:58.54600,1930.750,5
21:46:02.19900,1930.750,7
21:46:05.67100,1930.750,4
21:46:08.24600,1930.750,3
21:46:08.37500,1931.000,1
21:46:10.04200,1930.500,1
21:46:12.19900,1930.750,4
21:46:18.03500,1930.750,1
21:46:21.09300,1931.000,2
21:46:23.21400,1931.000,1
21:46:25.66400,1931.000,1
21:46:26.25300,1931.000,1
21:46:28.59300,1931.000,1
21:46:29.79600,1930.750,1
21:46:56.31200,1931.000,1
21:46:58.95700,1931.000,1
21:47:02.33200,1930.750,3
21:47:04.23800,1931.000,3
21:47:07.84300,1931.000,1
21:47:08.86300,1931.000,2
21:47:15.56600,1931.000,1
21:47:22.22600,1931.000,11
21:47:24.68700,1931.000,2
21:47:26.53900,1931.000,17
21:47:35.72600,1931.250,3
21:47:35.80400,1931.250,1
21:47:40.30000,1931.250,1
21:47:40.82800,1931.250,6
21:47:41.53900,1931.000,19
21:47:43.71400,1931.000,6
21:47:44.19900,1931.000,1
21:47:44.67900,1931.000,1
21:47:46.95300,1931.000,2
21:47:49.25300,1931.000,3
21:47:50.19100,1931.000,1
21:47:58.82000,1931.250,1
21:48:05.65200,1931.250,63
21:48:06.08900,1931.250,8
21:48:06.74200,1931.250,2
21:48:09.41700,1931.250,6
21:48:10.16700,1931.250,4
21:48:10.73800,1931.250,1
21:48:13.26900,1931.250,1
21:48:19.84300,1931.250,4
21:48:21.61300,1931.250,7
21:48:23.69900,1931.250,1
21:48:25.26500,1931.250,2
21:48:27.54200,1931.250,10
21:48:32.54200,1931.250,12
21:48:37.54600,1931.250,2
21:48:43.96800,1931.250,25
21:48:44.44500,1931.250,1
21:48:50.67900,1931.250,1
21:48:58.09700,1931.000,6
21:48:59.85500,1931.000,16
21:49:04.25300,1930.750,11
21:49:06.13200,1931.000,1
21:49:09.69100,1931.000,7
21:49:09.93700,1931.000,3
21:49:10.47200,1931.000,4
21:49:11.81600,1931.000,1
21:49:22.05000,1931.250,1
21:49:22.67900,1931.000,1
21:49:24.69900,1931.000,1
21:49:26.50700,1931.250,2
21:49:29.00700,1931.000,1
21:49:30.31600,1931.000,1
21:49:30.51900,1931.250,18
21:49:36.96400,1931.250,3
21:49:52.74600,1931.250,9
21:49:55.50700,1931.250,1
21:49:58.51100,1931.250,14
21:50:00.73800,1931.500,3
21:50:03.31200,1931.250,11
21:50:06.63200,1931.250,10
21:50:06.92100,1931.250,1
21:50:07.17100,1931.250,1
21:50:09.10900,1931.500,1
21:50:11.32800,1931.250,1
21:50:14.75300,1931.500,1
21:50:14.94100,1931.500,1
21:50:15.15600,1931.500,1
21:50:20.14800,1931.500,28
21:50:20.45300,1931.500,7
21:50:23.91400,1931.500,1
21:50:28.15600,1931.750,12
21:50:37.07000,1931.500,1
21:50:41.85500,1931.500,1
21:50:50.91700,1931.500,1
21:50:59.74600,1931.500,10
21:51:12.90200,1931.750,42
21:51:14.78100,1931.750,1
21:51:18.92100,1931.750,8
21:51:21.72600,1931.750,1
21:51:22.53100,1931.750,1
21:51:22.92500,1931.750,2
21:51:32.37500,1931.750,10
21:51:37.70300,1931.750,2
21:51:39.83500,1931.500,13
21:51:39.89400,1931.500,1
21:51:40.28900,1931.750,4
21:51:40.56600,1931.500,1
21:51:41.08500,1931.750,2
21:51:42.55400,1931.500,1
21:51:49.38600,1931.500,20
21:51:50.08200,1931.500,1
21:51:52.26500,1931.500,1
21:51:52.64000,1931.500,1
21:51:52.80000,1931.500,1
21:51:56.04600,1931.500,1
21:52:05.32000,1931.500,7
21:52:05.59700,1931.250,2
21:52:06.82400,1931.250,1
21:52:08.55400,1931.250,3
21:52:13.84700,1931.250,2
21:52:15.58500,1931.250,2
21:52:18.41400,1931.500,1
21:52:18.64000,1931.500,5
21:52:26.95700,1931.750,17
21:52:31.08200,1931.750,8
21:52:35.89800,1932.000,5
21:52:39.72600,1931.750,1
21:52:41.05800,1932.000,1
21:52:41.89800,1931.750,7
21:52:43.41000,1931.750,8
21:52:44.44100,1931.750,8
21:52:50.48400,1931.750,3
21:52:51.83200,1932.000,1
21:53:01.29200,1931.750,40
21:53:16.80400,1932.000,2
21:53:21.75000,1931.750,14
21:53:33.82800,1931.750,1
21:53:50.70300,1931.500,7
21:53:55.63200,1931.500,9
21:53:59.92500,1931.500,1
21:54:03.00300,1931.500,4
21:54:06.22600,1931.750,20
21:54:27.21000,1931.500,4
21:54:27.87800,1931.500,1
21:54:30.41000,1931.250,14
21:54:30.59700,1931.250,2
21:54:31.73000,1931.250,12
21:54:31.77700,1931.250,4
21:54:34.53900,1931.250,28
21:54:42.77300,1931.250,2
21:54:47.83500,1931.250,7
21:55:00.23800,1931.000,3
21:55:00.70700,1931.000,10
21:55:07.01500,1931.250,4
21:55:07.61700,1931.250,1
21:55:14.77700,1931.500,3
21:55:16.24200,1931.500,1
21:55:20.86300,1931.500,1
21:55:22.69900,1931.500,1
21:55:31.84700,1931.500,13
21:55:34.08200,1931.250,25
21:55:34.79200,1931.250,10
21:55:35.16400,1931.250,3
21:55:35.72600,1931.250,4
21:55:43.58900,1931.250,2
21:55:44.60900,1931.000,2
21:56:00.48400,1931.000,87
21:56:02.13600,1931.000,4
21:56:03.07400,1931.000,1
21:56:03.35500,1931.000,2
21:56:05.81600,1931.000,81
21:56:15.23800,1931.000,1
21:56:15.90600,1931.000,19
21:56:20.86300,1931.000,1
21:56:26.23000,1931.000,19
21:56:27.07800,1931.000,22
21:56:32.69500,1931.000,1
21:56:40.81200,1931.000,1
21:56:41.08200,1931.000,11
21:56:48.28500,1931.000,11
21:56:48.63600,1931.250,4
21:56:48.75300,1931.000,2
21:57:07.18300,1931.250,3
21:57:08.30400,1931.250,1
21:57:14.44500,1931.000,47
21:57:24.60100,1931.250,5
21:57:34.86700,1931.250,14
21:57:35.10100,1931.250,1
21:57:42.57800,1931.250,5
21:58:07.96400,1931.250,16
21:58:08.96000,1931.250,1
21:58:11.16700,1931.500,1
21:58:13.70300,1931.250,1
21:58:29.83200,1931.250,1
21:58:35.67500,1931.250,17
21:58:40.52300,1931.250,2
21:58:43.53100,1931.250,3
21:59:17.80400,1931.250,2
21:59:31.78500,1931.500,121
21:59:38.42900,1931.500,4
21:59:44.58200,1931.750,4
21:59:44.80400,1931.750,11
21:59:49.74600,1931.500,11
21:59:52.23000,1931.500,10
21:59:52.51100,1931.500,1
21:59:55.32000,1931.500,2
21:59:59.96800,1931.250,1
22:00:00.65600,1931.500,0
22:00:01.88600,1931.500,3
22:00:14.74600,1931.500,1
22:00:16.94500,1931.250,2
22:00:17.51500,1931.500,1
22:00:21.38600,1931.500,21
22:00:23.82400,1931.500,5
22:00:25.94500,1931.500,2
22:00:43.10500,1931.500,1
22:00:49.45300,1931.250,3
22:00:58.74200,1931.250,1
22:01:05.76500,1931.250,29
22:01:06.65600,1931.250,1
22:01:07.01500,1931.250,4
22:01:07.32000,1931.250,6
22:01:07.52700,1931.250,2
22:01:11.30800,1931.250,1
22:01:12.85900,1931.250,1
22:01:22.14400,1931.000,11
22:01:26.48400,1931.250,1
22:01:27.91400,1931.000,8
22:01:30.32000,1931.250,1
22:01:32.12800,1931.000,31
22:01:33.55000,1931.250,1
22:01:40.07400,1931.000,1
22:01:41.91400,1931.000,17
22:01:43.64000,1931.000,1
22:02:13.57000,1931.000,3
22:02:19.13600,1931.000,54
22:02:21.03900,1930.750,4
22:02:23.89800,1930.750,5
22:02:24.43300,1931.000,1
22:02:25.21000,1930.750,1
22:02:31.08500,1931.000,1
22:02:31.26900,1930.750,38
22:02:31.30800,1931.000,2
22:02:32.06600,1931.000,2
22:02:34.56200,1931.000,1
22:02:35.55400,1930.750,11
22:02:40.55800,1930.750,10
22:02:46.25300,1931.000,1
22:02:46.64000,1931.000,4
22:02:53.63200,1931.000,22
22:02:59.46800,1931.250,2
22:03:07.03900,1931.000,7
22:03:08.13200,1931.000,1
22:03:09.77300,1931.000,10
22:03:18.82000,1931.000,5
22:03:20.47600,1931.250,1
22:03:30.80400,1931.250,1
22:03:33.33500,1931.250,23
22:03:36.33900,1931.250,3
22:03:39.83200,1931.250,1
22:03:40.43300,1931.250,11
22:03:44.58900,1931.500,11
22:03:46.72600,1931.500,8
22:03:48.20300,1931.500,2
22:03:49.53100,1931.500,2
22:03:58.82800,1931.750,5
22:04:03.79200,1931.500,4
22:04:03.89400,1931.750,1
22:04:05.69500,1931.500,3
22:04:08.91700,1931.500,1
22:04:14.92100,1931.500,1
22:04:25.39800,1931.500,1
22:04:25.72600,1931.500,6
22:04:45.35100,1931.750,2
22:04:51.75300,1931.500,1
22:04:57.01100,1931.750,1
22:04:58.90600,1931.750,112
22:05:00.51500,1931.500,10
22:05:04.97200,1931.750,1
22:05:09.11700,1931.750,1
22:05:13.88600,1931.750,1
22:05:15.37800,1931.750,2
22:05:34.72200,1931.750,1
22:05:40.31200,1931.500,1
22:05:41.85900,1931.750,52
22:05:44.26900,1931.750,3
22:05:45.24600,1931.750,3
22:05:45.82000,1931.750,5
22:05:53.54200,1931.750,1
22:05:55.10100,1931.750,1
22:05:56.43700,1931.750,1
22:06:04.70300,1931.750,59
22:06:07.19100,1931.500,1
22:06:09.04200,1931.750,7
22:06:10.55800,1931.750,1
22:06:16.56200,1931.500,3
22:06:23.60900,1931.750,1
22:06:25.91400,1931.500,1
22:06:48.03900,1931.500,119
22:07:08.51100,1931.500,16
22:07:09.39400,1931.500,3
22:07:12.10900,1931.500,2
22:07:13.82800,1931.500,1
22:07:33.46800,1931.250,31
22:07:38.92500,1931.250,7
22:07:58.43300,1931.250,1
22:08:24.73000,1931.250,2
22:08:27.93300,1931.500,1
22:08:29.64000,1931.250,5
22:08:36.33200,1931.250,1
22:08:37.90600,1931.000,1
22:08:45.01900,1931.000,54
22:08:50.57800,1931.000,8
22:08:52.78900,1930.750,2
22:08:53.33900,1931.000,1
22:09:04.13600,1931.000,17
22:09:04.55000,1931.000,1
22:09:30.13600,1930.750,38
22:09:32.26900,1930.750,1
22:09:33.07800,1930.750,1
22:09:36.25000,1930.750,1
22:09:36.65600,1930.750,1
22:09:38.58200,1930.750,1
22:09:40.91400,1930.750,1
22:09:42.26900,1930.750,1
22:09:44.66700,1930.750,2
22:09:45.51500,1930.750,1
22:09:53.60500,1930.750,24
22:09:54.75000,1930.750,1
22:09:56.64400,1930.750,1
22:09:56.96800,1930.500,6
22:09:59.61300,1930.500,5
22:10:04.72600,1930.500,3
22:10:07.14400,1930.500,86
22:10:08.10500,1930.500,2
22:10:09.22200,1930.500,1
22:10:10.06200,1930.500,1
22:10:13.28500,1930.500,20
22:10:13.41000,1930.500,2
22:10:13.79600,1930.750,5
22:10:14.47600,1930.750,1
22:10:14.94100,1930.500,5
22:10:15.84300,1930.500,5
22:10:17.67500,1930.500,1
22:10:18.76100,1930.500,1
22:10:19.17500,1930.500,3
22:10:19.35500,1930.750,1
22:10:20.38600,1930.250,2
22:10:23.29200,1930.250,1
22:10:32.02300,1930.250,7
22:10:33.90200,1930.500,1
22:10:37.03500,1930.500,1
22:10:39.33200,1930.500,1
22:10:40.85100,1930.250,1
22:10:44.58200,1930.250,1
22:10:46.76900,1930.500,16
22:10:47.69500,1930.500,7
22:10:51.45700,1930.500,1
22:10:52.47600,1930.250,1
22:10:56.73400,1930.500,5
22:10:56.83500,1930.500,4
22:10:59.33200,1930.500,1
22:11:03.39800,1930.500,2
22:11:05.92500,1930.500,1
22:11:13.19500,1930.500,1
22:11:15.56600,1930.500,1
22:11:15.91000,1930.500,1
22:11:18.00000,1930.250,1
22:11:18.77700,1930.500,17
22:11:19.03900,1930.500,1
22:11:22.73800,1930.500,6
22:11:25.58900,1930.500,1
22:11:39.07000,1930.500,10
22:11:39.61300,1930.500,1
22:11:52.78500,1930.750,1
22:12:12.89000,1930.500,5
22:12:14.39400,1930.500,2
22:12:16.87500,1930.500,3
22:12:17.16400,1930.500,2
22:12:21.30400,1930.500,1
22:12:30.68300,1930.500,3
22:12:35.71000,1930.500,1
22:12:41.27300,1930.250,5
22:12:41.62100,1930.500,1
22:12:44.27700,1930.500,1
22:12:45.60100,1930.250,1
22:12:52.44100,1930.500,11
22:12:53.03100,1930.500,1
22:13:07.75000,1930.750,72
22:13:08.50300,1930.500,16
22:13:11.66700,1930.500,15
22:13:14.56600,1930.750,1
22:13:25.96400,1930.500,50
22:13:33.42900,1930.500,48
22:13:37.62100,1930.500,25
22:13:38.09300,1930.500,2
22:13:44.68300,1930.500,15
22:13:49.89400,1930.500,1
22:13:52.18300,1930.500,2
22:13:55.89000,1930.250,12
22:14:06.35100,1930.500,6
22:14:08.55800,1930.500,1
22:14:17.74200,1930.500,10
22:14:19.64800,1930.500,3
22:14:20.10100,1930.500,2
22:14:26.95700,1930.500,1
22:14:28.50000,1930.500,1
22:14:32.16700,1930.500,7
22:14:57.11300,1930.250,2
22:14:57.31600,1930.250,2
22:14:59.05800,1930.250,1
22:15:01.85100,1930.250,3
22:15:07.48000,1930.250,1
22:15:07.85100,1930.250,48
22:15:13.00700,1930.000,4
22:15:13.23000,1930.250,14
22:15:13.44500,1930.250,3
22:15:15.57000,1930.250,1
22:15:16.70700,1930.250,1
22:15:18.17100,1930.250,9
22:15:24.32000,1930.250,5
22:15:25.90200,1930.250,9
22:15:26.33200,1930.250,1
22:15:27.30000,1930.250,1
22:15:34.40600,1930.250,2
22:15:44.55400,1930.250,4
22:15:45.80800,1930.000,1
22:15:49.39400,1930.250,1
22:15:52.03500,1930.250,2
22:15:53.25300,1930.250,24
22:15:56.29600,1930.250,3
22:15:56.80400,1930.250,1
22:15:57.00000,1930.250,5
22:15:57.53900,1930.500,1
22:15:57.84300,1930.250,3
22:15:58.25000,1930.250,10
22:15:58.82000,1930.250,1
22:15:59.12100,1930.250,2
22:16:05.11300,1930.250,75
22:16:06.75700,1930.250,8
22:16:08.37100,1930.250,9
22:16:12.92900,1930.000,3
22:16:13.29200,1930.000,1
22:16:23.63200,1930.250,116
22:16:27.96800,1930.000,17
22:16:33.71400,1930.000,4
22:16:36.64800,1930.000,1
22:16:41.21400,1930.000,1
22:16:42.01500,1930.000,21
22:16:43.91000,1930.250,2
22:16:51.42100,1930.000,3
22:16:57.06600,1930.000,1
22:17:02.87100,1930.250,11
22:17:08.53500,1930.250,1
22:17:14.50000,1930.250,1
22:17:21.93300,1930.250,1
22:17:27.64400,1930.000,51
22:17:30.54600,1930.000,1
22:17:39.03100,1930.000,20
22:17:43.83200,1930.000,1
22:17:44.85100,1930.250,4
22:17:48.51900,1930.000,1
22:17:51.50300,1930.250,3
22:17:55.94500,1930.250,2
22:17:56.44900,1930.250,1
22:18:01.69500,1930.250,4
22:18:02.17100,1930.250,6
22:18:04.29600,1930.250,14
22:18:04.77700,1930.250,1
22:18:06.39000,1930.000,1
22:18:09.21400,1930.250,1
22:18:21.58500,1930.250,1
22:18:25.01100,1930.250,20
22:18:27.26100,1930.250,10
22:18:28.55400,1930.000,1
22:18:33.88600,1930.250,28
22:18:43.37800,1930.250,5
22:18:43.70300,1930.000,2
22:18:45.75700,1930.250,1
22:18:55.76900,1930.250,18
22:19:08.78900,1930.250,15
22:19:10.14800,1930.250,1
22:19:46.75000,1930.250,3
22:19:55.39400,1930.500,1
22:19:57.53500,1930.500,2
22:19:59.76500,1930.500,1
22:20:05.85100,1930.500,2
22:20:12.59300,1930.500,1
22:20:13.45300,1930.500,1
22:20:23.07400,1930.500,2
22:20:23.28500,1930.250,2
22:20:38.96800,1930.250,2
22:20:40.68700,1930.250,1
22:20:50.60100,1930.250,20
22:20:53.58500,1930.250,16
22:20:57.93300,1930.250,2
22:21:14.91400,1930.000,8
22:21:15.58500,1930.000,2
22:21:28.56200,1930.000,5
22:21:29.96000,1930.000,1
22:21:30.55800,1930.000,4
22:21:31.31600,1930.000,1
22:21:37.59300,1930.000,1
22:21:42.17900,1930.250,6
22:21:46.16700,1930.250,1
22:21:54.23400,1930.000,45
22:21:55.62800,1930.000,2
22:21:57.77300,1930.000,1
22:21:58.64000,1930.000,7
22:22:14.81200,1930.000,10
22:22:15.07000,1930.000,1
22:22:21.32800,1930.000,1
22:22:23.57400,1930.000,3
22:22:27.17100,1930.000,4
22:22:28.58500,1930.000,4
22:22:32.07800,1930.000,1
22:22:34.13600,1930.000,1
22:22:34.35100,1930.000,1
22:22:34.88200,1930.000,4
22:22:36.92900,1930.000,1
22:22:40.52700,1930.000,1
22:22:41.25300,1930.000,1
22:22:44.07000,1930.000,1
22:22:46.50300,1930.000,26
22:22:47.91000,1930.000,3
22:22:49.79600,1930.000,1
22:22:50.94900,1929.750,12
22:22:51.53900,1930.000,2
22:22:52.45700,1930.000,1
22:22:54.34700,1930.000,3
22:22:56.22200,1930.000,1
22:23:10.27300,1930.000,5
22:23:12.89400,1930.000,1
22:23:13.21000,1930.000,4
22:23:14.26100,1930.000,2
22:23:16.10500,1930.000,3
22:23:19.39000,1930.000,1
22:23:26.89400,1930.000,1
22:23:48.21000,1930.000,12
22:23:49.30400,1930.000,1
22:23:53.17900,1930.250,1
22:23:55.33500,1930.000,1
22:23:56.62100,1930.250,1
22:23:58.04600,1930.000,2
22:23:59.13200,1930.250,2
22:23:59.33500,1930.000,4
22:24:01.73000,1930.000,2
22:24:02.02300,1930.000,1
22:24:02.53100,1929.750,50
22:24:05.74600,1929.750,20
22:24:10.01100,1929.750,1
22:24:11.16400,1930.000,2
22:24:13.33500,1930.000,1
22:24:22.17100,1930.000,1
22:24:22.82000,1929.750,124
22:24:23.01900,1929.750,2
22:24:23.60900,1929.750,1
22:24:23.97200,1930.000,19
22:24:26.94100,1929.750,75
22:24:27.07400,1929.750,5
22:24:27.15600,1929.500,1
22:24:27.30000,1929.500,5
22:24:28.78500,1929.500,1
22:24:30.30000,1929.500,1
22:24:32.57800,1929.500,3
22:24:32.96400,1929.500,3
22:24:35.40600,1929.500,1
22:24:38.14400,1929.750,1
22:24:38.50700,1929.750,1
22:24:44.94900,1929.500,1
22:24:46.23000,1929.750,1
22:24:49.28900,1929.500,5
22:24:53.69100,1929.750,1
22:25:00.51500,1929.750,3
22:25:00.71400,1929.750,2
22:25:01.62100,1929.750,2
22:25:01.85100,1929.750,21
22:25:02.33900,1929.750,1
22:25:02.67900,1929.500,4
22:25:06.18700,1929.500,50
22:25:12.39800,1929.500,3
22:25:12.96800,1929.750,5
22:25:15.86300,1929.500,65
22:25:16.03900,1929.500,1
22:25:17.55400,1929.500,1
22:25:20.83900,1929.500,2
22:25:21.71000,1929.500,1
22:25:22.31200,1929.500,10
22:25:23.21400,1929.500,28
22:25:25.00000,1929.250,8
22:25:25.69500,1929.500,2
22:25:25.96800,1929.500,1
22:25:27.92900,1929.250,2
22:25:28.17900,1929.250,1
22:25:29.14400,1929.250,1
22:25:31.52300,1929.500,21
22:25:31.92100,1929.500,3
22:25:32.73800,1929.500,1
22:25:36.10100,1929.250,15
22:25:38.31600,1929.500,5
22:25:40.23800,1929.500,2
22:25:41.48800,1929.250,1
22:25:45.17900,1929.500,6
22:25:46.42500,1929.500,14
22:25:49.38600,1929.500,8
22:25:56.44100,1929.750,1
22:25:59.54200,1929.750,10
22:26:01.23000,1929.500,1
22:26:04.44900,1929.500,1
22:26:07.06200,1929.750,28
22:26:14.57800,1930.000,2
22:26:15.95300,1929.750,6
22:26:16.21400,1929.750,7
22:26:16.37500,1929.750,2
22:26:18.45700,1929.500,68
22:26:23.23800,1929.500,25
22:26:23.39800,1929.750,12
22:26:24.89400,1929.750,3
22:26:26.46400,1930.000,2
22:26:27.94100,1929.750,18
22:26:30.45700,1929.750,13
22:26:31.23000,1929.750,1
22:26:35.88200,1929.500,51
22:26:37.60500,1929.500,2
22:26:38.00300,1929.500,1
22:26:39.00300,1929.500,1
22:26:40.00300,1929.500,1
22:26:41.14000,1929.500,2
22:26:44.05000,1929.500,1
22:26:44.42500,1929.500,1
22:26:48.31600,1929.500,1
22:26:55.95700,1929.500,171
22:26:56.85500,1929.500,12
22:26:58.07800,1929.500,20
22:26:58.67100,1929.500,5
22:27:00.92100,1929.500,6
22:27:02.13200,1929.500,13
22:27:05.33900,1929.750,5
22:27:17.23800,1929.750,2
22:27:24.06200,1929.500,2
22:27:25.72200,1929.500,63
22:27:27.28900,1929.500,1
22:27:28.10500,1929.500,1
22:27:34.76100,1929.250,127
22:27:34.88600,1929.250,2
22:27:34.91000,1929.250,1
22:27:35.50700,1929.250,5
22:27:35.72200,1929.250,10
22:27:36.32000,1929.250,56
22:27:37.91700,1929.000,24
22:27:37.95300,1929.000,1
22:27:38.29200,1929.250,1
22:27:38.51100,1929.250,13
22:27:38.61700,1929.250,1
22:27:40.37500,1929.250,1
22:27:44.14400,1929.250,1
22:27:46.46800,1929.000,1
22:27:46.69100,1929.250,2
22:27:46.74200,1929.250,1
22:27:47.16000,1929.000,140
22:27:49.32800,1929.250,2
22:27:50.24200,1929.000,6
22:27:52.54200,1929.000,20
22:27:53.62100,1929.000,37
22:27:54.36700,1929.250,1
22:27:56.86300,1929.250,1
22:27:57.61700,1929.250,10
22:27:58.25700,1929.000,20
22:28:07.83900,1929.000,7
22:28:07.97200,1929.000,18
22:28:08.05400,1929.000,3
22:28:09.24600,1929.000,28
22:28:09.58500,1929.000,1
22:28:11.55400,1928.750,32
22:28:12.09300,1928.750,4
22:28:13.95700,1929.000,1
22:28:14.37800,1928.750,1
22:28:15.39800,1929.000,17
22:28:16.26900,1928.750,1
22:28:16.62800,1929.000,17
22:28:16.73800,1929.000,2
22:28:18.11700,1929.250,1
22:28:18.85500,1929.000,50
22:28:19.47200,1929.250,1
22:28:20.93300,1929.000,1
22:28:22.47200,1929.000,1
22:28:23.85500,1929.000,1
22:28:25.17100,1929.000,1
22:28:28.09700,1929.000,54
22:28:28.34700,1929.000,3
22:28:30.46800,1929.000,1
22:28:31.61300,1929.000,1
22:28:31.69100,1929.000,21
22:28:33.23800,1929.000,1
22:28:36.18700,1929.250,1
22:28:38.64800,1929.250,1
22:28:41.48000,1929.000,1
22:28:43.31600,1929.000,1
22:28:44.48000,1929.000,26
22:28:48.19900,1929.000,2
22:28:50.23800,1929.000,6
22:28:51.25000,1929.000,1
22:28:55.02700,1929.000,18
22:28:56.54200,1929.000,2
22:28:57.44100,1929.000,1
22:28:58.50000,1929.000,9
22:28:59.40600,1929.000,5
22:29:00.50700,1928.750,3
22:29:04.19500,1928.750,15
22:29:04.51500,1929.000,1
22:29:05.29600,1929.000,1
22:29:08.15600,1928.750,1
22:29:12.80000,1929.000,1
22:29:14.25700,1929.000,1
22:29:17.76100,1929.000,1
22:29:18.70700,1928.750,1
22:29:21.52300,1929.000,17
22:29:22.09700,1928.750,5
22:29:24.41000,1928.750,1
22:29:25.52700,1929.000,1
22:29:27.55800,1929.000,7
22:29:31.77700,1929.000,1
22:29:37.43300,1929.250,1
22:29:39.25000,1929.250,47
22:29:42.46000,1929.250,1
22:29:43.21400,1929.000,25
22:29:43.26100,1929.000,2
22:29:43.49600,1929.250,2
22:29:45.12100,1929.000,2
22:29:47.89400,1929.000,9
22:29:50.39800,1929.000,6
22:29:52.39000,1929.000,2
22:29:54.55800,1929.000,4
22:29:58.38200,1929.000,1
22:30:00.09300,1929.000,18
22:30:00.31600,1929.250,4
22:30:00.53100,1929.250,2
22:30:01.28100,1929.250,1
22:30:01.86300,1929.000,7
22:30:05.70300,1929.000,1
22:30:06.15600,1929.000,1
22:30:07.19100,1929.250,2
22:30:07.35100,1929.000,3
22:30:07.78100,1929.000,8
22:30:08.66000,1929.000,2
22:30:10.58900,1929.000,1
22:30:19.59300,1929.000,4
22:30:20.89400,1929.000,5
22:30:25.06600,1929.000,24
22:30:25.92900,1929.000,1
22:30:29.05800,1929.000,4
22:30:29.10100,1929.000,2
22:30:31.25700,1929.250,1
22:30:35.15200,1929.000,1
22:30:36.00000,1929.000,1
22:30:40.35500,1929.000,1
22:30:41.29600,1929.000,10
22:30:41.89000,1929.000,1
22:30:43.50300,1929.000,1
22:30:49.10900,1929.000,8
22:30:50.27300,1929.000,2
22:30:53.94900,1929.000,1
22:30:55.63200,1929.000,2
22:31:01.28900,1929.000,102
22:31:05.88600,1929.000,1
22:31:08.83200,1928.750,8
22:31:09.77700,1929.000,1
22:31:11.49200,1928.750,5
22:31:17.47600,1928.750,4
22:31:20.46400,1929.000,5
22:31:20.54200,1928.750,1
22:31:22.59700,1928.750,1
22:31:29.21000,1928.750,5
22:31:29.63200,1929.000,1
22:31:29.78900,1929.000,2
22:31:30.47200,1928.750,1
22:31:33.72600,1928.750,89
22:31:35.23000,1928.750,45
22:31:35.55800,1929.000,31
22:31:36.23800,1929.000,1
22:31:36.39800,1929.000,1
22:31:41.22200,1929.000,1
22:31:41.81200,1929.000,2
22:31:44.71400,1929.000,1
22:31:45.04600,1929.250,19
22:31:45.53500,1929.250,9
22:31:46.91400,1929.000,5
22:31:56.21800,1929.250,19
22:31:57.12100,1929.250,23
22:32:03.62500,1929.250,26
22:32:04.59700,1929.250,2
22:32:10.87100,1929.250,24
22:32:10.97200,1929.250,3
22:32:12.42900,1928.750,235
22:32:12.57800,1929.000,1
22:32:15.80000,1928.750,10
22:32:16.69100,1928.750,5
22:32:18.10100,1929.000,1
22:32:18.54200,1928.750,5
22:32:19.37800,1928.750,110
22:32:20.12500,1928.750,4
22:32:21.35500,1928.750,4
22:32:22.03900,1928.750,27
22:32:28.69500,1928.750,3
22:32:30.85900,1928.750,8
22:32:35.76500,1928.500,2
22:32:36.33900,1928.500,91
22:32:38.61700,1928.750,17
22:32:39.31600,1928.750,1
22:32:40.82000,1928.500,5
22:32:41.02700,1928.500,4
22:32:42.14400,1928.500,1
22:32:42.70700,1928.500,1
22:32:44.11700,1928.500,50
22:32:44.30800,1928.500,1
22:32:49.51500,1928.500,18
22:32:51.44500,1928.500,15
22:32:52.46400,1928.500,1
22:32:52.76500,1928.500,1
22:32:53.41700,1928.500,2
22:32:55.34300,1928.500,1
22:32:58.75000,1928.500,7
22:32:59.44500,1928.500,2
22:33:05.22600,1928.500,13
22:33:07.23000,1928.500,1
22:33:07.76100,1928.500,1
22:33:10.15200,1928.500,13
22:33:10.44500,1928.500,1
22:33:11.92100,1928.250,2
22:33:12.67500,1928.500,1
22:33:14.69900,1928.500,1
22:33:17.00300,1928.500,4
22:33:17.35500,1928.500,2
22:33:17.67100,1928.250,103
22:33:18.14000,1928.250,1
22:33:18.88200,1928.250,5
22:33:20.91700,1928.250,3
22:33:26.17900,1928.250,34
22:33:27.16700,1928.250,12
22:33:27.39000,1928.250,4
22:33:27.62100,1928.500,1
22:33:30.52700,1928.250,4
22:33:35.87800,1928.000,11
22:33:36.00000,1928.000,1
22:33:40.26100,1928.250,1
22:33:41.45700,1928.000,36
22:33:41.73400,1928.000,1
22:33:45.96400,1928.000,34
22:33:47.15200,1928.000,239
22:33:47.27300,1928.000,2
22:33:47.44500,1928.000,2
22:33:48.48400,1927.750,185
22:33:48.61300,1927.750,7
22:33:48.67900,1927.750,10
22:33:49.32800,1927.500,1
22:33:49.39000,1927.750,2
22:33:51.05400,1928.000,65
22:33:51.18300,1928.000,4
22:33:51.28500,1928.250,2
22:33:53.59300,1928.000,1
22:33:53.81600,1928.000,28
22:33:54.96800,1928.000,3
22:33:58.74600,1928.000,6
22:34:00.53900,1928.000,11
22:34:02.16000,1928.000,4
22:34:02.33200,1928.000,1
22:34:03.54200,1927.750,115
22:34:05.37100,1927.750,10
22:34:06.11300,1927.750,18
22:34:08.43700,1927.750,5
22:34:08.87500,1927.500,3
22:34:09.62800,1927.500,1
22:34:13.28100,1927.500,1
22:34:13.58500,1927.750,1
22:34:15.02700,1927.500,2
22:34:17.23000,1927.500,50
22:34:18.28900,1927.500,1
22:34:18.67100,1927.750,2
22:34:19.21400,1927.500,3
22:34:21.95300,1927.500,1
22:34:22.23400,1927.750,22
22:34:22.47600,1927.500,7
22:34:22.59700,1927.500,15
22:34:23.60100,1927.750,1
22:34:25.66000,1927.500,1
22:34:26.87500,1927.750,1
22:34:27.45700,1927.750,1
22:34:27.59300,1927.750,1
22:34:31.55800,1927.750,52
22:34:32.04600,1927.500,5
22:34:32.55000,1927.750,1
22:34:33.28500,1927.750,5
22:34:34.58900,1927.500,3
22:34:35.57800,1927.500,1
22:34:38.08900,1927.500,3
22:34:39.87800,1927.750,1
22:34:41.18300,1927.500,34
22:34:42.89000,1927.500,2
22:34:43.67900,1927.250,31
22:34:48.34300,1927.500,29
22:34:50.36700,1927.500,5
22:34:50.52300,1927.750,10
22:34:51.53100,1927.500,4
22:34:52.53900,1927.500,1
22:34:53.84300,1927.500,5
22:34:54.56600,1927.500,6
22:34:55.52700,1927.500,5
22:34:55.92900,1927.500,14
22:34:56.54200,1927.500,1
22:34:57.01100,1927.500,45
22:34:57.92500,1927.500,1
22:34:58.25000,1927.750,2
22:34:58.36700,1927.750,1
22:34:58.87500,1927.750,34
22:35:00.42900,1927.750,4
22:35:01.07400,1927.500,2
22:35:03.37800,1927.500,1
22:35:08.08500,1927.500,1
22:35:08.21400,1927.500,56
22:35:12.05400,1927.500,1
22:35:12.92500,1927.500,9
22:35:18.88200,1927.250,1
22:35:22.34700,1927.250,50
22:35:24.73400,1927.250,5
22:35:25.56200,1927.250,1
22:35:26.17500,1927.250,1
22:35:26.79600,1927.250,50
22:35:28.06200,1927.250,10
22:35:28.25000,1927.250,1
22:35:30.36700,1927.250,100
22:35:31.64400,1927.250,53
22:35:32.40600,1927.250,2
22:35:36.55400,1927.250,5
22:35:37.37800,1927.250,7
22:35:37.59300,1927.250,4
22:35:39.57400,1927.250,3
22:35:41.20700,1927.250,1
22:35:42.69900,1927.000,14
22:35:43.56200,1927.000,2
22:35:44.73000,1927.000,37
22:35:45.52300,1927.000,2
22:35:45.71400,1927.000,1
22:35:46.37800,1927.000,1
22:35:46.80400,1927.000,12
22:35:47.13200,1927.000,2
22:35:47.31600,1927.000,3
22:35:47.45300,1927.000,10
22:35:48.23400,1927.000,10
22:35:48.94100,1927.000,1
22:35:49.21800,1927.000,64
22:35:50.09700,1927.000,20
22:35:50.16000,1926.750,32
22:35:50.30000,1927.000,21
22:35:50.41700,1926.750,2
22:35:50.67900,1927.000,1
22:35:51.55800,1926.750,2
22:35:51.96400,1927.000,10
22:35:52.34300,1927.000,1
22:35:52.62500,1927.000,1
22:35:53.53900,1927.250,2
22:35:54.24600,1927.000,1
22:35:54.66700,1927.000,5
22:35:55.06600,1927.000,9
22:35:55.25700,1927.000,2
22:35:55.96400,1927.000,1
22:35:56.67500,1927.000,1
22:35:57.36300,1926.750,1
22:35:58.60100,1927.000,3
22:35:59.26100,1927.000,11
22:36:01.30000,1927.000,6
22:36:02.91400,1927.000,13
22:36:03.20700,1927.000,1
22:36:03.52700,1927.000,5
22:36:03.90200,1927.000,1
22:36:05.48400,1927.000,11
22:36:06.23000,1927.000,4
22:36:10.39400,1927.250,29
22:36:10.72200,1927.250,20
22:36:10.93700,1927.250,3
22:36:12.75000,1927.250,50
22:36:13.37800,1927.000,2
22:36:13.49600,1927.000,1
22:36:14.53900,1927.000,1
22:36:15.06600,1927.250,7
22:36:18.45300,1927.500,10
22:36:18.93300,1927.500,44
22:36:19.43700,1927.500,11
22:36:20.03900,1927.250,3
22:36:20.10500,1927.250,1
22:36:20.39800,1927.250,1
22:36:20.89400,1927.250,1
22:36:21.46800,1927.500,5
22:36:22.27700,1927.500,1
22:36:24.00700,1927.500,1
22:36:24.77300,1927.500,39
22:36:25.05400,1927.500,8
22:36:26.08200,1927.750,7
22:36:27.38200,1927.750,1
22:36:28.59700,1927.750,1
22:36:30.14400,1927.750,5
22:36:30.38200,1927.500,10
22:36:30.55400,1927.500,34
22:36:31.49200,1927.500,3
22:36:31.93300,1927.500,1
22:36:34.41000,1927.500,48
22:36:36.59700,1927.250,15
22:36:38.57400,1927.500,72
22:36:41.72600,1927.500,1
22:36:43.19500,1927.250,1
22:36:43.53900,1927.500,5
22:36:44.12500,1927.250,1
22:36:46.34700,1927.500,3
22:36:46.91400,1927.500,4
22:36:47.08200,1927.500,2
22:36:49.06200,1927.500,1
22:36:51.66400,1927.500,1
22:36:53.51100,1927.250,229
22:36:53.51100,1927.250,21
22:36:54.44900,1927.000,6
22:36:55.41400,1927.000,2
22:37:04.35100,1927.000,2
22:37:06.53100,1927.000,1
22:37:09.50700,1927.000,2
22:37:09.87800,1927.000,23
22:37:10.38200,1927.250,1
22:37:15.43300,1927.000,1
22:37:19.02700,1927.250,32
22:37:21.55000,1927.250,2
22:37:22.30800,1927.250,3
22:37:23.02300,1927.250,1
22:37:26.85100,1927.250,2
22:37:27.39400,1927.250,8
22:37:31.40600,1927.250,1
22:37:38.93300,1927.500,5
22:37:41.12800,1927.500,3
22:37:41.93300,1927.500,3
22:37:51.55400,1927.500,1
22:37:54.57000,1927.250,5
22:37:59.15600,1927.250,1
22:38:05.08900,1927.250,3
22:38:08.46000,1927.250,2
22:38:09.44100,1927.250,2
22:38:12.03900,1927.500,2
22:38:12.46000,1927.250,1
22:38:12.90600,1927.250,7
22:38:13.60900,1927.250,3
22:38:17.45700,1927.250,7
22:38:19.50700,1927.250,9
22:38:22.31600,1927.250,19
22:38:24.53100,1927.000,1
22:38:26.27300,1927.250,1
22:38:27.71000,1927.250,5
22:38:32.02700,1927.250,50
22:38:32.38600,1927.250,25
22:38:34.12100,1927.250,1
22:38:35.92900,1927.250,1
22:38:36.36700,1927.250,10
22:38:40.70300,1927.250,7
22:38:42.16400,1927.250,24
22:38:47.07800,1927.500,1
22:38:47.78100,1927.500,2
22:38:52.16400,1927.500,2
22:38:52.72200,1927.500,32
22:38:53.43300,1927.250,54
22:39:04.78500,1927.250,22
22:39:04.94900,1927.250,2
22:39:05.15200,1927.250,3
22:39:07.28900,1927.250,2
22:39:13.71800,1927.250,6
22:39:20.37100,1927.500,1
22:39:22.49200,1927.250,3
22:39:31.63600,1927.250,3
22:39:33.51900,1927.500,12
22:39:36.26100,1927.250,5
22:39:36.37800,1927.500,1
22:39:39.24200,1927.500,64
22:39:40.28900,1927.250,1
22:39:46.62500,1927.250,5
22:39:55.67500,1927.250,3
22:40:00.35500,1927.250,40
22:40:10.14400,1927.250,12
22:40:10.31600,1927.250,1
22:40:14.18300,1927.250,1
22:40:14.89000,1927.250,10
22:40:18.17100,1927.500,1
22:40:19.03500,1927.250,2
22:40:19.10100,1927.250,8
22:40:19.26900,1927.250,7
22:40:21.34700,1927.250,1
22:40:21.82400,1927.250,12
22:40:22.88200,1927.250,8
22:40:37.25000,1927.250,1
22:40:40.08200,1927.250,1
22:40:41.56600,1927.250,3
22:40:41.88200,1927.250,5
22:40:42.04600,1927.250,7
22:40:42.81600,1927.250,6
22:40:43.04200,1927.250,1
22:40:43.23400,1927.250,1
22:40:44.68300,1927.250,5
22:40:46.79200,1927.250,5
22:40:47.21800,1927.500,1
22:40:48.45300,1927.250,5
22:40:53.85900,1927.500,1
22:40:58.78500,1927.500,2
22:40:59.57800,1927.500,2
22:41:10.19500,1927.250,29
22:41:17.47600,1927.250,1
22:41:20.85500,1927.250,9
22:41:28.08500,1927.000,94
22:41:28.16000,1926.750,2
22:41:28.35100,1926.750,2
22:41:31.78900,1927.000,1
22:41:34.01100,1927.000,4
22:41:35.18300,1927.000,1
22:41:37.75000,1927.000,1
22:41:38.82800,1927.000,1
22:41:41.91000,1926.750,2
22:41:47.73800,1927.000,1
22:41:47.94500,1926.750,98
22:41:48.02300,1926.750,1
22:41:48.95300,1926.750,57
22:41:49.26900,1926.750,3
22:41:49.35100,1926.750,32
22:41:51.16700,1926.750,1
22:41:52.18300,1926.750,12
22:41:52.74600,1926.750,63
22:41:52.93300,1926.750,14
22:41:55.19900,1926.500,5
22:41:55.72200,1926.500,1
22:42:02.65200,1926.750,4
22:42:03.31600,1926.750,41
22:42:03.61300,1926.500,1
22:42:03.67500,1926.750,2
22:42:10.55800,1926.750,5
22:42:12.00000,1926.750,1
22:42:16.75300,1926.750,88
22:42:16.86700,1926.750,1
22:42:17.57000,1926.750,7
22:42:19.26900,1926.750,20
22:42:20.28900,1926.750,1
22:42:20.50700,1926.500,4
22:42:24.59700,1926.750,16
22:42:25.62800,1926.750,3
22:42:28.89800,1926.500,2
22:42:30.06200,1926.500,2
22:42:34.78900,1926.500,1
22:42:37.57400,1926.750,1
22:42:38.14400,1926.500,4
22:42:40.91700,1926.500,5
22:42:41.21400,1926.750,5
22:42:42.76500,1926.750,1
22:42:43.49200,1926.750,1
22:42:43.80800,1926.750,1
22:42:45.86700,1926.750,10
22:42:48.00700,1926.750,1
22:42:50.38600,1926.500,1
22:42:52.72600,1926.750,2
22:42:54.96400,1926.750,1
22:42:59.19900,1926.750,2
22:43:11.24600,1926.750,3
22:43:13.12800,1926.750,12
22:43:13.16000,1926.750,14
22:43:13.20300,1926.750,1
22:43:13.44100,1926.750,1
22:43:14.07000,1926.750,3
22:43:17.70300,1926.750,5
22:43:20.28500,1926.750,1
22:43:20.77700,1926.750,1
22:43:21.59700,1926.750,12
22:43:25.10500,1926.750,1
22:43:26.30800,1926.750,62
22:43:28.33500,1926.750,2
22:43:29.01900,1926.750,2
22:43:31.70300,1926.750,5
22:43:32.23000,1926.750,78
22:43:32.42900,1926.750,16
22:43:34.48800,1926.750,13
22:43:34.75700,1926.750,1
22:43:35.71000,1926.750,48
22:43:40.32800,1926.750,2
22:43:40.79200,1926.750,9
22:43:43.51900,1926.750,20
22:43:49.45300,1926.750,1
22:43:50.45700,1926.750,5
22:43:53.76900,1926.750,1
22:43:54.71000,1927.000,5
22:43:57.85500,1927.000,76
22:44:01.17900,1927.250,21
22:44:01.67900,1927.000,3
22:44:01.89000,1927.000,5
22:44:03.11700,1927.000,19
22:44:04.56600,1927.000,1
22:44:07.20300,1927.000,10
22:44:08.16700,1927.000,1
22:44:08.59700,1927.000,2
22:44:09.14400,1927.000,1
22:44:10.16000,1927.000,1
22:44:10.95300,1927.000,1
22:44:12.50000,1927.000,25
22:44:14.53500,1927.250,1
22:44:14.66700,1927.250,1
22:44:16.87500,1927.250,18
22:44:17.33900,1927.250,1
22:44:19.26100,1927.250,2
22:44:23.01500,1927.000,35
22:44:24.24200,1927.000,1
22:44:34.60500,1927.000,1
22:44:35.57400,1926.750,3
22:44:38.23000,1927.000,20
22:44:40.78900,1927.000,1
22:44:44.43300,1927.000,1
22:44:47.92500,1927.000,1
22:44:54.78900,1926.750,1
22:44:57.47600,1927.000,3
22:44:59.53100,1927.000,10
22:45:07.70700,1926.750,2
22:45:10.48000,1927.000,1
22:45:13.12100,1927.000,1
22:45:15.34700,1926.750,2
22:45:16.05000,1927.000,2
22:45:17.26100,1927.000,10
22:45:21.57400,1927.000,1
22:45:21.96800,1927.000,26
22:45:24.14800,1927.000,2
22:45:33.12500,1927.250,1
22:45:33.43300,1927.250,7
22:45:35.35100,1927.250,10
22:45:35.92900,1927.000,15
22:45:36.91000,1927.000,48
22:45:37.27300,1927.000,1
22:45:50.78100,1927.000,3
22:45:52.83500,1927.250,1
22:45:56.37500,1927.250,10
22:46:03.14000,1927.000,21
22:46:04.19500,1927.000,9
22:46:05.21000,1927.000,3
22:46:05.48000,1927.000,1
22:46:06.87500,1927.250,10
22:46:13.83200,1927.000,2
22:46:14.30800,1927.250,25
22:46:14.50300,1927.250,2
22:46:14.56200,1927.250,1
22:46:15.67100,1927.250,1
22:46:19.44900,1927.500,2
22:46:20.82800,1927.250,2
22:46:21.01900,1927.500,1
22:46:22.67900,1927.250,12
22:46:24.41000,1927.500,1
22:46:27.25700,1927.500,1
22:46:27.83900,1927.500,1
22:46:30.41000,1927.000,107
22:46:31.83900,1927.000,1
22:46:32.62500,1927.000,3
22:46:38.66400,1927.250,1
22:46:48.48800,1927.250,1
22:47:12.00700,1927.250,9
22:47:22.23400,1927.250,1
22:47:28.50000,1927.500,1
22:47:32.41000,1927.500,2
22:47:39.29600,1927.500,1
22:47:48.70300,1927.500,2
22:47:55.46800,1927.500,2
22:47:56.00700,1927.500,2
22:47:57.63200,1927.500,1
22:47:59.23400,1927.500,4
22:48:09.48400,1927.500,4
22:48:13.72600,1927.500,1
22:48:19.39400,1927.250,3
22:48:24.47200,1927.250,4
22:48:37.72200,1927.250,1
22:48:41.51500,1927.500,1
22:48:57.58200,1927.250,1
22:49:04.27700,1927.250,8
22:49:04.91700,1927.500,1
22:49:05.54200,1927.500,28
22:49:08.81600,1927.750,8
22:49:10.76100,1927.750,3
22:49:15.52300,1927.750,1
22:49:17.46800,1927.750,2
22:49:18.31200,1927.750,1
22:49:21.38200,1927.750,2
22:49:22.02700,1927.750,26
22:49:22.49600,1927.750,2
22:49:22.90200,1927.750,2
22:49:24.08900,1927.750,1
22:49:25.54600,1927.500,1
22:49:26.03900,1927.750,1
22:49:27.05400,1927.500,8
22:49:27.39000,1927.500,2
22:49:27.56600,1927.750,1
22:49:28.64000,1927.750,1
22:49:29.12500,1927.750,2
22:49:30.30000,1927.750,2
22:49:32.39800,1927.750,3
22:49:33.58900,1927.750,1
22:49:38.26100,1927.750,1
22:49:39.61700,1927.750,1
22:49:44.12100,1927.750,1
22:49:45.08900,1927.750,1
22:49:45.64800,1927.500,2
22:49:50.37500,1927.750,2
22:49:50.69500,1927.750,1
22:49:52.51900,1927.750,1
22:49:52.73800,1927.750,1
22:50:00.72200,1927.750,3
22:50:05.55400,1927.750,2
22:50:12.64000,1927.500,38
22:50:13.24600,1927.500,1
22:50:14.08500,1927.500,10
22:50:28.62800,1927.500,1
22:50:32.32000,1927.500,9
22:50:32.47600,1927.250,1
22:50:34.95700,1927.500,2
22:50:35.21800,1927.250,3
22:50:36.79200,1927.500,5
22:50:45.02300,1927.250,2
22:50:47.34300,1927.500,1
22:50:48.64000,1927.500,4
22:50:55.88600,1927.750,2
22:51:02.84300,1927.500,9
22:51:05.84700,1927.750,1
22:51:06.21000,1927.750,1
22:51:09.39400,1927.750,5
22:51:20.05800,1927.750,1
22:51:26.82800,1927.750,18
22:51:27.74600,1927.750,1
22:51:28.16400,1927.750,1
22:51:33.21400,1927.750,3
22:51:33.57400,1927.750,5
22:51:37.55800,1927.750,2
22:51:44.71000,1927.750,2
22:51:45.74200,1927.750,23
22:51:48.03500,1927.750,2
22:51:55.30400,1927.750,1
22:51:58.55400,1927.750,1
22:52:19.53100,1927.750,42
22:52:20.87800,1927.750,13
22:52:21.21000,1927.750,1
22:52:26.96000,1927.750,38
22:52:27.54600,1928.000,1
22:52:32.41700,1928.000,1
22:52:36.37100,1928.000,2
22:52:39.16000,1927.750,1
22:52:39.91000,1928.000,1
22:52:40.17900,1928.000,1
22:52:49.20300,1928.000,1
22:52:50.77700,1927.750,4
22:52:51.32400,1928.000,1
22:52:56.53500,1927.750,1
22:53:08.68300,1927.750,2
22:53:09.54600,1928.000,1
22:53:10.41700,1928.000,1
22:53:11.13600,1928.000,64
22:53:11.18700,1928.000,1
22:53:11.65200,1928.000,2
22:53:12.91700,1928.250,1
22:53:15.68300,1928.250,1
22:53:16.16700,1928.250,4
22:53:19.92900,1928.000,5
22:53:28.29600,1928.250,1
22:53:29.57800,1928.250,1
22:53:42.11700,1928.250,1
22:53:47.01900,1928.000,2
22:53:54.41400,1928.250,6
22:54:02.27700,1928.000,105
22:54:02.63600,1928.000,1
22:54:02.78900,1928.000,2
22:54:03.22200,1927.750,2
22:54:05.19900,1927.750,1
22:54:05.46400,1928.000,1
22:54:14.43700,1928.000,1
22:54:15.31600,1928.000,1
22:54:17.31200,1927.750,25
22:54:17.84700,1927.750,1
22:54:25.00700,1927.750,1
22:54:27.82800,1927.750,26
22:54:34.36300,1927.500,1
22:54:47.85900,1927.750,1
22:54:49.21400,1927.500,25
22:54:55.67100,1927.500,1
22:54:56.48000,1927.750,1
22:55:04.77300,1927.500,4
22:55:12.37100,1927.500,6
22:55:12.91400,1927.250,2
22:55:13.82000,1927.250,1
22:55:16.16700,1927.250,1
22:55:16.81200,1927.250,1
22:55:17.14000,1927.250,1
22:55:18.19100,1927.250,1
22:55:20.41000,1927.250,2
22:55:23.36300,1927.250,1
22:55:24.01900,1927.500,9
22:55:37.37500,1927.750,14
22:55:44.92900,1927.750,1
22:56:09.25300,1927.750,14
22:56:10.75700,1927.750,3
22:56:12.72200,1927.750,5
22:56:15.18300,1927.750,1
22:56:26.62800,1927.500,1
22:56:27.01900,1927.750,15
22:56:28.87500,1927.750,13
22:56:39.29600,1927.750,1
22:56:41.28500,1927.750,3
22:56:51.76900,1927.750,1
22:56:52.21800,1927.500,10
22:56:56.33500,1927.750,1
22:56:58.59700,1927.750,1
22:57:36.64800,1927.500,4
22:57:41.11700,1927.500,11
22:57:42.32000,1927.500,2
22:57:48.10500,1927.500,3
22:57:50.01100,1927.500,3
22:57:54.94900,1927.250,2
22:58:03.07400,1927.500,2
22:58:05.46400,1927.500,1
22:58:06.08900,1927.500,3
22:58:09.52700,1927.250,1
22:58:09.83500,1927.250,25
22:58:10.07800,1927.500,1
22:58:11.49200,1927.500,1
22:58:13.26100,1927.500,1
22:58:14.23800,1927.500,2
22:58:14.61300,1927.500,1
22:58:18.41700,1927.500,1
22:58:23.07400,1927.500,1
22:58:23.54200,1927.250,25
22:58:23.95700,1927.250,2
22:58:25.27700,1927.500,4
22:58:31.77300,1927.500,1
22:59:03.37100,1927.250,3
22:59:05.89800,1927.250,1
22:59:06.08900,1927.500,14
22:59:07.69500,1927.500,3
22:59:17.68300,1927.500,11
22:59:33.64400,1927.250,2
22:59:44.40600,1927.500,2
22:59:48.44100,1927.250,3
22:59:48.67900,1927.250,4
22:59:50.01500,1927.500,1
22:59:52.76500,1927.500,1
22:59:53.88200,1927.500,5
22:59:54.96000,1927.500,1
23:00:00.23400,1927.500,0
23:00:00.36700,1927.750,2
23:00:00.81200,1927.500,1
23:00:11.48000,1927.750,3
23:00:16.19900,1927.500,1
23:00:17.20300,1927.500,1
23:00:19.70700,1927.750,7
23:00:25.36700,1927.750,5
23:00:27.64800,1927.500,1
23:00:30.45700,1927.500,30
23:00:38.83900,1927.500,3
23:00:45.06600,1927.500,4
23:00:45.44100,1927.500,3
23:00:52.77700,1927.500,4
23:00:54.52300,1927.750,1
23:00:56.15200,1927.500,1
23:00:56.80000,1927.500,1
23:00:57.43300,1927.750,1
23:01:07.67100,1927.500,6
23:01:09.23400,1927.500,16
23:01:11.96800,1927.250,1
23:01:12.48800,1927.250,1
23:01:13.44100,1927.500,2
23:01:14.41400,1927.250,1
23:01:17.16400,1927.250,1
23:01:19.25700,1927.250,70
23:01:26.56600,1927.000,14
23:01:29.49200,1927.000,1
23:01:33.93700,1927.000,1
23:01:34.83900,1927.000,1
23:01:35.36300,1927.000,2
23:01:36.14000,1927.250,18
23:01:36.36700,1927.000,10
23:01:37.18700,1927.000,1
23:01:39.92100,1927.250,1
23:01:47.01900,1927.000,23
23:01:48.96000,1926.750,6
23:01:55.26100,1927.000,5
23:02:02.25700,1927.000,3
23:02:02.63200,1927.000,4
23:02:03.28500,1927.000,2
23:02:04.83200,1927.250,63
23:02:05.02300,1927.000,1
23:02:05.30400,1927.000,1
23:02:11.76500,1927.250,1
23:02:15.01500,1927.000,1
23:02:25.37500,1927.250,15
23:02:31.42100,1927.250,2
23:02:35.25700,1927.000,3
23:02:35.77700,1927.250,1
23:02:37.78100,1927.000,1
23:02:40.93700,1927.250,3
23:02:42.51900,1927.250,1
23:02:43.60100,1927.250,1
23:02:48.83200,1927.250,1
23:02:51.34700,1927.500,1
23:03:23.55000,1927.250,2
23:03:50.42500,1927.250,2
23:03:54.87500,1927.250,13
23:03:55.60900,1927.250,4
23:04:21.62800,1927.250,2
23:04:22.25300,1927.250,21
23:04:24.14000,1927.250,2
23:04:25.73000,1927.250,5
23:04:30.42500,1927.000,1
23:04:32.39800,1927.250,5
23:04:32.42500,1927.250,1
23:04:38.81600,1927.250,1
23:04:40.48800,1927.250,1
23:04:42.32800,1927.250,1
23:04:51.92100,1927.500,1
23:04:53.58200,1927.250,1
23:04:55.88600,1927.250,21
23:04:59.20300,1927.250,1
23:04:59.91700,1927.000,1
23:05:04.18700,1927.500,31
23:05:07.92100,1927.500,19
23:05:13.59700,1927.500,13
23:05:15.83900,1927.250,70
23:05:16.50000,1927.250,2
23:05:30.47600,1927.500,2
23:05:38.21400,1927.750,3
23:05:38.34700,1927.750,4
23:05:41.95700,1927.750,9
23:05:44.91000,1927.750,2
23:05:47.71000,1927.750,1
23:05:48.52300,1927.750,6
23:05:48.82000,1927.500,1
23:05:49.00700,1927.750,3
23:05:50.91000,1927.750,1
23:05:55.82400,1927.750,2
23:05:56.07800,1927.750,3
23:05:57.24200,1927.750,1
23:06:01.70300,1927.750,4
23:06:10.38600,1927.750,1
23:06:15.89400,1927.750,2
23:06:18.50300,1927.750,1
23:06:19.19500,1927.750,1
23:06:19.55400,1928.000,114
23:06:20.42100,1928.250,8
23:06:28.26500,1928.000,2
23:06:30.71800,1928.250,1
23:06:31.89400,1928.250,1
23:06:34.85100,1928.250,17
23:06:35.05000,1928.250,2
23:06:36.39400,1928.250,1
23:06:36.95700,1928.500,23
23:06:37.40600,1928.500,1
23:06:38.08900,1928.250,122
23:06:39.05000,1928.250,1
23:06:44.44900,1928.250,11
23:06:45.33900,1928.250,2
23:06:45.39000,1928.250,8
23:06:48.42900,1928.250,1
23:06:49.40600,1928.250,6
23:06:49.58500,1928.250,2
23:06:50.94100,1928.250,2
23:06:52.07800,1928.000,2
23:06:53.55800,1928.250,1
23:06:57.66400,1928.250,1
23:06:59.02300,1928.250,1
23:07:06.45700,1928.000,2
23:07:06.88600,1928.250,1
23:07:13.53100,1928.000,9
23:07:13.85900,1928.000,3
23:07:14.20300,1928.000,1
23:07:15.51500,1928.250,121
23:07:19.18700,1928.000,12
23:07:24.83900,1928.250,14
23:07:27.88600,1928.250,1
23:07:30.01500,1928.250,1
23:07:30.27300,1928.250,1
23:07:35.46800,1928.250,2
23:07:36.57800,1928.250,6
23:07:37.16000,1928.250,117
23:07:38.42100,1928.250,1
23:07:39.90600,1928.250,47
23:07:53.13200,1928.250,15
23:07:53.82000,1928.250,4
23:07:55.54600,1928.250,7
23:07:59.42500,1928.250,33
23:08:13.12500,1928.500,5
23:08:13.25300,1928.500,1
23:08:13.91000,1928.500,1
23:08:15.24600,1928.500,2
23:08:17.52300,1928.500,3
23:08:17.64400,1928.500,12
23:08:19.07000,1928.750,15
23:08:19.33200,1928.750,1
23:08:20.76900,1928.750,1
23:08:21.85100,1928.750,5
23:08:24.94900,1928.750,2
23:08:25.17900,1928.750,1
23:08:26.23400,1928.750,8
23:08:27.64400,1928.500,2
23:08:28.93300,1928.750,9
23:08:30.05800,1928.750,36
23:08:30.76500,1928.750,1
23:08:35.67500,1928.750,5
23:08:44.09700,1928.750,1
23:08:45.55800,1928.750,59
23:08:47.80000,1928.750,2
23:08:48.59300,1928.750,5
23:08:49.25000,1929.000,1
23:08:50.01500,1928.750,3
23:08:50.46400,1928.750,2
23:08:54.09700,1928.750,10
23:08:54.75000,1929.000,1
23:09:01.83500,1928.750,3
23:09:02.53100,1928.750,1
23:09:02.93300,1929.000,1
23:09:14.73400,1928.750,1
23:09:15.80000,1928.750,1
23:09:16.44500,1928.750,1
23:09:18.20300,1928.750,9
23:09:19.02300,1929.000,4
23:09:20.43700,1929.000,1
23:09:20.92900,1928.750,1
23:09:22.71800,1928.750,1
23:09:23.82000,1928.750,2
23:09:24.87800,1928.750,1
23:09:46.25300,1928.750,1
23:10:01.58900,1928.750,3
23:10:33.10100,1929.000,47
23:10:34.70700,1929.000,2
23:10:36.39000,1929.000,5
23:10:41.01100,1929.000,1
23:10:41.87100,1929.000,4
23:10:43.41400,1929.000,1
23:10:47.45300,1928.750,1
23:11:07.29600,1929.000,3
23:11:12.23800,1928.750,1
23:11:12.85500,1929.000,2
23:11:13.50700,1929.000,1
23:11:13.94500,1929.000,5
23:11:20.07000,1928.750,34
23:11:23.85500,1928.750,7
23:11:30.27300,1928.750,1
23:11:40.46000,1928.750,1
23:11:43.80000,1928.750,3
23:11:49.78900,1928.750,5
23:11:50.53100,1928.750,10
23:11:53.21400,1928.750,38
23:11:56.91700,1928.750,1
23:12:24.96400,1928.500,4
23:12:28.79600,1928.500,1
23:12:42.58200,1928.500,1
23:12:47.05400,1928.500,1
23:12:47.53500,1928.500,21
23:12:52.08500,1928.500,12
23:12:54.18700,1928.500,1
23:12:56.64000,1928.500,4
23:13:26.38200,1928.500,2
23:13:27.39400,1928.750,2
23:13:30.25700,1928.750,1
23:13:30.85900,1928.750,1
23:13:32.27300,1928.750,12
23:13:38.71400,1928.750,2
23:13:42.38200,1928.750,2
23:13:43.01100,1928.750,2
23:13:45.70300,1928.750,1
23:13:48.70700,1928.750,1
23:13:55.63200,1929.000,4
23:14:00.74600,1929.000,2
23:14:03.09700,1928.750,2
23:14:04.74200,1928.750,3
23:14:06.16400,1928.750,2
23:14:15.65600,1928.750,1
23:14:23.81600,1928.750,1
23:14:24.96800,1928.750,1
23:14:25.37500,1928.750,1
23:14:36.82400,1928.750,1
23:14:55.45700,1928.500,7
23:14:56.82000,1928.500,4
23:14:57.16700,1928.250,1
23:15:05.38600,1928.500,7
23:15:06.81200,1928.500,1
23:15:09.08500,1928.500,8
23:15:15.60100,1928.500,2
23:15:18.46800,1928.750,15
23:15:36.77700,1928.750,6
23:15:37.42100,1928.500,2
23:16:03.25000,1928.500,2
23:16:03.58200,1928.500,1
23:16:11.28100,1928.500,1
23:16:12.92900,1928.750,35
23:16:13.42100,1928.500,1
23:16:29.90600,1928.750,9
23:16:44.51500,1928.750,3
23:16:52.16000,1928.750,1
23:16:57.17500,1928.750,10
23:17:15.84700,1928.750,19
23:17:33.21000,1928.750,1
23:17:40.25300,1928.500,1
23:17:55.39000,1928.500,9
23:17:56.35900,1928.250,1
23:18:04.30800,1928.500,11
23:18:09.29600,1928.500,11
23:18:11.53500,1928.500,1
23:18:33.95300,1928.500,1
23:18:39.16700,1928.500,13
23:18:43.03100,1928.500,1
23:18:51.73800,1928.500,1
23:19:13.20700,1928.500,3
23:19:22.57400,1928.250,15
23:19:33.44900,1928.250,4
23:19:33.57800,1928.000,4
23:19:46.33500,1928.000,4
23:19:47.35900,1928.000,7
23:19:55.48400,1928.000,1
23:19:56.43300,1928.250,2
23:20:29.57400,1928.250,2
23:20:30.62100,1928.000,10
23:20:38.87500,1928.000,1
23:20:44.50700,1928.000,1
23:20:48.56200,1928.000,20
23:20:49.25000,1928.000,1
23:20:50.62100,1927.750,17
23:20:51.39400,1928.000,1
23:20:53.79600,1928.000,1
23:20:59.81200,1927.750,5
23:21:02.60900,1927.750,18
23:21:06.33200,1927.750,7
23:21:07.12500,1927.750,1
23:21:10.69500,1927.750,1
23:21:12.46000,1927.750,3
23:21:14.19900,1927.750,2
23:21:22.13200,1927.500,3
23:21:27.52300,1927.750,8
23:21:28.66700,1927.750,4
23:21:31.69100,1928.000,1
23:21:35.14000,1927.500,1
23:21:36.74600,1927.750,3
23:21:39.76900,1927.750,1
23:21:39.95700,1927.750,1
23:21:40.12800,1927.750,1
23:21:42.52700,1927.500,1
23:21:43.83200,1927.750,1
23:21:45.45300,1927.750,7
23:21:46.96400,1927.750,1
23:21:47.82000,1927.500,1
23:21:49.25300,1927.500,1
23:21:50.03100,1927.500,1
23:21:52.48800,1927.500,1
23:21:53.33900,1927.500,1
23:21:55.17900,1927.750,1
23:21:57.28900,1928.000,4
23:22:13.16700,1928.000,28
23:22:13.43700,1928.000,3
23:22:22.06200,1927.750,1
23:22:28.46800,1928.000,3
23:22:30.89000,1928.000,1
23:22:32.46400,1928.000,1
23:22:32.83200,1928.000,1
23:22:33.61300,1928.000,1
23:22:40.90600,1927.750,5
23:22:44.55400,1928.000,11
23:22:52.65200,1928.000,1
23:22:57.32800,1928.000,9
23:23:24.22200,1927.750,33
23:23:25.94100,1927.750,1
23:23:40.10900,1927.750,1
23:23:57.12500,1927.750,18
23:23:59.10100,1927.750,2
23:24:11.67100,1927.750,10
23:24:17.71800,1928.000,2
23:24:18.20300,1928.000,1
23:24:18.88600,1928.000,2
23:24:33.19100,1928.000,1
23:24:34.52700,1928.000,1
23:24:36.86700,1928.000,4
23:24:37.88200,1928.000,1
23:24:45.59700,1928.000,1
23:24:49.72200,1928.000,2
23:25:08.10500,1927.750,3
23:25:13.51900,1927.750,7
23:25:18.19500,1927.750,1
23:25:20.47600,1927.500,2
23:25:24.53100,1927.750,1
23:25:32.58900,1927.750,1
23:25:33.82000,1927.750,3
23:25:34.12100,1927.750,3
23:25:34.69100,1927.750,24
23:25:40.77700,1927.500,1
23:25:46.39400,1927.750,6
23:25:57.66400,1928.000,1
23:26:08.49200,1928.000,3
23:26:21.60900,1928.000,1
23:26:22.32400,1928.000,2
23:26:38.38200,1927.750,15
23:26:50.08900,1927.750,38
23:26:51.64000,1928.000,2
23:26:54.80800,1927.750,2
23:27:02.46400,1927.750,3
23:27:23.96800,1927.750,7
23:27:24.38600,1927.750,5
23:28:01.21800,1927.500,61
23:28:02.10100,1927.500,1
23:28:08.17500,1927.500,12
23:28:12.26900,1927.500,1
23:28:34.25000,1927.500,10
23:28:42.87100,1927.500,1
23:28:43.17100,1927.750,3
23:28:47.15600,1927.750,18
23:28:51.33200,1927.750,4
23:29:18.94900,1927.750,2
23:29:25.35900,1928.000,23
23:29:30.60500,1928.000,1
23:29:33.71800,1928.000,2
23:29:34.58500,1928.000,3
23:29:43.25000,1928.000,6
23:29:56.11700,1928.000,2
23:30:05.33500,1928.000,4
23:30:07.03100,1928.000,10
23:30:29.69900,1928.250,29
23:30:30.09300,1928.250,1
23:30:30.31200,1928.000,1
23:30:45.96400,1928.250,6
23:30:46.79600,1928.250,9
23:30:53.16000,1928.500,3
23:31:04.43300,1928.250,31
23:31:06.73000,1928.500,5
23:31:09.24200,1928.500,1
23:31:12.11300,1928.250,23
23:31:13.06200,1928.250,1
23:31:18.51500,1928.250,8
23:31:19.75700,1928.250,1
23:31:21.67900,1928.500,20
23:31:22.61700,1928.500,5
23:31:27.64400,1928.750,1
23:31:31.41700,1928.500,23
23:31:31.67900,1928.500,1
23:31:36.92500,1928.750,1
23:31:42.84700,1928.750,1
23:31:47.97200,1928.500,1
23:31:53.19500,1928.750,15
23:31:54.19100,1928.500,3
23:32:07.33500,1928.750,13
23:32:14.49200,1928.750,1
23:32:15.07800,1929.000,2
23:32:20.23000,1928.750,71
23:32:25.17100,1929.000,1
23:32:25.40600,1929.000,6
23:32:25.84700,1929.250,34
23:32:26.33500,1929.000,21
23:32:27.51900,1929.000,1
23:32:29.47600,1929.000,1
23:32:30.30000,1929.250,5
23:32:33.33200,1929.000,10
23:32:33.57000,1929.000,6
23:32:35.58900,1929.000,5
23:32:42.71400,1929.000,19
23:32:43.09700,1929.000,1
23:32:44.23800,1929.250,57
23:32:44.30800,1929.000,1
23:32:56.40200,1929.000,1
23:32:59.27700,1929.250,4
23:33:04.21000,1929.000,4
23:33:18.92100,1929.000,1
23:33:25.58500,1929.250,1
23:33:29.67100,1929.250,10
23:33:30.81200,1929.250,7
23:33:31.30400,1929.250,1
23:33:43.81600,1929.250,3
23:33:47.01900,1929.000,1
23:33:48.44900,1929.250,2
23:33:49.38600,1929.250,3
23:33:50.28900,1929.250,1
23:33:56.72200,1929.000,2
23:34:01.40200,1929.250,5
23:34:01.83200,1929.250,2
23:34:08.32000,1929.000,1
23:34:20.77700,1929.000,2
23:34:23.64400,1929.250,1
23:34:25.66400,1929.250,2
23:34:26.72600,1929.000,2
23:34:28.32800,1929.250,58
23:34:35.22200,1929.250,13
23:34:39.25000,1929.250,3
23:34:44.15200,1929.250,2
23:34:46.07800,1929.000,1
23:34:51.41400,1929.250,2
23:34:52.15200,1929.250,2
23:34:54.28900,1929.250,10
23:34:56.10100,1929.250,1
23:34:56.19500,1929.250,5
23:34:58.07400,1929.250,1
23:34:59.15200,1929.250,2
23:35:06.78500,1929.250,4
23:35:09.46400,1929.250,20
23:35:11.43700,1929.250,1
23:35:17.56200,1929.250,10
23:35:28.46800,1929.250,1
23:35:35.23400,1929.250,2
23:35:44.33500,1929.250,1
23:35:49.13200,1929.250,1
23:35:59.53500,1929.250,1
23:36:02.48000,1929.250,6
23:36:07.65600,1929.250,2
23:36:08.14400,1929.250,20
23:36:13.06200,1929.250,5
23:36:18.53100,1929.250,1
23:36:24.92900,1929.250,1
23:36:26.32400,1929.000,1
23:36:32.09300,1929.250,1
23:36:36.10100,1929.250,1
23:36:44.08900,1929.500,33
23:36:46.16700,1929.250,1
23:36:46.57800,1929.500,1
23:36:47.02700,1929.500,1
23:36:47.92900,1929.250,13
23:36:48.72200,1929.250,4
23:36:54.33500,1929.250,1
23:36:55.61700,1929.250,2
23:37:09.96800,1929.250,6
23:37:17.89800,1929.250,10
23:37:21.37500,1929.000,1
23:37:25.50300,1929.500,2
23:37:30.30800,1929.500,10
23:37:33.10500,1929.500,5
23:37:34.00300,1929.500,2
23:37:37.57800,1929.500,5
23:37:41.62800,1929.500,2
23:37:49.66400,1929.250,1
23:37:49.84700,1929.500,21
23:37:50.44500,1929.250,2
23:37:55.19500,1929.250,1
23:37:55.36700,1929.500,2
23:37:56.47600,1929.250,1
23:38:07.46800,1929.250,4
23:38:07.80000,1929.500,1
23:38:09.18700,1929.500,1
23:38:09.77700,1929.500,1
23:38:10.69100,1929.500,1
23:38:13.07400,1929.500,2
23:38:19.76900,1929.500,1
23:38:23.03100,1929.250,1
23:38:24.16000,1929.500,4
23:38:25.48800,1929.500,12
23:38:25.79600,1929.500,3
23:38:26.56600,1929.500,1
23:38:28.66700,1929.250,1
23:38:34.82400,1929.500,2
23:38:39.27300,1929.250,1
23:38:41.25700,1929.500,3
23:38:59.91400,1929.500,3
23:39:01.50300,1929.500,3
23:39:09.50300,1929.250,1
23:39:10.80800,1929.250,1
23:39:22.84300,1929.500,10
23:39:23.21000,1929.500,19
23:39:23.38600,1929.500,4
23:39:25.56200,1929.750,61
23:39:25.62100,1929.750,1
23:39:26.03500,1930.000,17
23:39:26.35500,1930.000,3
23:39:26.42100,1930.000,1
23:39:26.60100,1930.000,4
23:39:28.40200,1930.000,2
23:39:28.88200,1929.750,1
23:39:29.14400,1929.750,1
23:39:29.73400,1929.750,2
23:39:30.94500,1929.750,53
23:39:32.36300,1929.750,1
23:39:32.82400,1929.750,6
23:39:33.62100,1929.750,31
23:39:33.96800,1930.000,55
23:39:34.16700,1930.000,21
23:39:34.91000,1930.000,1
23:39:35.13600,1929.750,2
23:39:35.51500,1930.000,2
23:39:35.80800,1929.750,21
23:39:37.19900,1930.000,96
23:39:43.96000,1929.750,1
23:39:45.67100,1929.750,12
23:39:45.97200,1929.750,1
23:39:47.43700,1929.750,3
23:39:49.69500,1929.750,3
23:39:50.65600,1929.750,3
23:39:51.01900,1929.750,10
23:39:53.00700,1930.000,2
23:39:57.05000,1930.000,10
23:39:58.37800,1929.750,2
23:40:03.40600,1930.000,7
23:40:04.32000,1929.750,16
23:40:04.42900,1929.750,18
23:40:04.85900,1929.750,1
23:40:05.50300,1930.000,5
23:40:05.95300,1930.000,1
23:40:12.16700,1930.000,2
23:40:12.44900,1930.250,159
23:40:12.46800,1930.250,46
23:40:12.61700,1930.250,21
23:40:12.89400,1930.500,12
23:40:14.03500,1930.500,1
23:40:14.50000,1930.250,25
23:40:14.82400,1930.000,1
23:40:15.43300,1930.250,5
23:40:18.23000,1930.250,22
23:40:20.79200,1930.250,8
23:40:22.08500,1930.500,4
23:40:23.64800,1930.750,41
23:40:23.80000,1930.750,1
23:40:24.10900,1930.750,4
23:40:24.66400,1930.750,1
23:40:24.83200,1930.750,7
23:40:25.05400,1930.750,1
23:40:25.52700,1930.750,40
23:40:28.01900,1930.750,13
23:40:30.58900,1930.750,1
23:40:31.28500,1930.750,1
23:40:33.35900,1931.250,122
23:40:33.58900,1931.000,2
23:40:33.64800,1931.000,31
23:40:34.68700,1931.250,2
23:40:35.41700,1931.250,4
23:40:35.73400,1931.250,1
23:40:36.23000,1931.250,1
23:40:37.17900,1931.250,10
23:40:37.33500,1931.250,3
23:40:37.94100,1931.250,1
23:40:38.28500,1931.250,2
23:40:39.35900,1931.000,42
23:40:39.61700,1931.000,1
23:40:40.27300,1931.000,1
23:40:45.15600,1931.000,7
23:40:46.58900,1931.000,3
23:40:46.92900,1931.000,1
23:40:47.22200,1931.000,30
23:40:47.90200,1931.000,1
23:40:50.01500,1931.000,1
23:40:50.08900,1931.000,1
23:40:50.56600,1931.000,12
23:40:56.87500,1930.750,3
23:40:59.64800,1931.250,1
23:41:00.53500,1931.250,7
23:41:03.75300,1931.250,8
23:41:04.19100,1931.500,10
23:41:04.50300,1931.250,5
23:41:04.80000,1931.250,9
23:41:06.26900,1931.250,1
23:41:06.80000,1931.250,4
23:41:08.79200,1931.250,246
23:41:09.92900,1931.250,46
23:41:09.96800,1931.250,3
23:41:11.66400,1931.250,2
23:41:11.90200,1931.250,1
23:41:20.14400,1931.250,5
23:41:20.49600,1931.250,1
23:41:23.44100,1931.250,4
23:41:24.38200,1931.250,2
23:41:25.92900,1931.500,5
23:41:30.57000,1931.250,1
23:41:31.20700,1931.500,2
23:41:39.62500,1931.250,48
23:41:41.20300,1931.250,14
23:41:44.12800,1931.250,3
23:41:46.02700,1931.250,1
23:41:51.58500,1931.250,1
23:41:53.54200,1931.250,1
23:41:57.83900,1931.500,44
23:41:59.67100,1931.500,1
23:42:04.26500,1931.750,4
23:42:04.82800,1931.500,21
23:42:12.42900,1931.500,15
23:42:13.85900,1931.250,3
23:42:14.08900,1931.250,1
23:42:17.78500,1931.500,45
23:42:20.66700,1931.500,1
23:42:22.08900,1931.500,2
23:42:23.24600,1931.250,5
23:42:28.11300,1931.500,3
23:42:32.62800,1931.750,8
23:42:33.89800,1931.500,1
23:42:34.88600,1931.500,1
23:42:37.32800,1931.500,28
23:42:38.78500,1931.750,15
23:42:39.59300,1931.750,3
23:42:40.16400,1931.750,40
23:42:41.95300,1931.750,8
23:42:42.28500,1932.000,39
23:42:42.49600,1931.750,1
23:42:44.43700,1931.750,1
23:42:44.91400,1932.000,52
23:42:45.21800,1932.000,1
23:42:46.12800,1932.000,6
23:42:46.78900,1932.000,33
23:42:48.20300,1932.000,2
23:42:50.01100,1932.000,25
23:42:50.94500,1932.000,14
23:42:51.25300,1932.000,3
23:42:53.34700,1932.000,3
23:42:55.44500,1932.000,2
23:42:55.87100,1932.000,6
23:42:57.86700,1932.000,2
23:42:58.58500,1931.750,14
23:42:59.22200,1932.000,2
23:42:59.45300,1932.250,86
23:42:59.57000,1932.000,2
23:43:06.06600,1932.000,25
23:43:06.73400,1932.000,1
23:43:08.21800,1932.000,10
23:43:11.76500,1932.000,2
23:43:13.59700,1932.000,1
23:43:17.01100,1932.000,1
23:43:19.75000,1932.000,2
23:43:21.37500,1932.000,2
23:43:21.71000,1932.000,1
23:43:22.16400,1931.750,1
23:43:22.33900,1931.750,1
23:43:23.94500,1932.250,2
23:43:28.13600,1932.250,1
23:43:28.56600,1932.250,4
23:43:29.91400,1932.000,2
23:43:34.42100,1932.250,1
23:43:37.60500,1932.250,3
23:43:38.82400,1932.000,1
23:43:41.21800,1932.000,1
23:43:42.75000,1932.000,16
23:43:43.14800,1932.000,2
23:43:47.33900,1932.000,1
23:43:48.44100,1932.000,1
23:43:48.89400,1932.000,1
23:43:49.76100,1931.750,2
23:43:50.90600,1932.000,12
23:43:54.60900,1931.750,1
23:43:54.76100,1931.500,1
23:43:57.49200,1931.750,10
23:43:58.23000,1931.500,1
23:43:58.50700,1931.750,10
23:43:59.71800,1931.750,7
23:44:00.91000,1931.750,2
23:44:01.70700,1931.750,2
23:44:01.78900,1931.750,1
23:44:02.39000,1931.500,1
23:44:04.92500,1931.750,20
23:44:06.75000,1931.750,1
23:44:09.12800,1931.500,1
23:44:15.34700,1931.500,2
23:44:16.00300,1931.500,1
23:44:16.77300,1931.500,2
23:44:23.19500,1931.750,3
23:44:31.22600,1931.500,4
23:44:32.13600,1931.750,1
23:44:42.69900,1931.750,1
23:44:42.94100,1931.500,1
23:44:43.43700,1931.500,3
23:44:43.85900,1931.500,12
23:44:46.61300,1931.750,1
23:44:48.23800,1931.500,3
23:44:48.96800,1931.500,3
23:44:49.74600,1931.500,4
23:44:49.89000,1931.500,1
23:44:56.01900,1931.500,1
23:44:58.15600,1931.500,1
23:44:58.35100,1931.500,2
23:45:02.66700,1931.500,18
23:45:06.42900,1931.500,6
23:45:11.51900,1931.500,1
23:45:12.31200,1931.500,1
23:45:12.53100,1931.750,3
23:45:15.82400,1931.750,1
23:45:16.03900,1931.750,1
23:45:17.12100,1931.750,1
23:45:19.93700,1931.500,1
23:45:25.92100,1931.500,2
23:45:28.32400,1931.750,1
23:45:36.80400,1931.500,1
23:45:38.32000,1931.750,41
23:45:38.44900,1931.750,2
23:45:38.52700,1931.750,2
23:45:55.96000,1931.500,10
23:45:58.88600,1931.500,1
23:46:25.09300,1931.500,6
23:46:26.26500,1931.500,7
23:46:27.32000,1931.750,1
23:46:32.78100,1931.750,4
23:46:35.82800,1931.500,4
23:46:39.67900,1931.750,1
23:46:44.34700,1931.750,1
23:46:48.27700,1931.750,3
23:46:51.32400,1931.750,1
23:46:56.91400,1931.750,1
23:47:07.06600,1931.500,3
23:47:15.59700,1931.750,10
23:47:24.96000,1931.500,1
23:47:34.85900,1931.500,4
23:47:35.68300,1931.500,1
23:47:35.82400,1931.500,1
23:47:37.29200,1931.500,5
23:47:54.53900,1931.500,1
23:47:59.07000,1931.500,1
23:48:05.58900,1931.500,17
23:48:09.03100,1931.750,1
23:48:10.70300,1931.750,18
23:48:10.92500,1931.750,7
23:48:13.34700,1931.750,15
23:48:17.03100,1931.750,1
23:48:22.87100,1931.750,1
23:48:23.56600,1931.750,3
23:48:24.51100,1931.750,4
23:48:29.88600,1931.750,26
23:48:31.50300,1931.750,4
23:48:34.93300,1931.750,1
23:48:36.00000,1931.750,1
23:48:38.44500,1931.750,14
23:48:38.59300,1931.750,1
23:48:39.64400,1931.750,2
23:48:40.11700,1931.750,1
23:48:40.37100,1931.750,3
23:48:41.48400,1931.750,1
23:48:49.74200,1932.000,2
23:48:50.76500,1932.000,1
23:48:51.62100,1932.000,8
23:48:52.01100,1932.000,2
23:48:54.44900,1932.000,1
23:48:55.66400,1931.750,10
23:49:02.19500,1932.000,89
23:49:02.34700,1932.000,4
23:49:11.84700,1932.250,2
23:49:14.50700,1932.000,3
23:49:17.44100,1932.000,1
23:49:19.44500,1932.250,1
23:49:21.32800,1932.000,2
23:49:23.52700,1932.250,30
23:49:27.30000,1932.250,46
23:49:27.92500,1932.250,2
23:49:30.01500,1932.250,1
23:49:30.51500,1932.250,1
23:49:31.33500,1932.250,22
23:49:41.80000,1932.500,8
23:49:43.17900,1932.250,1
23:49:43.69500,1932.500,1
23:49:44.69900,1932.500,21
23:49:48.05400,1932.500,1
23:49:50.65200,1932.250,14
23:49:50.88200,1932.250,1
23:49:51.87100,1932.250,24
23:49:53.02700,1932.250,1
23:49:53.30400,1932.500,1
23:49:54.25700,1932.250,1
23:49:56.13200,1932.250,1
23:50:00.83200,1932.250,4
23:50:09.58500,1932.250,2
23:50:09.78900,1932.250,1
23:50:18.89400,1932.250,4
23:50:20.71800,1932.250,55
23:50:25.54200,1932.000,1
23:50:26.08500,1931.750,13
23:50:28.07000,1932.000,6
23:50:31.33900,1932.000,7
23:50:32.69500,1932.250,12
23:50:32.89400,1932.250,7
23:50:33.57800,1932.250,1
23:50:35.44900,1932.250,1
23:50:38.24200,1932.250,2
23:50:43.17500,1931.750,14
23:50:43.90600,1932.000,4
23:50:44.20300,1932.000,2
23:50:44.47200,1932.000,6
23:50:52.47600,1932.000,30
23:50:56.13600,1932.000,1
23:50:56.42900,1932.000,2
23:51:08.01100,1932.000,41
23:51:12.48800,1932.000,1
23:51:13.16400,1932.000,4
23:51:13.67100,1931.750,1
23:51:14.41000,1932.000,2
23:51:14.92500,1932.000,1
23:51:18.05800,1932.000,2
23:51:18.63600,1932.000,1
23:51:20.32000,1932.000,1
23:51:24.57800,1932.000,2
23:51:25.04200,1932.000,2
23:51:26.95300,1931.750,8
23:51:29.89800,1931.750,1
23:51:40.28100,1931.500,5
23:51:40.50000,1931.750,1
23:51:53.11700,1931.750,7
23:51:53.91000,1931.500,4
23:51:58.89400,1931.750,2
23:52:08.57800,1931.750,9
23:52:11.22600,1931.750,4
23:52:14.67900,1931.750,9
23:52:28.49200,1932.000,1
23:52:33.69500,1932.000,1
23:52:34.64400,1932.000,11
23:52:35.22600,1932.000,4
23:52:46.43300,1932.250,30
23:52:49.66700,1932.250,1
23:52:50.29200,1932.250,3
23:52:52.91400,1932.250,1
23:52:55.92900,1932.000,10
23:52:57.41700,1932.000,1
23:53:15.81200,1932.250,22
23:53:16.64000,1932.250,2
23:53:17.80800,1932.250,2
23:53:22.74600,1932.250,2
23:53:28.46000,1932.500,1
23:53:34.23800,1932.500,4
23:53:34.73400,1932.500,1
23:53:35.15200,1932.250,2
23:53:38.37500,1932.250,3
23:53:44.14800,1932.500,1
23:53:44.84300,1932.500,14
23:53:45.82800,1932.500,1
23:53:46.17100,1932.500,1
23:53:46.50000,1932.500,31
23:53:47.40200,1932.500,2
23:53:48.37500,1932.500,1
23:53:48.86700,1932.500,9
23:53:49.71400,1932.250,2
23:53:49.74200,1932.250,1
23:53:50.22200,1932.500,1
23:53:52.17100,1932.500,1
23:53:52.44900,1932.500,4
23:53:52.46000,1932.500,6
23:53:53.28500,1932.500,1
23:53:55.29200,1932.750,12
23:53:55.79200,1932.750,1
23:53:56.68300,1932.750,1
23:53:57.68300,1932.750,1
23:53:58.14000,1932.500,9
23:54:01.87800,1932.500,3
23:54:04.44100,1932.500,1
23:54:05.92900,1932.500,1
23:54:07.08200,1932.500,36
23:54:07.83500,1932.750,34
23:54:10.41000,1932.500,4
23:54:15.70300,1932.500,3
23:54:19.04200,1932.500,5
23:54:21.45300,1932.250,2
23:54:22.94900,1932.500,2
23:54:28.16700,1932.250,2
23:54:30.47600,1932.500,2
23:54:41.38200,1932.500,1
23:54:42.58200,1932.250,1
23:54:42.67900,1932.250,1
23:54:50.23000,1932.250,26
23:54:51.64000,1932.250,5
23:55:00.88200,1932.250,3
23:55:01.25700,1932.250,1
23:55:01.92900,1932.250,1
23:55:02.08500,1932.250,1
23:55:02.35100,1932.250,2
23:55:03.13200,1932.500,2
23:55:04.35900,1932.250,1
23:55:05.37800,1932.250,3
23:55:06.16000,1932.000,1
23:55:06.55800,1932.000,1
23:55:06.87800,1932.250,2
23:55:12.67900,1932.000,2
23:55:15.03900,1932.250,5
23:55:23.26900,1932.000,30
23:55:25.40600,1932.000,5
23:55:26.08200,1931.750,4
23:55:26.19100,1931.750,1
23:55:35.67100,1932.000,1
23:55:36.75300,1932.000,3
23:55:41.61700,1932.000,1
23:55:46.05400,1932.250,1
23:55:49.44900,1932.000,1
23:55:51.96400,1932.000,2
23:55:54.82400,1932.000,1
23:55:57.54600,1932.250,2
23:56:14.26900,1932.000,32
23:56:16.77700,1931.750,1
23:56:22.17500,1932.000,2
23:56:24.24200,1932.000,1
23:56:30.73800,1931.750,1
23:56:32.60500,1932.000,1
23:56:33.00700,1932.000,1
23:56:33.92500,1931.750,7
23:56:40.10900,1931.750,5
23:56:40.24600,1931.750,1
23:56:41.07400,1931.750,2
23:56:41.60500,1932.000,16
23:56:41.82400,1932.000,2
23:56:47.96800,1932.000,2
23:56:56.12100,1932.000,1
23:57:05.09300,1932.000,48
23:57:10.00000,1931.750,2
23:57:12.43300,1931.750,4
23:57:16.37500,1931.750,1
23:57:18.28900,1931.750,48
23:57:24.41000,1931.750,7
23:57:37.73400,1931.750,3
23:57:38.47600,1931.750,2
23:57:41.37500,1932.250,82
23:57:47.85500,1932.250,1
23:57:48.50000,1932.250,14
23:57:54.71800,1932.250,1
23:57:56.17500,1932.000,4
23:57:57.80400,1932.250,19
23:57:58.03100,1932.000,4
23:58:16.91400,1932.000,16
23:58:17.30000,1932.000,1
23:58:23.49200,1932.500,245
23:58:23.49600,1932.500,14
23:58:23.53900,1932.500,4
23:58:32.04600,1932.250,1
23:58:32.68300,1932.250,40
23:58:33.83200,1932.250,1
23:58:40.57000,1932.000,8
23:58:42.41700,1932.000,2
23:58:43.80000,1932.000,2
23:58:47.09300,1932.000,1
23:59:02.50700,1932.000,14
23:59:02.86700,1931.750,1
23:59:03.31200,1932.000,1
23:59:06.85500,1931.750,1
23:59:09.96400,1932.000,3
23:59:11.48400,1932.250,1
23:59:13.04200,1932.000,2
23:59:17.84300,1932.000,4
23:59:22.21000,1932.000,2
23:59:23.64000,1931.750,2
23:59:27.51900,1932.000,3
23:59:30.91400,1932.000,1
23:59:33.24200,1931.750,1
23:59:34.05000,1932.000,7
23:59:36.06200,1932.000,1
23:59:38.19100,1932.000,2
23:59:40.55000,1932.000,1
23:59:47.05800,1932.000,2
23:59:54.30000,1932.250,4
23:59:58.74200,1932.250,1
