21:00:00.42100,1949.250,0
21:00:02.36300,1949.250,3
21:00:03.14800,1949.000,1
21:00:06.95700,1949.250,1
21:00:10.89000,1949.250,10
21:00:11.83900,1949.250,1
21:00:13.04600,1949.000,1
21:00:16.55800,1949.250,10
21:00:17.93700,1949.250,3
21:00:28.95700,1949.250,6
21:00:37.21800,1949.500,1
21:00:57.76100,1949.250,3
21:00:58.27700,1949.250,1
21:00:59.64400,1949.250,1
21:01:09.11700,1949.250,8
21:01:11.37500,1949.250,1
21:01:14.34300,1949.500,3
21:01:26.66700,1949.500,2
21:01:26.92900,1949.500,1
21:01:28.48400,1949.500,1
21:01:31.46000,1949.250,2
21:01:35.66000,1949.250,27
21:01:39.87500,1949.000,33
21:01:40.91700,1949.000,74
21:01:42.80800,1948.750,5
21:01:43.08500,1948.750,7
21:01:44.57800,1948.750,1
21:01:45.24600,1949.000,2
21:01:47.16700,1948.750,1
21:01:48.44100,1948.750,2
21:01:49.60500,1948.750,2
21:01:52.76900,1949.000,1
21:01:54.40200,1948.750,1
21:01:55.33900,1948.750,1
21:01:57.02300,1948.750,2
21:02:02.90200,1948.750,91
21:02:02.97200,1948.500,1
21:02:03.11700,1948.500,26
21:02:03.31600,1948.500,3
21:02:04.07400,1948.500,1
21:02:04.96800,1948.500,14
21:02:07.33900,1948.500,6
21:02:08.80800,1948.500,1
21:02:10.31200,1948.500,1
21:02:18.75300,1948.500,1
21:02:19.70300,1948.750,12
21:02:21.80000,1948.750,17
21:02:27.41000,1948.750,20
21:02:29.34300,1948.750,5
21:02:34.61700,1948.750,2
21:02:35.22600,1948.750,5
21:02:37.33200,1949.000,5
21:02:38.01100,1948.750,57
21:02:40.89400,1948.750,3
21:02:42.19100,1948.750,1
21:02:43.65200,1948.750,3
21:02:44.20700,1948.750,2
21:02:46.09700,1948.750,8
21:02:46.30400,1949.000,3
21:02:49.32400,1948.750,3
21:02:50.65600,1949.000,2
21:02:51.30000,1948.750,2
21:02:52.62500,1948.750,1
21:02:57.13600,1948.750,1
21:02:58.78100,1948.750,1
21:02:59.11300,1948.750,1
21:03:03.26100,1948.750,13
21:03:09.02300,1948.500,1
21:03:09.64800,1948.750,1
21:03:11.54200,1948.750,2
21:03:12.22200,1948.750,1
21:03:18.32400,1948.500,1
21:03:19.00000,1948.500,2
21:03:19.97200,1948.750,26
21:03:20.11700,1948.750,1
21:03:23.51100,1948.750,17
21:03:28.64000,1948.750,1
21:03:30.11700,1948.750,6
21:03:31.66700,1948.750,5
21:03:39.49600,1948.750,17
21:03:41.28900,1948.750,1
21:03:48.50000,1948.750,2
21:03:48.81200,1948.750,14
21:03:49.51100,1948.750,3
21:03:51.03500,1948.750,1
21:03:57.23400,1948.750,5
21:03:57.94500,1948.750,4
21:03:59.68300,1948.750,3
21:04:08.33900,1948.750,4
21:04:09.00000,1948.750,1
21:04:12.22200,1948.750,10
21:04:13.37500,1948.750,3
21:04:19.51500,1948.750,2
21:04:21.81600,1948.750,1
21:04:36.32000,1948.750,9
21:04:39.52300,1948.500,1
21:04:41.28100,1948.750,12
21:04:41.36700,1948.750,2
21:04:41.61300,1949.000,2
21:04:45.39400,1949.000,5
21:04:50.75700,1949.000,1
21:04:51.25700,1949.000,1
21:04:51.80400,1949.000,2
21:04:52.32800,1948.750,1
21:04:56.60500,1949.000,1
21:05:04.79200,1948.750,13
21:05:09.12100,1948.750,16
21:05:16.73400,1949.000,21
21:05:17.25700,1949.000,1
21:05:25.77300,1949.250,8
21:05:28.14800,1949.250,27
21:05:28.57400,1949.500,2
21:05:34.67100,1949.500,1
21:05:35.68300,1949.250,7
21:05:54.84300,1949.250,4
21:05:55.21800,1949.500,1
21:05:57.51100,1949.250,2
21:06:06.03500,1949.500,3
21:06:18.26100,1949.500,1
21:06:20.80000,1949.500,1
21:06:23.46400,1949.500,2
21:06:25.39800,1949.250,2
21:06:35.54600,1949.500,45
21:06:40.59700,1949.750,38
21:06:41.24200,1950.000,6
21:06:45.96000,1950.000,1
21:06:49.07800,1950.000,2
21:06:50.63600,1950.000,1
21:06:57.42100,1949.750,2
21:06:59.08200,1950.000,1
21:06:59.26100,1949.750,1
21:07:03.34300,1950.250,49
21:07:05.66700,1950.250,1
21:07:09.02300,1950.000,17
21:07:13.82000,1950.000,1
21:07:14.22600,1949.750,2
21:07:16.25300,1949.750,7
21:07:17.37800,1949.750,2
21:07:20.10500,1949.750,1
21:07:20.31200,1950.000,1
21:07:21.54200,1950.000,1
21:07:27.24600,1950.000,2
21:07:32.66700,1949.750,12
21:07:38.55400,1949.500,1
21:07:42.28900,1949.750,2
21:07:42.50700,1949.750,7
21:07:42.65200,1949.500,1
21:07:43.97200,1949.750,1
21:07:45.12100,1949.750,2
21:07:53.09300,1949.750,2
21:07:53.88600,1949.750,4
21:08:23.08500,1949.750,2
21:08:23.53100,1949.750,4
21:08:51.39400,1950.000,51
21:08:54.39000,1950.000,9
21:08:54.97200,1950.000,1
21:08:55.81200,1950.000,1
21:08:57.82800,1950.000,1
21:08:58.41000,1950.000,3
21:08:58.83900,1950.000,2
21:09:08.97200,1950.000,13
21:09:11.76100,1950.000,7
21:09:12.69100,1950.000,1
21:09:22.01500,1950.000,1
21:09:35.39400,1949.750,34
21:09:35.91000,1949.750,4
21:09:39.62800,1949.750,5
21:09:41.39400,1950.000,74
21:09:45.03500,1950.000,1
21:09:46.87500,1950.000,1
21:09:48.50700,1950.000,1
21:09:51.10100,1950.000,7
21:09:54.74200,1950.000,1
21:09:59.22200,1950.000,1
21:10:12.18300,1950.000,4
21:10:14.69100,1950.000,1
21:10:17.57400,1950.000,18
21:10:23.40600,1950.000,5
21:10:23.55000,1949.750,1
21:10:26.08900,1949.750,2
21:10:55.71000,1949.750,1
21:11:55.05800,1949.750,46
21:11:58.52700,1950.000,25
21:12:05.89400,1950.000,6
21:12:08.30000,1950.000,1
21:12:11.03100,1950.000,8
21:12:14.01500,1950.000,1
21:12:15.58900,1950.000,1
21:12:18.38600,1950.250,1
21:12:24.87100,1950.000,1
21:12:25.79600,1950.000,8
21:12:37.19500,1949.750,1
21:12:48.34300,1949.750,17
21:12:48.43300,1949.750,1
21:12:52.63600,1949.500,2
21:12:53.58900,1949.750,1
21:12:54.08500,1949.750,1
21:12:55.57800,1949.750,2
21:12:55.67500,1949.750,2
21:12:56.19500,1949.750,5
21:12:57.63200,1949.750,1
21:12:58.04200,1949.750,4
21:13:05.50000,1949.500,3
21:13:12.64400,1949.750,17
21:13:22.43300,1949.750,1
21:13:55.81200,1949.750,2
21:13:56.70700,1949.750,8
21:13:56.94900,1949.750,3
21:13:57.10100,1949.750,1
21:13:58.13200,1949.500,2
21:14:06.81200,1949.750,6
21:14:32.37100,1949.750,2
21:14:36.77300,1949.500,1
21:14:41.34700,1949.500,1
21:14:44.95700,1949.500,1
21:15:00.51100,1949.750,2
21:15:11.62800,1949.500,1
21:15:21.90200,1949.750,7
21:15:31.03900,1950.000,30
21:15:31.32800,1950.250,2
21:15:32.54200,1950.000,8
21:15:34.80000,1950.000,2
21:15:34.91400,1950.000,2
21:15:49.85500,1949.750,1
21:15:51.45700,1949.750,14
21:16:32.26900,1949.500,2
21:16:43.01900,1949.500,45
21:16:43.11700,1949.500,1
21:16:43.21400,1949.500,1
21:16:48.06200,1949.500,20
21:17:12.15600,1949.500,8
21:17:21.73000,1949.500,1
21:17:26.00700,1949.500,8
21:17:26.39800,1949.500,2
21:17:26.61300,1949.500,1
21:17:31.35900,1949.500,4
21:17:40.39400,1949.500,2
21:17:44.31600,1949.500,2
21:17:44.41000,1949.500,1
21:17:44.50700,1949.500,1
21:17:46.07000,1949.250,5
21:17:50.92100,1949.500,6
21:17:52.75000,1949.500,5
21:18:13.63200,1949.250,8
21:18:24.34300,1949.250,1
21:18:30.42500,1949.250,2
21:18:31.32400,1949.250,46
21:18:39.21800,1949.250,1
21:18:42.03500,1949.250,7
21:18:50.03100,1949.250,1
21:18:52.52700,1949.500,23
21:18:55.75300,1949.500,5
21:19:02.56600,1949.500,9
21:19:05.35500,1949.500,1
21:19:10.21000,1949.500,8
21:19:12.93300,1949.500,1
21:19:15.21000,1949.500,5
21:19:16.10100,1949.500,12
21:19:30.37500,1949.500,1
21:19:45.42500,1949.250,1
21:19:51.25000,1949.500,1
21:19:52.93300,1949.250,5
21:19:55.74600,1949.250,3
21:20:05.48400,1949.250,11
21:20:08.82400,1949.250,16
21:20:11.08900,1949.250,1
21:20:14.14000,1949.250,1
21:20:28.00700,1949.250,10
21:20:40.48400,1949.500,1
21:21:07.44100,1949.250,22
21:21:19.05800,1949.250,24
21:21:27.70700,1949.250,5
21:21:37.06600,1949.250,2
21:21:38.94900,1949.250,2
21:21:43.53900,1949.000,2
21:21:55.20700,1949.250,2
21:21:56.07400,1949.250,2
21:22:21.76100,1949.500,51
21:22:25.33200,1949.500,3
21:22:28.17900,1949.500,8
21:22:48.42900,1949.500,8
21:22:53.27300,1949.500,3
21:22:57.72200,1949.500,1
21:22:59.04200,1949.500,6
21:23:12.58200,1949.500,2
21:23:22.39400,1949.750,80
21:23:27.76900,1949.750,1
21:23:28.39800,1950.000,10
21:23:31.54600,1950.000,1
21:23:35.10500,1950.000,1
21:23:35.51500,1949.750,8
21:23:41.92100,1949.750,1
21:24:13.48800,1950.000,41
21:24:14.38600,1949.750,1
21:24:16.23000,1950.000,1
21:24:18.82000,1950.000,2
21:24:21.51100,1950.000,1
21:24:30.28900,1950.000,1
21:24:35.10900,1949.750,1
21:24:54.06600,1949.750,1
21:25:42.67100,1950.000,73
21:25:56.66400,1950.000,1
21:25:57.14400,1950.250,9
21:26:12.80000,1950.000,30
21:26:13.18300,1950.000,3
21:26:15.80800,1950.000,1
21:26:16.25000,1950.000,8
21:26:16.74200,1950.000,1
21:26:17.95700,1950.000,6
21:26:27.68300,1950.000,19
21:26:29.71400,1950.000,2
21:26:30.35100,1950.000,1
21:26:33.20700,1950.000,9
21:26:36.30000,1950.000,2
21:26:40.19900,1949.750,1
21:26:44.44100,1950.000,9
21:26:45.64000,1950.250,1
21:26:46.04600,1950.000,1
21:26:47.00000,1950.000,7
21:26:47.25300,1950.000,2
21:26:51.01900,1950.000,6
21:26:51.71800,1950.000,1
21:27:29.34700,1950.250,3
21:27:30.76500,1950.000,1
21:27:33.33200,1950.000,1
21:27:50.41400,1950.000,5
21:27:57.73800,1950.000,5
21:27:59.94100,1950.000,2
21:28:12.92500,1950.000,20
21:28:15.41400,1949.750,1
21:28:24.41400,1949.750,2
21:28:26.89800,1950.000,1
21:28:31.53900,1949.750,1
21:28:54.27300,1949.750,1
21:28:59.68700,1950.000,61
21:29:08.73000,1950.250,51
21:29:09.31200,1950.250,2
21:29:12.57800,1950.500,8
21:29:12.70300,1950.500,1
21:29:20.17100,1950.500,2
21:29:23.65200,1950.250,3
21:29:23.85500,1950.500,25
21:29:31.29200,1950.500,2
21:29:32.68700,1950.500,1
21:29:34.62500,1950.500,1
21:29:35.57800,1950.250,38
21:29:38.44100,1950.250,2
21:30:00.53100,1950.250,14
21:30:01.66400,1950.250,2
21:30:04.58200,1950.500,3
21:30:12.12100,1950.500,46
21:30:12.16400,1950.500,1
21:30:27.05000,1950.750,7
21:30:27.72200,1950.500,1
21:30:29.51900,1950.500,26
21:30:36.07800,1950.500,6
21:30:38.60500,1950.500,3
21:30:46.88600,1950.500,7
21:30:54.68700,1950.500,1
21:30:58.69500,1950.500,1
21:31:05.80000,1950.500,24
21:31:42.39000,1950.750,29
21:31:45.25700,1950.750,1
21:31:46.70700,1950.750,1
21:31:49.23800,1950.750,11
21:31:58.95700,1950.750,7
21:32:01.41700,1950.750,17
21:32:04.17100,1951.000,4
21:32:05.20300,1951.000,1
21:32:07.64800,1950.750,1
21:32:10.47200,1951.000,1
21:32:15.22200,1950.750,2
21:32:17.78100,1950.750,1
21:32:18.80800,1951.000,1
21:32:20.82400,1950.750,1
21:32:22.44900,1951.000,34
21:32:26.57800,1951.000,1
21:32:28.25700,1951.000,17
21:32:29.56200,1950.750,20
21:32:33.17500,1951.000,1
21:32:35.02300,1951.000,5
21:32:36.93700,1951.000,1
21:32:39.42100,1951.000,1
21:32:41.00700,1951.000,1
21:32:43.06200,1951.000,17
21:32:43.69100,1951.000,2
21:32:53.84700,1951.250,49
21:32:54.40600,1951.000,96
21:33:01.82000,1951.250,3
21:33:04.09700,1951.000,1
21:33:06.31600,1951.250,11
21:33:07.35100,1951.250,1
21:33:07.49600,1951.250,1
21:33:08.52300,1951.500,8
21:33:08.96800,1951.500,1
21:33:09.28900,1951.500,10
21:33:09.92100,1951.500,1
21:33:10.91000,1951.250,2
21:33:12.41400,1951.250,1
21:33:14.27700,1951.250,2
21:33:21.22200,1951.250,1
21:33:21.72600,1951.250,1
21:33:26.42900,1951.250,7
21:33:26.73800,1951.250,1
21:33:27.82400,1951.500,1
21:33:31.32800,1951.250,1
21:33:35.92900,1951.500,1
21:33:36.33500,1951.250,1
21:33:37.69900,1951.250,5
21:33:39.24600,1951.250,4
21:33:59.93700,1951.000,2
21:34:04.45300,1951.000,25
21:34:05.64000,1951.000,1
21:34:06.79600,1950.750,1
21:34:07.40600,1951.000,1
21:34:11.23400,1951.000,4
21:34:11.37500,1951.000,1
21:34:13.46400,1951.250,5
21:34:16.27700,1951.000,1
21:34:21.07800,1951.000,4
21:34:23.23000,1950.750,2
21:34:25.38200,1951.000,6
21:34:27.71400,1951.000,5
21:34:32.29600,1951.000,1
21:34:40.64000,1950.750,6
21:34:43.84300,1951.000,1
21:34:47.27300,1951.000,2
21:34:53.21400,1951.000,4
21:34:58.10100,1951.250,1
21:35:00.51500,1951.250,2
21:35:04.44900,1951.250,14
21:35:05.56200,1951.250,1
21:35:07.17500,1951.250,3
21:35:12.23800,1951.250,3
21:35:13.17500,1951.250,16
21:35:18.85100,1951.250,12
21:35:19.90600,1951.250,4
21:35:20.23000,1951.250,1
21:35:21.23400,1951.250,1
21:35:21.64400,1951.250,3
21:35:22.11300,1951.250,1
21:35:23.03900,1951.250,3
21:35:29.80400,1951.250,1
21:35:30.93300,1951.250,14
21:35:31.10900,1951.250,1
21:35:31.91000,1951.250,2
21:35:33.75300,1951.500,10
21:35:41.33200,1951.250,3
21:35:50.73000,1951.250,1
21:35:52.70300,1951.500,9
21:36:03.42100,1951.250,77
21:36:03.56200,1951.250,3
21:36:13.50000,1951.250,16
21:36:15.08900,1951.250,2
21:36:19.76900,1951.250,1
21:36:25.37100,1951.000,4
21:36:29.48800,1951.250,1
21:36:30.94100,1951.250,1
21:36:34.25700,1951.000,1
21:36:39.92100,1951.000,47
21:36:41.57800,1951.000,60
21:36:41.71800,1951.000,1
21:36:44.03100,1951.000,1
21:36:44.44100,1951.000,18
21:36:47.15200,1951.000,4
21:36:51.11700,1950.750,6
21:36:54.72600,1951.000,2
21:36:55.22200,1951.000,2
21:36:55.91400,1950.750,2
21:37:08.52300,1950.750,3
21:37:11.82000,1951.000,1
21:37:18.54600,1951.000,9
21:37:20.55000,1951.000,2
21:37:22.14000,1951.000,9
21:37:25.75300,1951.000,4
21:37:29.47200,1951.000,30
21:38:09.74600,1951.000,73
21:39:20.50700,1951.250,56
21:39:28.37500,1951.250,64
21:39:28.44500,1951.250,3
21:39:33.38600,1951.250,28
21:39:34.68300,1951.250,1
21:39:35.45300,1951.500,10
21:39:35.76900,1951.500,1
21:39:45.78900,1951.250,9
21:39:48.15200,1951.250,1
21:39:51.39400,1951.500,1
21:40:20.52700,1951.250,5
21:40:22.46000,1951.500,1
21:40:23.50300,1951.250,1
21:40:38.55000,1951.250,1
21:40:41.16700,1951.250,1
21:40:42.42900,1951.500,92
21:40:45.56600,1951.500,12
21:40:45.60100,1951.500,1
21:40:46.03100,1951.500,1
21:40:46.44100,1951.500,1
21:40:47.00300,1951.500,13
21:40:53.85900,1951.500,1
21:40:56.47600,1951.500,2
21:41:00.80000,1951.500,11
21:41:01.37500,1951.500,5
21:41:02.25300,1951.500,22
21:41:04.33900,1951.500,1
21:41:20.52300,1951.250,2
21:41:28.40200,1951.250,1
21:41:30.51100,1952.000,171
21:41:30.55400,1952.000,2
21:41:30.90200,1952.000,1
21:41:33.51100,1951.750,1
21:41:35.07000,1952.000,87
21:41:35.59700,1952.000,3
21:41:35.69100,1952.000,2
21:41:36.07000,1952.000,31
21:41:36.26500,1952.000,5
21:41:36.67100,1952.000,2
21:41:38.95700,1952.000,5
21:41:39.66000,1952.250,1
21:41:40.92100,1952.000,1
21:41:41.76500,1952.000,11
21:41:42.16400,1952.000,1
21:41:46.93700,1951.750,1
21:41:48.54600,1952.000,5
21:41:49.35100,1952.000,3
21:41:49.86300,1952.000,4
21:41:53.78900,1952.250,1
21:41:55.09300,1952.000,1
21:41:56.07400,1952.250,2
21:41:56.82800,1952.250,1
21:41:58.53100,1952.000,3
21:41:58.97200,1952.000,2
21:42:10.39400,1952.000,6
21:42:12.70700,1952.250,139
21:42:15.03500,1952.250,5
21:42:16.46400,1952.250,13
21:42:17.96000,1952.500,16
21:42:20.53500,1952.250,11
21:42:21.09300,1952.250,1
21:42:21.19100,1952.500,1
21:42:22.08500,1952.500,2
21:42:22.83200,1952.250,67
21:42:25.33500,1952.250,8
21:42:29.92500,1952.250,3
21:42:31.16400,1952.250,5
21:42:37.85500,1952.500,1
21:42:39.33900,1952.500,1
21:42:44.02700,1952.500,20
21:42:47.87800,1952.250,47
21:42:51.06200,1952.500,2
21:42:54.37500,1952.250,1
21:42:55.41400,1952.250,4
21:42:55.69100,1952.500,5
21:42:59.33200,1952.500,1
21:43:00.42100,1952.250,2
21:43:06.15200,1952.250,2
21:43:12.33200,1952.250,1
21:43:14.51100,1952.500,20
21:43:18.18300,1952.250,1
21:43:19.59700,1952.250,56
21:43:20.57000,1952.000,4
21:43:22.39400,1952.000,1
21:43:32.09300,1952.250,1
21:43:35.33900,1952.000,1
21:43:44.34700,1952.000,1
21:43:47.12500,1952.250,23
21:43:55.50700,1952.250,1
21:43:56.48400,1952.000,1
21:44:04.23800,1952.250,2
21:44:04.69500,1952.250,1
21:44:05.92500,1952.000,1
21:44:06.14000,1952.250,1
21:44:07.17100,1952.000,1
21:44:11.74200,1952.250,5
21:44:11.92900,1952.250,2
21:44:12.95300,1952.250,13
21:44:13.62500,1952.250,14
21:44:14.18300,1952.250,1
21:44:16.92500,1952.250,1
21:44:20.82400,1952.500,80
21:44:21.19900,1952.750,43
21:44:21.21800,1952.750,1
21:44:21.37800,1952.500,53
21:44:22.32000,1952.750,3
21:44:22.48800,1952.750,1
21:44:22.87800,1953.000,85
21:44:23.01100,1953.000,16
21:44:23.05800,1952.750,4
21:44:23.28100,1953.000,1
21:44:23.66400,1952.750,1
21:44:24.77300,1952.750,1
21:44:25.08900,1953.000,1
21:44:25.89400,1953.000,5
21:44:26.58900,1953.000,1
21:44:31.03100,1953.000,1
21:44:32.69100,1952.750,1
21:44:33.18300,1952.750,1
21:44:34.59700,1953.000,1
21:44:34.72600,1953.000,1
21:44:35.78500,1953.000,3
21:44:37.42900,1953.000,1
21:44:38.89000,1953.000,13
21:44:41.27300,1953.000,1
21:44:42.05400,1953.250,86
21:44:42.20700,1953.000,11
21:44:44.41400,1952.750,1
21:44:45.05800,1953.000,2
21:44:45.61300,1953.000,8
21:44:50.63200,1952.750,1
21:44:53.05800,1953.000,11
21:44:54.44500,1953.000,8
21:44:55.03100,1953.000,1
21:44:57.01900,1953.000,6
21:44:57.70300,1953.000,1
21:44:57.81200,1953.000,2
21:44:59.93700,1952.750,2
21:45:07.47200,1953.000,21
21:45:07.87100,1953.000,18
21:45:08.16000,1953.000,6
21:45:08.32800,1953.000,2
21:45:09.11300,1953.000,1
21:45:09.69100,1953.000,1
21:45:12.42100,1953.000,1
21:45:12.90600,1953.000,1
21:45:14.20700,1953.000,33
21:45:15.58500,1953.000,1
21:45:15.82800,1952.750,1
21:45:20.60100,1952.750,7
21:45:22.47200,1952.750,1
21:45:23.92500,1953.000,12
21:45:27.18300,1952.750,1
21:45:27.40600,1953.000,1
21:45:29.34300,1953.000,1
21:45:29.61300,1952.750,1
21:45:33.46400,1952.750,58
21:45:36.39000,1952.500,1
21:45:36.92900,1952.750,6
21:45:38.33500,1952.750,1
21:45:38.73800,1952.750,3
21:45:38.95700,1953.000,2
21:45:43.28500,1952.750,2
21:45:44.04600,1952.750,35
21:45:45.02300,1953.000,1
21:45:46.05000,1953.000,2
21:45:49.12500,1953.000,1
21:45:54.91000,1953.000,5
21:46:08.96800,1952.750,6
21:46:10.15600,1952.750,3
21:46:12.31600,1952.750,1
21:46:15.74200,1952.750,1
21:46:16.45700,1953.000,1
21:46:18.16700,1952.750,5
21:46:21.81600,1952.750,1
21:46:27.35900,1952.750,1
21:46:29.71000,1952.750,10
21:46:30.68300,1952.750,17
21:46:35.51500,1952.750,6
21:46:36.42900,1952.750,7
21:46:40.11700,1952.750,5
21:46:40.84700,1952.750,3
21:46:41.50000,1952.750,7
21:46:42.00300,1952.750,5
21:46:47.89000,1952.750,3
21:46:48.58900,1952.750,1
21:46:49.91700,1952.750,4
21:47:09.22600,1952.750,3
21:47:11.92900,1952.500,1
21:47:14.76900,1952.500,26
21:47:15.36700,1952.500,16
21:47:17.35500,1952.500,1
21:47:21.44900,1952.250,6
21:47:25.31200,1952.250,1
21:47:27.37100,1952.250,1
21:47:27.92100,1952.250,1
21:47:30.46400,1952.250,2
21:47:31.84700,1952.250,5
21:47:34.18300,1952.250,25
21:47:34.48800,1952.250,1
21:47:37.83200,1952.250,3
21:47:42.08500,1952.250,1
21:47:43.42500,1952.250,1
21:47:44.21400,1952.250,4
21:47:47.95300,1952.250,1
21:47:49.69100,1952.000,3
21:47:50.49600,1952.250,1
21:47:52.24600,1952.250,1
21:47:52.50700,1952.000,1
21:47:53.35500,1952.000,1
21:48:00.85900,1952.250,2
21:48:07.10100,1952.000,1
21:48:09.97200,1952.000,100
21:48:10.94900,1952.000,8
21:48:19.76100,1951.750,15
21:48:20.82800,1951.750,10
21:48:22.67900,1952.000,2
21:48:35.03500,1951.750,20
21:48:37.16400,1952.000,20
21:48:39.44100,1952.000,1
21:48:42.85900,1952.000,1
21:48:45.12100,1952.000,9
21:48:45.30800,1952.000,3
21:48:46.32800,1952.000,2
21:48:57.67500,1952.000,1
21:48:58.40600,1952.000,6
21:48:59.33200,1952.000,1
21:49:02.94100,1952.000,11
21:49:04.83200,1952.000,2
21:49:13.13600,1952.000,1
21:49:13.91700,1952.250,4
21:49:14.52300,1952.000,20
21:49:21.15200,1952.000,2
21:49:26.13200,1952.000,2
21:49:30.35500,1952.000,1
21:49:33.25000,1952.250,1
21:49:39.04200,1952.250,1
21:49:39.30800,1952.250,35
21:49:40.89400,1952.250,1
21:49:52.21000,1952.500,4
21:49:56.14800,1952.500,2
21:50:08.39000,1952.250,28
21:50:11.86700,1952.000,1
21:50:14.10500,1952.250,1
21:50:17.11700,1952.000,1
21:50:21.23400,1952.000,11
21:50:26.85100,1952.000,1
21:50:27.34300,1952.000,21
21:50:35.26900,1952.000,1
21:50:37.77300,1952.000,1
21:50:48.71400,1952.000,2
21:50:57.35900,1952.000,4
21:51:04.25700,1952.250,47
21:51:08.57000,1952.250,26
21:51:12.00300,1952.500,1
21:51:14.35900,1952.250,27
21:51:16.80000,1952.250,1
21:51:29.85900,1952.250,10
21:51:32.29200,1952.250,1
21:51:43.61700,1952.250,1
21:51:43.88600,1952.250,2
21:51:47.49600,1952.250,10
21:51:49.09700,1952.250,26
21:51:50.50700,1952.250,1
21:52:17.29600,1952.250,4
21:52:18.48000,1952.250,6
21:52:18.80800,1952.250,1
21:52:18.92500,1952.250,4
21:52:21.91400,1952.250,1
21:52:25.82000,1952.250,1
21:52:26.63600,1952.250,1
21:52:31.94900,1952.250,1
21:52:39.69500,1952.250,14
21:52:40.78900,1952.250,1
21:52:46.62500,1952.250,2
21:53:25.90200,1952.250,16
21:53:40.07800,1952.250,1
21:54:04.36300,1952.250,11
21:54:10.52700,1952.000,41
21:54:11.65200,1952.000,9
21:54:14.50000,1952.000,3
21:54:16.78100,1952.000,5
21:54:18.66700,1952.000,2
21:54:27.11700,1952.000,10
21:54:43.03900,1952.000,3
21:54:48.19900,1952.000,4
21:55:00.51500,1952.000,3
21:55:03.11700,1952.000,1
21:55:04.29200,1952.000,11
21:55:10.38600,1952.000,5
21:55:13.11300,1952.250,1
21:55:15.94100,1952.250,1
21:55:17.14400,1952.250,1
21:55:17.65600,1952.250,1
21:55:25.19100,1952.250,1
21:55:29.60500,1952.000,2
21:55:31.49200,1952.000,1
21:55:34.62800,1952.000,1
21:55:44.78900,1952.250,10
21:55:49.73400,1952.000,1
21:55:53.61700,1952.250,23
21:55:54.33900,1952.500,2
21:55:56.79200,1952.250,3
21:55:58.06600,1952.500,2
21:56:05.69500,1952.250,3
21:56:10.16000,1952.250,54
21:56:13.19900,1952.250,1
21:56:14.96800,1952.250,5
21:56:22.52700,1952.250,2
21:56:25.64000,1952.250,11
21:56:32.90200,1952.250,1
21:56:47.03900,1952.250,1
21:56:50.03500,1952.250,1
21:56:52.82800,1952.250,1
21:56:55.59300,1952.250,1
21:56:57.82000,1952.500,3
21:56:58.36300,1952.250,1
21:57:02.86700,1952.250,4
21:57:03.67900,1952.500,1
21:57:04.10500,1952.500,1
21:57:13.11300,1952.500,1
21:57:17.89000,1952.500,1
21:57:27.13200,1952.500,1
21:57:28.01100,1952.500,1
21:57:34.36700,1952.500,4
21:57:47.86300,1952.250,6
21:58:02.08900,1952.000,2
21:58:11.17100,1952.250,27
21:58:22.44900,1952.250,2
21:58:42.24600,1952.250,1
21:58:43.64800,1952.250,2
21:58:47.32800,1952.000,1
21:58:47.73400,1952.250,1
21:59:03.05800,1952.500,6
21:59:03.28100,1952.000,1
21:59:03.63600,1952.250,1
21:59:25.50000,1952.250,1
21:59:30.37100,1952.500,3
21:59:34.14800,1952.500,1
21:59:39.20300,1952.250,1
21:59:50.28100,1952.500,1
21:59:57.31200,1952.250,1
21:59:57.51900,1952.250,8
22:00:08.30400,1952.250,0
22:00:08.51900,1952.250,3
22:00:15.58900,1952.500,6
22:00:16.42900,1952.250,1
22:00:19.75700,1952.500,1
22:00:20.69900,1952.250,6
22:00:23.95300,1952.250,1
22:00:40.65600,1952.250,11
22:00:41.13600,1952.250,2
22:00:44.03900,1952.250,3
22:00:46.33500,1952.250,1
22:00:46.76100,1952.250,2
22:01:17.72600,1952.000,23
22:01:20.48800,1952.000,6
22:01:27.39400,1952.000,87
22:01:31.08200,1952.000,10
22:01:38.54600,1951.750,3
22:01:42.58500,1951.750,1
22:02:20.17100,1951.750,11
22:02:20.73400,1952.000,2
22:02:22.55800,1951.750,1
22:02:22.83500,1952.000,1
22:02:26.89000,1952.000,2
22:02:31.55800,1952.000,1
22:02:36.45700,1952.000,1
22:02:59.60900,1952.000,35
22:03:08.40200,1952.000,5
22:03:22.32800,1952.000,29
22:03:27.56600,1952.000,12
22:03:31.71000,1952.250,2
22:03:33.69900,1952.000,6
22:03:37.38600,1952.000,2
22:03:39.00000,1952.000,2
22:03:39.42100,1952.000,2
22:03:40.41700,1952.000,1
22:03:43.18300,1952.000,13
22:03:43.35100,1952.000,1
22:03:45.57000,1952.000,1
22:03:58.14000,1952.000,10
22:04:20.66400,1952.250,53
22:04:42.21800,1952.250,5
22:04:45.82000,1952.250,38
22:04:45.89800,1952.250,1
22:04:49.93300,1952.250,1
22:04:51.47600,1952.250,5
22:05:04.36700,1952.000,41
22:05:08.78100,1952.000,2
22:05:16.69100,1952.000,1
22:05:18.51500,1952.000,1
22:05:22.90200,1952.000,1
22:05:31.09700,1952.000,2
22:05:33.42500,1951.750,5
22:05:43.97200,1952.000,3
22:05:53.94100,1952.000,1
22:06:04.87800,1951.750,2
22:06:07.01900,1951.750,1
22:06:09.23400,1951.750,8
22:06:11.90200,1952.000,1
22:06:14.92900,1952.000,1
22:06:40.22600,1952.000,1
22:06:59.30400,1951.750,2
22:06:59.93300,1951.750,9
22:07:05.58900,1951.500,37
22:07:05.71800,1951.500,2
22:07:06.01900,1951.750,1
22:07:06.70300,1951.500,15
22:07:07.15200,1951.750,1
22:07:09.95700,1951.500,1
22:07:17.71800,1951.500,1
22:07:18.57800,1952.000,172
22:07:19.14800,1952.000,38
22:07:26.79600,1952.000,10
22:07:40.27300,1951.750,1
22:07:41.38600,1951.750,1
22:07:42.86300,1952.000,1
22:07:43.11300,1951.750,37
22:07:43.34700,1951.750,4
22:07:48.26500,1951.750,3
22:07:57.37800,1951.750,22
22:08:04.06200,1951.500,45
22:08:05.97200,1951.500,5
22:08:08.59300,1951.500,5
22:08:15.54200,1951.500,4
22:08:24.22200,1951.250,2
22:08:26.18700,1951.500,7
22:08:37.69100,1951.500,2
22:08:41.19900,1951.500,1
22:08:44.75300,1951.500,1
22:08:59.35500,1951.500,5
22:08:59.93700,1951.250,5
22:09:06.40200,1951.500,5
22:09:11.58900,1951.500,1
22:09:16.86300,1951.500,1
22:09:27.35100,1951.750,10
22:09:33.45300,1951.750,1
22:09:46.08900,1951.500,6
22:10:01.53100,1951.500,5
22:10:04.35100,1951.500,1
22:10:15.33900,1951.500,9
22:10:38.86700,1951.500,4
22:10:44.89000,1951.500,8
22:10:59.94900,1951.250,4
22:11:12.07800,1951.500,9
22:11:15.20700,1951.500,1
22:11:18.34700,1951.500,4
22:11:21.58500,1951.500,5
22:11:23.95300,1951.250,1
22:11:28.37100,1951.250,1
22:11:29.91000,1951.500,2
22:11:47.22200,1951.250,2
22:11:58.69500,1951.500,19
22:11:59.20700,1951.500,1
22:12:07.51900,1951.500,3
22:12:08.71800,1951.250,1
22:12:18.74600,1951.250,1
22:12:19.27700,1951.500,1
22:12:25.71000,1951.500,6
22:12:29.85500,1951.500,8
22:12:47.09300,1951.250,1
22:12:48.85900,1951.500,12
22:12:54.91400,1951.250,5
22:13:02.35500,1951.500,12
22:13:14.38600,1951.500,1
22:13:14.83900,1951.250,2
22:13:16.71000,1951.500,106
22:13:18.30000,1951.250,5
22:13:20.47200,1951.250,1
22:13:21.89400,1951.250,27
22:13:27.25000,1951.250,1
22:13:29.76500,1951.250,82
22:13:32.09700,1951.250,39
22:13:33.23800,1951.250,11
22:13:33.78100,1951.000,113
22:13:38.10900,1951.250,3
22:13:39.34300,1951.000,1
22:13:42.56600,1951.250,13
22:13:42.89000,1951.250,1
22:13:43.84300,1951.250,23
22:13:45.08900,1951.250,1
22:13:47.54200,1951.250,11
22:13:50.46800,1951.000,37
22:13:57.06200,1951.000,66
22:13:57.39400,1951.250,36
22:13:59.18300,1951.250,1
22:14:04.49200,1951.500,11
22:14:09.97200,1951.250,1
22:14:16.39400,1951.250,16
22:14:18.29600,1951.250,1
22:14:37.36300,1951.250,14
22:14:45.05800,1951.250,1
22:14:49.19900,1951.250,11
22:14:58.40200,1951.250,6
22:15:00.60900,1951.500,3
22:15:04.74600,1951.250,3
22:15:05.48400,1951.500,36
22:15:08.41700,1951.500,5
22:15:09.79600,1951.500,1
22:15:12.09300,1951.250,52
22:15:13.26100,1951.500,4
22:15:15.91000,1951.500,1
22:15:16.50300,1951.500,28
22:15:20.41400,1951.500,19
22:15:24.50300,1951.500,1
22:15:31.78500,1951.500,1
22:15:42.90600,1951.500,9
22:15:44.96000,1951.500,4
22:15:45.08200,1951.750,6
22:15:49.07400,1951.750,1
22:15:59.29600,1951.750,193
22:16:11.92900,1951.750,21
22:16:12.50700,1951.750,4
22:16:15.19100,1951.750,7
22:16:20.58900,1951.750,1
22:16:28.72600,1952.000,40
22:16:29.80800,1952.000,1
22:16:30.22200,1952.000,3
22:16:30.35900,1952.000,2
22:16:30.48800,1951.750,1
22:16:30.60100,1951.750,1
22:16:30.70700,1951.750,1
22:16:30.83900,1951.750,2
22:16:31.83900,1952.000,1
22:16:32.12100,1952.000,2
22:16:34.42900,1952.000,2
22:16:35.82000,1952.000,2
22:16:48.30000,1952.000,1
22:16:53.81200,1952.000,1
22:16:57.05800,1952.250,3
22:17:11.11300,1952.250,27
22:17:11.23800,1952.250,1
22:17:11.48800,1952.250,1
22:17:12.10100,1952.000,1
22:17:19.09700,1952.250,46
22:17:19.13200,1952.500,1
22:17:20.83200,1952.250,2
22:17:21.64400,1952.250,1
22:17:22.60500,1952.500,1
22:17:25.57800,1952.250,25
22:17:26.12800,1952.250,9
22:17:29.58500,1952.250,8
22:17:31.12800,1952.250,1
22:17:32.08500,1952.250,15
22:17:37.20300,1952.250,1
22:17:37.41000,1952.250,6
22:17:38.01100,1952.000,1
22:17:38.59700,1952.250,21
22:17:38.82000,1952.250,1
22:17:39.57400,1952.250,4
22:17:44.04600,1952.000,6
22:17:45.03500,1952.000,8
22:17:45.45300,1952.000,3
22:17:46.53500,1952.000,1
22:18:05.20700,1951.500,45
22:18:05.69500,1951.750,1
22:18:07.47200,1951.750,2
22:18:12.05000,1951.750,9
22:18:12.42500,1951.750,1
22:18:16.92500,1951.750,1
22:18:44.48400,1951.750,1
22:18:45.42900,1951.750,21
22:18:50.05000,1951.750,2
22:18:55.16400,1951.750,2
22:19:25.07400,1951.500,6
22:19:27.96800,1951.500,10
22:19:29.86300,1951.750,4
22:19:42.83200,1951.750,6
22:19:50.64800,1952.000,66
22:19:51.16400,1952.000,5
22:20:10.06600,1951.750,6
22:20:10.56200,1951.750,1
22:20:12.86300,1951.750,11
22:20:18.33200,1951.750,45
22:20:20.78900,1951.750,1
22:20:21.29200,1951.750,4
22:20:26.15600,1951.750,6
22:20:29.57000,1951.750,1
22:20:37.52300,1951.750,1
22:20:39.21400,1951.750,1
22:20:48.64800,1951.750,1
22:21:09.51100,1952.000,2
22:21:12.58900,1952.000,2
22:21:20.83900,1952.000,1
22:21:47.37100,1952.000,11
22:21:47.78500,1952.000,31
22:21:50.41400,1952.250,115
22:21:50.71400,1952.250,34
22:21:51.58900,1952.250,1
22:21:56.25000,1952.250,8
22:22:18.30800,1952.250,6
22:22:20.25000,1952.000,1
22:22:22.23800,1952.000,1
22:22:44.71800,1952.000,2
22:22:45.30400,1952.000,41
22:22:45.88600,1952.000,3
22:22:47.05800,1952.000,4
22:22:47.35900,1952.000,2
22:22:56.70300,1951.750,10
22:23:05.70700,1951.750,32
22:23:07.31600,1951.750,4
22:23:17.38200,1951.750,1
22:23:18.37800,1951.750,14
22:23:24.76100,1951.750,6
22:23:32.76900,1951.750,4
22:23:35.38200,1951.750,2
22:23:46.02700,1951.750,1
22:23:50.42100,1951.750,1
22:23:54.26900,1951.750,10
22:23:58.61700,1951.750,2
22:24:18.68700,1951.750,8
22:24:24.26900,1951.500,1
22:24:34.06200,1951.750,6
22:24:46.04600,1951.750,12
22:24:46.67100,1951.750,1
22:24:55.32400,1951.750,3
22:25:27.57000,1951.750,11
22:25:32.54200,1951.500,1
22:25:41.69900,1951.750,1
22:25:42.58500,1951.750,3
22:25:45.30000,1951.750,1
22:25:51.71000,1951.500,3
22:26:23.36300,1951.750,7
22:26:25.32400,1951.750,1
22:26:26.21400,1951.750,2
22:26:26.62100,1952.000,1
22:26:31.76100,1951.750,1
22:26:34.59700,1951.750,1
22:26:44.75700,1951.750,2
22:26:46.62100,1951.750,6
22:26:47.07000,1951.750,2
22:26:50.15600,1951.750,6
22:26:51.09300,1951.750,1
22:26:52.22200,1951.750,5
22:26:54.89000,1951.500,1
22:26:57.01900,1951.500,1
22:27:45.87800,1951.500,67
22:27:46.96000,1951.250,1
22:27:48.16400,1951.500,3
22:27:57.85500,1951.250,1
22:28:05.60500,1951.250,94
22:28:05.96000,1951.250,2
22:28:07.71400,1951.250,1
22:28:09.48400,1951.250,19
22:28:11.31600,1951.250,46
22:28:11.57800,1951.250,2
22:28:11.87100,1951.250,36
22:28:13.04600,1951.500,4
22:28:14.37100,1951.500,1
22:28:17.28100,1951.500,9
22:28:17.42100,1951.500,1
22:28:25.83900,1951.500,2
22:28:57.33500,1951.500,1
22:29:09.88600,1951.250,2
22:29:22.01100,1951.500,2
22:29:22.17500,1951.500,1
22:29:22.81200,1951.500,1
22:29:25.95300,1951.500,3
22:29:30.42100,1951.250,22
22:29:30.70300,1951.250,3
22:29:33.57000,1951.250,1
22:29:34.69500,1951.250,1
22:29:35.52700,1951.250,1
22:29:41.43300,1951.250,2
22:29:41.94100,1951.250,1
22:29:45.11700,1951.250,6
22:29:45.40200,1951.250,2
22:29:45.82800,1951.250,3
22:29:47.48800,1951.250,8
22:30:00.07000,1952.500,983
22:30:00.07000,1952.250,11
22:30:00.07000,1952.500,29
22:30:00.14000,1952.750,22
22:30:00.14400,1952.750,25
22:30:00.15200,1952.500,27
22:30:00.15200,1952.500,24
22:30:00.15200,1952.500,28
22:30:00.15200,1952.500,37
22:30:00.15200,1952.500,18
22:30:00.25700,1952.500,115
22:30:00.29600,1952.500,3
22:30:00.48000,1952.500,6
22:30:00.60500,1952.500,1
22:30:00.66000,1952.500,1
22:30:01.76100,1952.250,22
22:30:04.74200,1952.250,1
22:30:05.26500,1952.250,24
22:30:05.89000,1952.250,5
22:30:07.23400,1952.250,1
22:30:07.41700,1952.250,1
22:30:07.89400,1952.250,6
22:30:10.63600,1952.000,1
22:30:12.21400,1952.000,1
22:30:13.14000,1952.000,64
22:30:19.39800,1952.000,2
22:30:19.61700,1952.000,28
22:30:20.11300,1952.000,1
22:30:20.87500,1952.000,17
22:30:21.96400,1952.000,1
22:30:22.50300,1951.750,4
22:30:23.55800,1952.000,1
22:30:24.51500,1952.000,1
22:30:28.18300,1951.750,63
22:30:30.70300,1951.500,7
22:30:31.10100,1951.500,11
22:30:31.48000,1951.750,2
22:30:33.96000,1951.750,1
22:30:34.34700,1951.500,6
22:30:34.82000,1951.750,2
22:30:35.02700,1951.250,10
22:30:41.33200,1951.500,46
22:30:41.92500,1951.250,1
22:30:48.58500,1951.500,10
22:30:49.13600,1951.500,15
22:30:50.35900,1951.500,1
22:30:50.95700,1951.500,8
22:30:52.37100,1951.500,6
22:30:54.04600,1951.500,1
22:30:57.02300,1951.250,1
22:31:02.92100,1951.250,2
22:31:03.94900,1951.500,15
22:31:05.02300,1951.500,2
22:31:06.22200,1951.500,1
22:31:11.48800,1951.500,1
22:31:12.18300,1951.500,1
22:31:14.78500,1951.250,3
22:31:20.37800,1951.500,2
22:31:22.19900,1951.750,1
22:31:23.52700,1951.500,1
22:31:30.41700,1951.500,5
22:31:31.85900,1951.500,9
22:31:37.65200,1951.500,6
22:31:38.00300,1951.250,1
22:31:38.30000,1951.500,3
22:31:38.85500,1951.250,1
22:31:57.68300,1951.250,55
22:31:57.81200,1951.250,13
22:31:58.17500,1951.500,8
22:31:58.83900,1951.250,1
22:32:06.41000,1951.250,3
22:32:10.27300,1951.500,1
22:32:11.72200,1951.250,2
22:32:13.80400,1951.250,1
22:32:19.31600,1951.500,4
22:32:20.57800,1951.500,7
22:32:36.15600,1951.750,3
22:32:38.28100,1951.500,2
22:32:46.57800,1951.500,1
22:32:49.95300,1951.750,15
22:32:53.41700,1951.750,2
22:32:55.96400,1951.750,1
22:32:56.70300,1951.750,1
22:33:20.50300,1951.750,11
22:33:24.12100,1952.000,1
22:33:25.08500,1952.000,36
22:33:26.18300,1952.000,1
22:33:26.38200,1952.000,1
22:33:28.21800,1952.000,1
22:33:28.67100,1952.000,1
22:33:31.04200,1952.000,1
22:33:32.73800,1952.000,4
22:33:33.01100,1952.000,1
22:33:34.17900,1952.000,1
22:33:34.51900,1952.250,10
22:33:35.08500,1952.000,6
22:33:37.27300,1952.000,5
22:33:39.58900,1952.000,2
22:33:47.88200,1952.000,2
22:33:49.83200,1952.000,3
22:34:04.90600,1952.500,21
22:34:08.74600,1952.500,6
22:34:12.28500,1952.500,1
22:34:13.14800,1952.250,6
22:34:13.51900,1952.250,11
22:34:14.04600,1952.250,1
22:34:14.09300,1952.250,1
22:34:15.00300,1952.250,2
22:34:19.97200,1952.250,1
22:34:22.12100,1952.250,5
22:34:25.47600,1952.500,1
22:34:34.36300,1952.250,16
22:34:34.51500,1952.250,1
22:34:37.51900,1952.250,1
22:34:41.57000,1952.250,1
22:34:44.70300,1952.250,1
22:34:46.45300,1952.250,1
22:34:54.33500,1952.500,1
22:34:54.94900,1952.250,1
22:34:55.87800,1952.250,1
22:35:04.67900,1952.500,20
22:35:06.38200,1952.250,1
22:35:08.64400,1952.250,7
22:35:16.55800,1952.250,4
22:35:20.59300,1952.250,1
22:35:20.92900,1952.250,1
22:35:24.84700,1952.500,5
22:35:25.64800,1952.500,1
22:35:29.89400,1952.500,4
22:35:31.03100,1952.250,1
22:35:37.93700,1952.500,7
22:35:38.28500,1952.500,2
22:35:40.30000,1952.500,1
22:35:41.11700,1952.500,1
22:35:46.73000,1952.500,2
22:35:49.91700,1952.500,2
22:35:52.74200,1952.500,2
22:35:57.63600,1952.500,1
22:36:03.91700,1952.500,2
22:36:05.71000,1952.500,1
22:36:07.71400,1952.500,1
22:36:09.50700,1952.500,3
22:36:10.53100,1952.500,4
22:36:19.16400,1952.500,5
22:36:20.49600,1952.500,4
22:36:21.63200,1952.500,1
22:36:27.53500,1952.500,2
22:36:28.49600,1952.500,4
22:36:36.79200,1952.250,1
22:36:44.88200,1952.250,30
22:36:46.78100,1952.250,2
22:36:47.91400,1952.250,2
22:36:49.06200,1952.250,1
22:36:50.75300,1952.250,1
22:36:50.92100,1952.250,1
22:36:51.86700,1952.250,3
22:36:54.50700,1952.250,4
22:36:58.80400,1952.000,3
22:37:10.97200,1952.250,3
22:37:15.30800,1952.000,29
22:37:17.37800,1952.000,12
22:37:24.17500,1952.000,11
22:37:25.53900,1952.000,2
22:37:28.30800,1952.000,1
22:37:48.21800,1952.000,1
22:37:52.44500,1952.000,3
22:38:24.30400,1952.000,5
22:38:27.89000,1952.000,46
22:38:31.69500,1951.750,2
22:38:45.23000,1951.750,1
22:38:51.52300,1951.750,1
22:39:04.18700,1951.750,3
22:39:13.19900,1951.750,3
22:39:14.04200,1951.750,12
22:39:27.70700,1951.750,10
22:39:31.80000,1951.750,1
22:39:35.03100,1951.750,23
22:39:38.57400,1951.750,1
22:39:49.64800,1951.750,1
22:39:56.63600,1951.750,11
22:40:03.48400,1951.750,2
22:40:07.34300,1951.750,1
22:40:10.15200,1951.750,5
22:40:22.25000,1951.750,1
22:40:23.25000,1951.750,2
22:40:28.88200,1951.500,8
22:40:31.40200,1952.000,5
22:40:33.57000,1952.000,1
22:40:50.51900,1951.500,1
22:40:53.35500,1951.750,1
22:40:55.88600,1951.750,3
22:40:57.91700,1951.750,2
22:41:13.45300,1952.000,5
22:41:13.69900,1952.000,54
22:41:14.31600,1951.750,2
22:41:23.30800,1952.000,1
22:41:33.60500,1951.750,2
22:41:46.23400,1952.000,1
22:41:46.64400,1951.750,5
22:42:37.89000,1951.750,4
22:42:38.77300,1952.000,1
22:42:45.10900,1951.750,3
22:42:45.55800,1951.750,19
22:42:45.76900,1951.750,3
22:43:13.01500,1951.750,9
22:43:20.62800,1951.750,1
22:43:27.75700,1951.750,1
22:43:34.67500,1951.750,4
22:43:40.17900,1952.000,10
22:43:42.55000,1952.000,6
22:43:42.92100,1951.750,1
22:44:00.57400,1952.000,2
22:44:04.51500,1952.000,1
22:44:14.79600,1952.000,1
22:44:21.53500,1952.000,1
22:44:41.69500,1952.000,1
22:44:43.45700,1952.000,1
22:45:01.31200,1951.750,22
22:45:08.37500,1951.750,4
22:45:09.92100,1952.000,2
22:45:19.71400,1952.000,1
22:45:20.56600,1951.750,9
22:45:24.79200,1951.750,1
22:45:27.72200,1951.750,3
22:45:41.96800,1951.750,5
22:45:50.62800,1951.750,4
22:45:51.51900,1951.750,2
22:45:55.35900,1951.750,5
22:46:35.31200,1951.750,2
22:46:47.10500,1951.750,5
22:47:15.28100,1952.000,8
22:47:16.14800,1952.000,8
22:47:16.76100,1952.000,2
22:47:18.35100,1952.000,37
22:47:19.19900,1952.000,13
22:47:23.82800,1952.000,9
22:47:25.90600,1952.000,3
22:47:36.93300,1952.000,2
22:47:49.52700,1952.000,12
22:47:55.48800,1952.000,3
22:47:57.68300,1952.000,6
22:48:10.64000,1952.000,3
22:48:12.59700,1951.750,5
22:48:19.31200,1952.000,1
22:48:19.58500,1952.000,1
22:48:19.87500,1952.000,1
22:48:29.12800,1951.750,110
22:48:29.19900,1951.500,8
22:48:32.57000,1951.750,2
22:48:32.90600,1951.750,4
22:48:42.08200,1951.750,5
22:48:45.76500,1951.750,11
22:48:50.84300,1951.500,5
22:49:05.53100,1951.500,109
22:49:09.83900,1951.750,6
22:49:13.07800,1951.750,3
22:49:18.96000,1951.750,5
22:49:19.41700,1951.750,1
22:49:39.08900,1951.500,51
22:49:39.60900,1951.500,2
22:49:41.49200,1951.500,1
22:49:44.16000,1951.500,3
22:49:44.73000,1951.500,49
22:49:46.60900,1951.750,61
22:49:56.68700,1951.750,1
22:50:05.60100,1951.750,6
22:50:07.88600,1951.750,136
22:50:23.27700,1951.750,113
22:50:33.87800,1951.750,82
22:50:46.32000,1951.500,29
22:50:54.00700,1951.500,6
22:50:54.48800,1951.500,1
22:50:59.70700,1951.500,1
22:51:36.48800,1951.000,77
22:51:37.25000,1951.000,9
22:51:42.26100,1951.250,2
22:51:44.48800,1951.250,1
22:51:45.35500,1951.250,1
22:51:48.68300,1951.000,1
22:51:49.26100,1951.000,1
22:51:51.68300,1951.000,1
22:51:53.85900,1951.000,1
22:51:54.51900,1951.000,1
22:51:58.89000,1951.000,1
22:52:21.34300,1951.000,4
22:52:24.26100,1951.000,1
22:52:26.83200,1951.000,56
22:52:31.74600,1950.750,21
22:52:32.51100,1950.750,1
22:52:36.19900,1951.000,5
22:52:44.03100,1951.000,1
22:52:44.32400,1950.750,10
22:52:47.57400,1950.750,28
22:52:47.81200,1950.750,5
22:52:47.82800,1950.750,3
22:52:49.26900,1950.750,1
22:52:51.17100,1951.000,1
22:53:29.26500,1951.000,24
22:53:33.05800,1951.000,5
22:53:33.39800,1951.000,2
22:53:38.84300,1951.000,1
22:53:56.07400,1951.000,3
22:54:16.17500,1951.000,6
22:54:26.14800,1951.250,1
22:55:16.33500,1951.250,59
22:55:22.32400,1951.250,9
22:55:23.76900,1951.250,5
22:55:50.03900,1951.250,3
22:55:50.22200,1951.250,3
22:56:20.85900,1951.000,6
22:56:29.10500,1951.000,3
22:56:40.14000,1950.500,21
22:56:40.28900,1950.750,3
22:56:46.49200,1950.750,38
22:56:48.94900,1950.750,2
22:56:49.17900,1950.500,1
22:56:51.49600,1950.500,1
22:56:53.25300,1950.500,1
22:57:01.02300,1950.750,4
22:57:01.64000,1950.750,1
22:57:02.78500,1950.750,13
22:57:14.08900,1950.750,1
22:58:09.29200,1950.750,28
22:58:13.51100,1950.750,2
22:58:15.62800,1950.750,8
22:58:24.92500,1950.500,40
22:58:25.23400,1950.750,4
22:58:25.40600,1950.750,1
22:58:28.52300,1950.500,5
22:58:37.83500,1950.500,2
22:58:41.33200,1950.500,3
22:58:56.05800,1950.500,2
22:58:56.27700,1950.500,2
22:58:56.75700,1950.500,1
22:59:08.50300,1950.500,9
22:59:08.69500,1950.750,21
22:59:09.83900,1950.750,6
22:59:11.84700,1950.500,2
22:59:13.63600,1950.500,1
22:59:15.32000,1950.500,1
22:59:18.48400,1950.500,1
22:59:34.21400,1950.750,3
22:59:38.40600,1950.750,1
22:59:39.25300,1950.750,1
22:59:58.77300,1950.750,1
22:59:59.97200,1950.500,1
23:00:09.90200,1950.750,0
23:00:13.84700,1951.000,1
23:00:14.57800,1950.750,2
23:00:15.02300,1950.750,2
23:00:15.10100,1950.750,1
23:00:15.27300,1950.750,4
23:00:18.96800,1950.750,11
23:00:28.85900,1950.750,5
23:00:32.68300,1950.500,2
23:00:37.64800,1950.500,5
23:00:41.46400,1950.500,1
23:00:57.30800,1950.500,124
23:01:02.52700,1950.500,6
23:01:08.24200,1950.500,6
23:01:11.75300,1950.500,2
23:01:11.91700,1950.500,3
23:01:13.76100,1950.500,1
23:01:13.97200,1950.500,7
23:01:19.73000,1950.500,1
23:01:23.46400,1950.500,13
23:01:23.78500,1950.500,3
23:01:27.01100,1950.500,64
23:01:27.01100,1950.500,16
23:01:27.28100,1950.250,9
23:01:29.01100,1950.500,3
23:01:32.91000,1950.500,1
23:01:39.37100,1950.250,1
23:01:55.02700,1950.500,7
23:01:56.12800,1950.500,1
23:02:14.71800,1950.250,269
23:02:15.71000,1950.000,1
23:02:15.87800,1950.250,1
23:02:15.95300,1950.000,2
23:02:18.07000,1950.250,26
23:02:18.93300,1950.250,2
23:02:22.26500,1950.250,1
23:02:23.94500,1950.250,1
23:02:24.74600,1950.250,1
23:02:30.53100,1950.250,1
23:02:32.48400,1950.250,1
23:02:34.32000,1950.250,1
23:02:37.16000,1950.250,18
23:02:38.61300,1950.250,2
23:02:39.32400,1950.250,1
23:02:39.61300,1950.250,1
23:02:48.73400,1950.250,1
23:02:50.46800,1950.250,22
23:02:52.41700,1950.500,1
23:03:02.07000,1950.250,2
23:03:06.93700,1950.250,1
23:03:34.73400,1950.250,1
23:03:44.17900,1950.250,23
23:03:44.63200,1950.250,1
23:03:48.64000,1950.250,1
23:03:58.39400,1950.250,1
23:04:44.25000,1950.250,16
23:04:46.33200,1950.250,2
23:04:50.31200,1950.250,2
23:05:19.41000,1950.250,7
23:05:41.46800,1950.250,5
23:06:10.89000,1950.250,11
23:06:13.90600,1950.000,1
23:06:19.53500,1950.000,1
23:06:28.10100,1950.250,1
23:06:40.30800,1951.000,319
23:06:40.39000,1951.000,6
23:06:41.10500,1951.250,4
23:06:43.55400,1951.000,2
23:06:45.14800,1951.250,1
23:06:47.62500,1951.250,1
23:06:50.50300,1951.250,2
23:06:52.64800,1951.250,1
23:07:01.38600,1951.500,50
23:07:02.73800,1951.500,2
23:07:03.25700,1951.500,1
23:07:04.16000,1951.500,2
23:07:04.44500,1951.500,2
23:07:06.15200,1951.250,77
23:07:08.17100,1951.250,28
23:07:08.31200,1951.250,5
23:07:09.34300,1951.250,16
23:07:10.57000,1951.250,1
23:07:16.91400,1951.250,1
23:07:20.51900,1951.000,8
23:07:25.56600,1951.250,1
23:07:30.20700,1951.250,1
23:07:31.01900,1951.250,12
23:07:35.32400,1951.250,1
23:07:36.10100,1951.250,1
23:07:40.03900,1951.500,2
23:07:44.69500,1951.250,1
23:07:45.64800,1951.250,5
23:07:59.31200,1951.500,1
23:08:06.03500,1951.250,2
23:08:08.06200,1951.500,1
23:08:15.66400,1951.250,1
23:08:21.35100,1951.250,1
23:08:36.21800,1951.500,1
23:08:45.77700,1951.250,8
23:08:46.88600,1951.250,2
23:08:59.33900,1951.500,2
23:09:01.80400,1951.250,2
23:09:09.32000,1951.500,1
23:09:20.41000,1951.500,1
23:09:20.87500,1951.250,1
23:09:47.53500,1951.500,14
23:09:52.72600,1951.750,1
23:09:57.44900,1951.750,1
23:10:01.56600,1951.750,15
23:10:02.61700,1951.750,22
23:10:02.96400,1951.750,2
23:10:04.75300,1952.000,2
23:10:04.83900,1952.000,2
23:10:14.87800,1951.750,1
23:10:21.17100,1952.000,5
23:10:28.50700,1951.750,1
23:10:29.50700,1951.750,1
23:10:29.73400,1951.750,1
23:10:30.77700,1951.750,40
23:10:32.35100,1951.750,1
23:10:32.70300,1951.750,1
23:10:37.91400,1951.500,1
23:10:38.29600,1951.500,5
23:10:48.34300,1951.500,5
23:10:50.82000,1951.500,18
23:10:51.07800,1951.500,1
23:10:51.62800,1951.500,6
23:11:19.03900,1951.750,21
23:11:20.35100,1952.000,1
23:11:26.05800,1952.000,1
23:11:28.65600,1952.000,1
23:11:56.41700,1951.750,15
23:12:04.80800,1951.750,7
23:12:13.93700,1951.750,1
23:12:16.03500,1951.750,4
23:12:21.13200,1951.750,1
23:12:27.61300,1951.750,1
23:12:27.84300,1951.750,1
23:12:29.55400,1951.750,1
23:12:38.70300,1951.750,1
23:12:49.62500,1951.750,4
23:12:51.51900,1951.750,6
23:13:39.95700,1951.750,10
23:13:54.25700,1951.750,5
23:14:05.14800,1952.000,4
23:14:09.64400,1951.750,1
23:14:15.75300,1951.750,3
23:14:20.56200,1951.500,1
23:14:23.22600,1951.750,1
23:14:31.66700,1951.750,1
23:14:49.21400,1951.750,6
23:14:54.14800,1951.500,5
23:14:58.50300,1951.750,1
23:15:12.09700,1951.500,27
23:15:20.94900,1951.500,1
23:15:34.80800,1951.500,1
23:15:42.85900,1951.500,1
23:15:44.80400,1951.750,13
23:15:49.10500,1951.750,1
23:15:52.44500,1951.750,7
23:15:54.22200,1951.750,1
23:15:55.58900,1951.750,1
23:16:02.82400,1951.750,5
23:16:13.47600,1951.750,13
23:16:19.55400,1951.750,1
23:16:44.51500,1951.750,1
23:16:47.91700,1951.750,1
23:16:49.84700,1951.500,1
23:17:05.41700,1951.750,7
23:17:06.48400,1951.750,2
23:17:14.67100,1952.000,20
23:17:37.73800,1952.000,2
23:17:40.87500,1951.750,4
23:17:43.29200,1951.500,25
23:17:56.68700,1951.500,18
23:18:02.10500,1951.500,2
23:18:02.49600,1951.500,1
23:18:03.10500,1951.500,5
23:18:14.08900,1951.500,8
23:18:18.27700,1951.500,8
23:18:24.33500,1951.500,1
23:18:38.32400,1951.500,5
23:18:41.77700,1951.500,1
23:18:46.86700,1951.750,1
23:18:53.54600,1951.500,1
23:18:54.26900,1951.500,1
23:18:59.52700,1951.750,2
23:19:35.70300,1951.750,4
23:20:28.04200,1951.500,11
23:20:39.82800,1951.500,1
23:20:43.42900,1951.500,2
23:20:45.69500,1951.750,10
23:20:47.00000,1951.750,10
23:21:21.53500,1951.750,8
23:21:35.42500,1951.750,2
23:21:36.97200,1951.750,2
23:21:41.01100,1951.750,1
23:21:47.46800,1951.750,9
23:21:48.74600,1951.750,1
23:22:37.91000,1951.750,12
23:22:41.08500,1951.750,2
23:22:44.07800,1952.000,4
23:23:15.39000,1951.750,4
23:23:17.56200,1951.750,2
23:23:22.19500,1951.750,1
23:23:28.79200,1952.000,4
23:23:42.05400,1952.000,15
23:24:10.30400,1951.750,9
23:24:41.58900,1952.000,11
23:24:42.31200,1952.000,1
23:24:46.77700,1951.750,1
23:24:55.71400,1951.750,1
23:24:55.85100,1952.000,1
23:25:11.16700,1951.750,5
23:25:17.81200,1951.750,1
23:25:25.25300,1951.750,10
23:25:28.16400,1951.750,1
23:26:15.38600,1951.750,2
23:26:18.04600,1951.750,3
23:26:24.71800,1951.750,1
23:26:35.88200,1951.500,5
23:26:44.37800,1951.500,1
23:26:47.05400,1951.750,1
23:26:51.38600,1951.750,4
23:26:56.22600,1951.750,2
23:27:18.67100,1952.000,41
23:27:26.18700,1952.000,3
23:27:34.04600,1952.000,1
23:27:35.73400,1952.000,5
23:27:39.50300,1952.000,1
23:27:43.32800,1952.000,9
23:27:47.14400,1952.000,1
23:27:49.62100,1952.000,10
23:27:50.51100,1952.000,1
23:28:07.75300,1952.000,3
23:28:09.94500,1952.000,7
23:28:13.70300,1952.000,6
23:28:17.53100,1952.000,1
23:28:17.89800,1951.750,1
23:28:21.17500,1952.000,3
23:29:02.24200,1951.750,3
23:29:07.67500,1951.750,2
23:29:17.66000,1951.750,1
23:29:23.44500,1951.750,31
23:29:29.10900,1951.500,29
23:29:29.59300,1951.500,7
23:29:32.46400,1951.500,1
23:29:36.50300,1951.250,2
23:29:43.49600,1951.500,1
23:29:54.21800,1951.250,5
23:29:57.67500,1951.250,1
23:29:57.91400,1951.500,2
23:30:00.51500,1951.500,5
23:30:04.25300,1951.500,21
23:30:21.35100,1951.500,4
23:30:24.55000,1951.500,1
23:30:26.67100,1951.500,1
23:30:33.00300,1951.500,1
23:30:51.75300,1951.250,27
23:31:15.51100,1951.000,3
23:31:20.08500,1951.000,1
23:31:28.83200,1951.000,3
23:31:41.05000,1951.000,5
23:31:45.48800,1951.000,1
23:32:42.28500,1951.250,45
23:32:43.53500,1951.500,5
23:33:10.25000,1951.000,13
23:33:17.47200,1951.000,6
23:33:56.33200,1951.000,1
23:34:16.61700,1951.000,6
23:34:28.59700,1951.000,1
23:34:30.88200,1951.250,14
23:34:56.01500,1951.250,8
23:35:06.10900,1951.000,1
23:35:23.32400,1951.250,1
23:36:30.75700,1951.000,2
23:37:16.25300,1951.000,2
23:37:23.58500,1951.000,1
23:37:48.55000,1951.250,2
23:37:51.49600,1951.000,2
23:37:54.12100,1951.000,5
23:37:54.29200,1951.000,4
23:38:47.44100,1951.000,27
23:38:53.08500,1951.000,1
23:38:53.46400,1951.000,15
23:38:54.01500,1951.000,1
23:39:16.93700,1951.000,16
23:39:21.55800,1951.000,2
23:39:22.10500,1951.000,2
23:39:31.05000,1951.000,2
23:39:33.09300,1951.000,2
23:39:46.59700,1951.250,28
23:39:49.39400,1951.250,6
23:40:14.96400,1951.250,26
23:40:25.63200,1951.250,10
23:40:30.55000,1951.250,1
23:40:34.82000,1951.250,29
23:40:50.91400,1951.000,1
23:40:51.15200,1951.000,1
23:40:51.37100,1951.000,1
23:40:51.58900,1951.000,1
23:40:52.91400,1951.000,1
23:40:59.21800,1951.000,1
23:41:24.20300,1951.000,19
23:41:39.12500,1951.250,16
23:41:52.60500,1951.250,1
23:41:58.80800,1951.250,2
23:42:05.80800,1951.250,7
23:42:28.12500,1951.250,4
23:42:35.87100,1951.250,4
23:43:37.51900,1951.000,8
23:43:48.89400,1951.250,2
23:43:52.55400,1951.000,1
23:43:53.39000,1951.000,1
23:44:08.48800,1951.250,3
23:44:20.92500,1951.000,1
23:44:48.16400,1951.000,4
23:44:49.26100,1951.000,36
23:44:49.54200,1951.000,14
23:44:52.28500,1951.250,3
23:45:10.69500,1951.000,2
23:45:12.63600,1951.000,1
23:45:17.09700,1951.000,1
23:45:19.92100,1951.000,20
23:45:57.03900,1951.250,16
23:46:34.20300,1951.000,2
23:46:35.09700,1951.000,2
23:46:39.31600,1951.000,4
23:46:40.18300,1951.000,10
23:46:42.26500,1951.250,15
23:46:44.48800,1951.000,1
23:46:45.03500,1951.000,3
23:46:46.28100,1951.250,2
23:46:53.55000,1951.250,1
23:47:22.05800,1951.250,2
23:47:24.80800,1951.250,1
23:47:57.60500,1951.000,5
23:48:06.54600,1951.000,2
23:48:49.51100,1951.250,2
23:48:54.06200,1951.000,2
23:48:54.53500,1951.250,1
23:49:25.15600,1951.250,27
23:49:34.12100,1951.250,2
23:49:50.71400,1951.500,1
23:49:51.45300,1951.250,1
23:50:27.16000,1951.250,3
23:50:27.70300,1951.500,1
23:50:37.64400,1951.500,1
23:51:21.85100,1951.250,12
23:51:49.86300,1951.250,2
23:51:59.25700,1951.500,1
23:52:12.77300,1951.500,15
23:52:14.58900,1951.250,6
23:52:14.61300,1951.250,1
23:52:34.16700,1951.500,5
23:52:48.52700,1951.500,1
23:52:58.42100,1951.250,1
23:53:11.58900,1951.250,2
23:53:14.74600,1951.250,17
23:53:49.13600,1951.500,1
23:54:09.13200,1951.500,2
23:54:12.94900,1951.500,1
23:54:14.02300,1951.500,1
23:54:20.28500,1951.500,3
23:54:37.88600,1951.500,1
23:54:38.52700,1951.500,5
23:54:39.42900,1951.250,5
23:55:56.11300,1951.250,2
23:55:57.50700,1951.250,9
23:55:59.25700,1951.250,8
23:56:10.21000,1951.250,2
23:56:15.91700,1951.250,6
23:56:19.20300,1951.250,1
23:57:01.07000,1951.500,28
23:57:01.87800,1951.250,6
23:57:12.08500,1951.000,3
23:57:33.34300,1951.250,1
23:57:41.02700,1951.000,2
23:57:41.87500,1951.000,2
23:57:44.09300,1951.250,58
23:57:49.00700,1951.500,9
23:57:50.61700,1951.250,1
23:58:19.11700,1951.250,7
23:58:22.13600,1951.250,2
23:58:30.82000,1951.250,11
23:58:31.77300,1951.250,4
23:58:38.17500,1951.250,1
23:58:43.13200,1951.250,1
23:59:12.61700,1951.250,2
23:59:13.64400,1951.250,1
23:59:14.16400,1951.250,2
23:59:14.38200,1951.250,10
23:59:17.59700,1951.500,2
23:59:17.82000,1951.250,1
23:59:26.50300,1951.250,2
23:59:28.30000,1951.250,1
23:59:35.24600,1951.500,2
23:59:57.46800,1951.250,1
23:59:59.53500,1951.500,50
