21:00:03.01500,1929.000,0
21:00:03.51100,1928.750,18
21:00:04.72600,1928.500,40
21:00:04.85100,1928.750,1
21:00:05.23400,1928.500,4
21:00:06.11700,1928.750,1
21:00:07.80400,1928.500,2
21:00:11.72600,1928.750,65
21:00:13.61300,1928.750,4
21:00:14.52300,1928.750,1
21:00:17.73800,1928.500,5
21:00:20.52300,1928.750,21
21:00:20.73400,1928.750,1
21:00:21.82800,1928.750,1
21:00:21.96400,1928.750,22
21:00:22.86300,1928.750,2
21:00:25.47200,1928.750,10
21:00:27.78500,1928.750,2
21:00:38.65200,1928.750,1
21:00:41.60900,1928.750,2
21:00:43.07000,1928.750,13
21:00:48.56600,1928.750,2
21:00:53.94100,1928.750,2
21:00:57.49200,1928.750,2
21:00:58.08900,1929.000,1
21:00:59.12800,1928.750,1
21:00:59.56600,1929.000,5
21:01:03.22200,1928.750,3
21:01:04.35500,1928.750,1
21:01:07.74600,1928.750,1
21:01:11.73800,1928.750,30
21:01:20.43300,1929.000,20
21:01:22.78100,1928.750,2
21:01:36.15800,1928.750,2
21:01:36.15800,1929.000,36
21:01:36.15800,1929.000,1
21:01:36.15800,1929.000,1
21:01:36.15800,1929.000,1
21:01:38.42500,1929.000,57
21:01:40.03100,1929.000,4
21:01:46.79600,1928.750,2
21:01:47.86700,1929.000,9
21:01:50.42500,1929.000,7
21:01:51.87100,1929.000,2
21:01:52.79600,1929.000,1
21:01:54.42500,1929.000,3
21:01:55.27300,1929.000,1
21:01:58.76500,1929.000,1
21:02:00.57400,1929.000,5
21:02:01.88600,1929.000,7
21:02:03.39000,1929.000,1
21:02:04.88200,1928.750,1
21:02:06.50700,1929.000,1
21:02:07.21400,1929.000,1
21:02:08.19500,1929.000,2
21:02:12.24600,1929.000,1
21:02:17.33500,1928.750,1
21:02:18.39800,1929.000,7
21:02:20.46000,1929.250,20
21:02:25.01100,1929.000,5
21:02:26.55800,1929.000,1
21:02:28.82400,1929.000,3
21:02:32.11700,1929.000,3
21:02:35.91400,1929.000,1
21:02:44.78100,1929.250,1
21:02:48.38600,1929.250,1
21:02:50.96000,1929.250,1
21:02:51.46800,1929.250,1
21:02:56.55000,1929.000,2
21:03:19.23400,1929.250,11
21:03:20.48000,1929.250,5
21:03:20.75700,1929.250,5
21:03:26.90200,1929.250,3
21:03:27.69500,1929.250,1
21:03:28.44500,1929.000,2
21:03:28.59300,1929.000,1
21:03:28.91700,1929.250,45
21:03:32.10500,1929.250,34
21:03:32.78900,1929.000,1
21:03:36.83200,1929.250,3
21:03:41.08200,1929.500,2
21:03:41.17500,1929.250,1
21:03:44.59700,1929.250,2
21:03:50.21400,1929.500,37
21:03:52.29600,1929.500,1
21:04:02.96800,1929.500,6
21:04:11.35100,1929.500,13
21:04:12.57000,1929.500,19
21:04:14.08900,1929.500,6
21:04:15.66700,1929.500,7
21:04:19.00700,1929.500,14
21:04:19.56600,1929.500,4
21:04:21.44100,1929.500,6
21:04:22.75300,1929.500,1
21:04:24.37500,1929.500,1
21:04:25.07800,1929.250,1
21:04:27.38200,1929.500,1
21:04:28.39000,1929.500,1
21:04:34.27700,1929.500,2
21:04:34.93700,1929.500,1
21:04:36.48000,1929.500,5
21:04:37.21400,1929.500,1
21:04:41.87100,1929.500,4
21:04:42.83500,1929.750,14
21:04:43.21800,1929.750,1
21:04:47.55000,1929.500,1
21:04:48.59700,1929.500,2
21:04:48.87800,1929.500,5
21:04:49.20700,1929.500,9
21:04:50.00300,1929.500,1
21:04:51.61700,1929.500,1
21:04:52.58900,1929.500,1
21:04:53.27300,1929.500,3
21:04:56.74200,1929.750,58
21:05:06.54600,1929.250,16
21:05:06.85900,1929.500,1
21:05:08.30800,1929.500,1
21:05:09.69500,1929.500,4
21:05:10.12800,1929.500,2
21:05:11.68700,1929.250,1
21:05:13.11700,1929.500,10
21:05:15.32000,1929.500,1
21:05:17.24600,1929.500,2
21:05:19.16400,1929.500,7
21:05:19.57000,1929.750,1
21:05:23.84700,1929.750,1
21:05:26.75700,1929.500,1
21:05:29.18700,1929.750,3
21:05:30.12800,1929.500,1
21:05:31.16000,1929.750,1
21:05:33.14800,1929.500,2
21:05:38.41700,1929.750,1
21:05:39.64800,1929.500,2
21:05:42.07800,1929.750,2
21:05:43.23800,1929.500,9
21:05:45.76500,1929.750,84
21:05:49.40600,1929.750,8
21:05:50.02300,1929.750,3
21:05:52.53100,1929.750,1
21:05:53.30400,1929.750,1
21:05:53.84300,1929.750,1
21:05:55.58500,1929.750,2
21:05:56.53500,1929.750,4
21:05:57.09700,1929.750,2
21:05:57.25300,1929.750,11
21:05:58.15600,1929.750,1
21:05:58.69100,1929.750,2
21:05:59.73400,1929.750,1
21:06:00.84300,1929.750,4
21:06:01.37500,1929.750,1
21:06:03.01900,1929.750,1
21:06:03.39400,1929.750,28
21:06:03.80400,1929.750,2
21:06:05.89000,1929.750,1
21:06:06.10900,1929.750,5
21:06:06.60500,1929.500,1
21:06:07.80400,1929.750,5
21:06:07.96800,1929.750,1
21:06:09.89800,1929.750,6
21:06:10.48000,1929.750,1
21:06:11.76100,1929.750,42
21:06:12.01100,1929.750,2
21:06:12.60900,1929.750,15
21:06:16.69100,1929.750,3
21:06:17.20300,1929.750,1
21:06:21.51500,1929.750,1
21:06:22.41700,1930.000,6
21:06:23.37500,1929.750,2
21:06:27.48800,1929.750,1
21:06:34.36300,1929.750,1
21:06:38.17900,1929.500,1
21:06:38.25300,1930.000,50
21:06:38.80000,1930.000,1
21:06:40.12100,1930.000,2
21:06:40.19900,1930.000,15
21:06:40.62800,1929.750,2
21:06:41.02700,1930.000,1
21:06:43.03100,1930.000,51
21:06:43.62500,1930.250,19
21:06:43.96800,1930.250,5
21:06:45.49600,1930.250,2
21:06:47.26100,1930.000,1
21:06:49.14800,1930.250,1
21:06:50.01500,1930.250,9
21:06:51.51900,1930.000,19
21:06:53.73000,1930.000,1
21:06:54.18700,1930.000,1
21:06:55.02300,1930.000,4
21:06:55.73800,1930.000,1
21:06:56.38600,1930.000,1
21:06:57.11300,1930.000,3
21:06:57.32400,1930.000,1
21:06:57.73400,1930.000,1
21:07:01.00000,1930.000,6
21:07:05.76900,1930.000,1
21:07:08.69500,1930.000,1
21:07:12.62100,1929.750,3
21:07:14.64000,1930.000,2
21:07:15.17500,1930.000,1
21:07:18.32800,1929.750,1
21:07:20.60900,1929.750,4
21:07:21.92100,1929.750,6
21:07:33.85100,1929.750,5
21:07:34.48400,1930.000,4
21:07:47.70300,1929.750,77
21:07:48.66700,1929.750,8
21:07:49.18300,1929.750,11
21:07:51.14800,1929.750,8
21:07:52.14000,1929.750,4
21:07:52.66700,1929.750,4
21:07:52.84300,1929.750,15
21:07:53.61300,1929.750,1
21:08:02.95300,1929.500,2
21:08:03.76500,1929.500,88
21:08:04.43700,1929.500,9
21:08:10.54600,1929.500,1
21:08:14.26500,1929.500,1
21:08:17.65200,1929.250,7
21:08:21.44100,1929.250,1
21:08:30.04600,1929.500,21
21:08:32.31200,1929.500,4
21:08:34.86700,1929.500,14
21:08:35.23800,1929.500,2
21:08:35.44900,1929.500,1
21:08:38.47600,1929.500,2
21:08:41.57000,1929.500,1
21:08:43.06200,1929.500,3
21:08:44.23000,1929.500,2
21:08:44.37800,1929.500,2
21:08:45.57000,1929.500,1
21:08:51.47200,1929.750,24
21:08:54.59700,1929.750,1
21:08:55.51100,1929.750,14
21:08:57.94500,1929.750,3
21:08:58.16000,1929.750,4
21:08:59.02300,1929.750,8
21:09:04.76900,1929.750,8
21:09:07.83500,1929.750,1
21:09:09.27300,1929.750,1
21:09:09.76900,1929.750,3
21:09:12.20300,1929.750,1
21:09:18.05400,1930.000,1
21:09:22.65200,1930.000,3
21:09:24.60100,1929.750,1
21:09:27.59300,1929.750,4
21:09:28.78900,1929.750,4
21:09:29.82400,1930.000,1
21:09:36.66000,1929.750,2
21:09:46.29600,1929.750,1
21:09:52.11300,1929.750,1
21:10:02.48800,1929.750,4
21:10:06.23800,1929.750,5
21:10:06.46000,1929.750,3
21:10:09.16400,1929.750,5
21:10:10.87500,1929.500,1
21:10:22.89000,1929.750,3
21:10:23.16000,1929.750,2
21:10:31.23400,1929.750,9
21:10:38.16700,1929.750,4
21:10:42.15200,1930.000,1
21:10:46.13200,1929.750,4
21:11:23.39400,1929.750,3
21:11:28.45300,1929.750,1
21:11:32.01100,1929.750,1
21:11:38.37500,1929.750,1
21:11:51.89000,1929.750,1
21:11:53.82000,1929.750,1
21:11:55.42500,1929.500,1
21:12:04.00000,1929.500,2
21:12:09.54200,1929.500,1
21:12:16.37800,1929.500,6
21:12:17.49200,1929.750,2
21:12:17.83200,1929.750,12
21:12:25.83500,1929.750,1
21:12:32.69500,1929.500,2
21:12:36.42100,1929.500,2
21:12:39.70300,1929.500,1
21:12:50.00700,1929.750,6
21:13:01.77700,1929.500,1
21:13:05.80400,1929.500,21
21:13:08.14000,1929.500,15
21:13:09.78900,1929.500,10
21:13:10.17900,1929.500,6
21:13:10.28900,1929.500,1
21:13:11.81600,1929.500,1
21:13:14.46800,1929.500,2
21:13:20.13200,1929.500,4
21:13:20.48400,1929.500,1
21:13:24.23000,1929.500,1
21:13:25.30000,1929.500,3
21:13:26.96400,1929.250,8
21:13:28.57400,1929.250,1
21:13:30.51100,1929.500,7
21:13:40.33200,1929.500,1
21:13:45.90600,1929.250,1
21:13:54.51100,1929.500,1
21:13:55.65600,1929.500,1
21:13:56.96400,1929.250,1
21:13:58.69900,1929.500,15
21:13:59.79600,1929.500,1
21:14:02.79200,1929.750,2
21:14:03.69500,1929.500,1
21:14:05.52300,1929.500,1
21:14:15.58900,1929.500,5
21:14:24.16000,1929.750,2
21:14:24.71800,1929.750,11
21:14:26.20700,1929.750,1
21:14:26.67100,1929.750,1
21:14:29.50300,1929.750,2
21:14:30.00000,1929.750,3
21:14:31.02700,1929.750,7
21:14:38.38200,1929.750,1
21:14:58.14800,1929.750,2
21:15:02.95300,1929.500,5
21:15:11.02300,1929.750,2
21:15:11.21000,1929.750,1
21:15:14.28900,1929.750,2
21:15:15.62100,1929.750,7
21:15:15.73400,1929.750,1
21:15:20.00700,1929.750,1
21:15:27.46000,1929.750,3
21:15:30.21000,1929.750,1
21:15:49.24600,1929.750,1
21:15:59.42900,1929.750,2
21:16:05.05800,1929.750,9
21:16:06.26500,1929.750,2
21:16:14.65200,1930.000,1
21:16:17.30400,1929.750,3
21:16:23.56600,1929.750,14
21:16:25.76500,1929.750,2
21:16:31.51500,1929.750,1
21:16:34.21800,1929.750,1
21:16:35.59700,1929.750,1
21:16:41.19900,1929.750,1
21:16:47.35900,1929.750,10
21:16:51.20300,1929.750,2
21:16:56.05400,1929.750,4
21:16:56.71400,1929.750,1
21:16:59.95300,1929.750,1
21:17:16.13600,1929.750,3
21:17:21.63600,1930.000,1
21:17:25.39800,1929.750,1
21:17:25.77700,1930.000,1
21:17:43.94900,1929.750,1
21:17:55.12800,1930.000,2
21:18:01.66700,1930.000,2
21:18:02.43300,1930.000,1
21:18:04.92100,1929.750,26
21:18:07.95700,1930.000,1
21:18:10.03100,1930.000,1
21:18:13.16000,1929.750,2
21:18:17.47600,1930.000,2
21:18:24.75700,1929.750,2
21:18:25.28100,1930.000,2
21:18:25.92100,1930.000,99
21:18:29.96400,1930.250,6
21:18:30.22200,1930.000,1
21:18:30.46400,1930.250,1
21:18:35.94100,1930.000,16
21:18:36.20300,1930.000,13
21:18:36.82000,1930.250,10
21:18:37.37500,1930.250,2
21:18:38.61700,1930.250,1
21:18:42.35500,1930.000,1
21:18:42.89000,1930.250,1
21:18:43.80400,1930.250,10
21:18:44.88200,1930.250,1
21:18:52.63200,1930.250,1
21:18:55.66000,1930.250,20
21:19:19.54600,1930.250,13
21:19:24.54200,1930.250,2
21:19:30.96400,1930.000,9
21:19:31.69500,1930.000,11
21:19:32.00300,1930.250,30
21:19:33.69500,1930.000,1
21:19:37.38600,1930.250,77
21:19:38.23000,1930.250,2
21:19:41.25700,1930.250,1
21:19:46.67500,1930.500,8
21:19:46.73800,1930.500,5
21:19:54.94500,1930.250,2
21:20:02.79600,1930.500,2
21:20:07.31200,1930.500,1
21:20:09.36700,1930.500,1
21:20:13.37800,1930.250,60
21:20:15.25300,1930.000,1
21:20:17.31600,1930.250,1
21:20:27.34300,1930.250,67
21:20:40.21800,1930.000,1
21:20:43.25300,1930.000,61
21:20:43.87500,1930.000,1
21:20:45.54600,1930.000,1
21:20:55.08200,1930.000,2
21:20:55.46400,1929.750,1
21:20:55.76500,1930.000,1
21:20:56.23400,1929.750,1
21:21:05.28900,1929.750,2
21:21:05.53900,1929.750,46
21:21:06.03500,1929.750,6
21:21:11.88200,1930.000,1
21:21:20.78900,1929.750,2
21:21:29.71400,1929.750,2
21:21:30.52700,1929.750,1
21:21:39.67500,1930.000,3
21:21:39.84700,1929.750,8
21:21:41.13600,1929.750,7
21:22:04.51100,1929.750,19
21:22:04.77300,1929.750,7
21:22:06.82000,1929.500,2
21:22:07.82400,1929.750,1
21:22:10.82800,1929.750,2
21:22:11.91700,1929.750,4
21:22:13.42100,1929.750,1
21:22:23.09700,1930.000,94
21:22:24.42500,1929.750,1
21:22:32.78100,1930.000,1
21:22:39.16400,1930.000,1
21:22:43.40600,1929.750,49
21:22:43.79200,1929.500,32
21:22:46.53900,1929.500,3
21:22:52.15200,1929.500,16
21:22:57.69500,1929.500,10
21:23:02.58900,1929.250,28
21:23:04.22200,1929.500,1
21:23:07.96000,1929.250,2
21:23:10.48000,1929.500,2
21:23:19.13600,1929.250,67
21:23:20.54200,1929.250,6
21:23:20.83500,1929.250,2
21:23:21.66400,1929.250,1
21:23:25.45300,1929.250,3
21:23:25.57400,1929.250,1
21:23:27.76500,1929.500,1
21:23:28.26500,1929.000,187
21:23:28.55000,1929.000,1
21:23:28.59300,1929.000,1
21:23:29.76500,1928.750,1
21:23:30.26500,1928.750,4
21:23:30.86300,1928.750,1
21:23:31.67900,1928.750,1
21:23:32.14800,1928.750,1
21:23:32.76500,1928.750,1
21:23:36.10100,1929.000,1
21:23:36.78500,1928.750,1
21:23:39.09700,1928.750,2
21:23:39.33200,1928.750,1
21:23:39.72600,1928.750,1
21:23:41.92100,1929.000,2
21:24:04.05400,1928.750,2
21:24:09.42900,1928.750,93
21:24:09.54200,1928.750,12
21:24:09.65200,1928.750,1
21:24:10.78100,1928.750,5
21:24:11.10100,1928.750,23
21:24:11.56600,1928.750,1
21:24:12.05400,1929.000,3
21:24:16.82400,1928.750,2
21:24:20.39800,1929.000,14
21:24:22.94100,1929.000,3
21:24:24.24600,1929.000,1
21:24:24.82800,1928.750,1
21:24:30.02300,1929.000,15
21:24:31.03900,1929.000,1
21:24:39.30400,1929.000,2
21:24:39.97200,1929.250,2
21:24:46.80400,1929.250,1
21:24:47.26900,1929.250,1
21:24:49.46800,1929.250,12
21:24:50.88600,1929.250,3
21:24:53.28500,1929.000,3
21:24:59.20700,1929.000,38
21:25:06.70300,1929.000,13
21:25:08.74200,1929.250,1
21:25:20.19100,1929.000,1
21:25:25.81600,1929.000,3
21:25:32.00700,1929.000,1
21:25:36.62800,1929.250,13
21:25:46.36700,1929.500,1
21:25:50.01500,1929.500,4
21:25:51.54200,1929.250,1
21:25:52.14000,1929.250,5
21:25:55.24600,1929.250,5
21:26:08.01100,1929.000,2
21:26:09.73400,1929.000,4
21:26:13.74600,1929.250,26
21:26:17.16700,1929.000,3
21:26:17.34300,1929.000,4
21:26:18.30800,1929.250,1
21:26:25.63600,1929.000,3
21:26:28.12100,1929.250,2
21:26:34.03500,1929.000,1
21:26:38.32400,1929.000,1
21:26:44.52700,1929.250,27
21:26:51.71000,1929.250,1
21:26:55.20700,1929.250,10
21:26:55.58900,1929.500,44
21:27:07.32000,1929.250,14
21:27:12.85500,1929.250,2
21:27:13.21800,1929.250,6
21:27:19.89000,1929.250,2
21:27:30.94900,1929.250,6
21:27:35.72600,1929.500,1
21:27:52.62100,1929.500,1
21:27:57.64400,1929.250,1
21:27:58.15200,1929.250,2
21:28:00.55000,1928.750,190
21:28:00.70300,1929.000,6
21:28:09.05400,1928.750,151
21:28:10.48400,1928.750,1
21:28:11.12800,1928.750,10
21:28:11.26500,1928.750,1
21:28:12.33500,1929.000,1
21:28:14.10500,1928.750,4
21:28:14.62500,1928.750,1
21:28:15.14800,1928.500,2
21:28:15.94100,1928.750,3
21:28:17.64800,1928.500,4
21:28:18.12100,1928.750,1
21:28:18.30000,1928.750,2
21:28:19.66400,1928.500,2
21:28:22.18700,1928.500,1
21:28:22.95700,1928.750,2
21:28:24.69100,1928.500,1
21:28:26.18300,1928.750,29
21:28:31.85500,1928.750,29
21:28:32.78500,1928.750,5
21:28:32.91400,1928.750,4
21:28:33.63600,1928.750,1
21:28:36.25700,1928.750,1
21:28:36.73800,1928.750,1
21:28:41.27300,1928.750,1
21:28:42.67100,1929.000,1
21:28:48.89800,1929.000,1
21:28:49.23800,1928.750,1
21:28:49.44500,1928.750,21
21:28:50.37100,1928.750,6
21:28:53.76100,1928.750,1
21:29:08.39000,1928.750,7
21:29:15.53900,1928.500,12
21:29:17.12500,1928.750,1
21:29:17.48000,1928.750,1
21:29:20.23000,1928.500,2
21:29:20.43300,1928.750,1
21:29:29.49600,1928.750,1
21:29:30.34300,1928.750,5
21:29:34.52300,1928.750,17
21:29:41.17500,1928.750,1
21:29:49.87800,1928.750,1
21:29:50.39400,1928.750,1
21:29:57.66000,1928.750,1
21:30:01.67500,1928.750,13
21:30:03.62800,1928.500,4
21:30:05.51100,1928.750,5
21:30:08.88600,1928.500,2
21:30:09.07800,1928.750,2
21:30:22.17100,1929.000,8
21:30:22.24600,1929.000,17
21:30:27.28100,1929.000,18
21:30:30.07000,1929.000,1
21:30:32.43300,1929.000,2
21:30:41.17100,1929.000,13
21:30:43.25700,1929.000,5
21:30:43.86700,1929.000,1
21:30:44.65600,1929.000,5
21:30:47.84700,1929.000,4
21:30:48.41400,1929.000,5
21:30:51.00300,1929.000,1
21:30:52.55000,1929.250,72
21:31:10.14800,1929.250,12
21:31:12.19100,1929.250,2
21:31:16.39400,1929.250,10
21:31:19.28900,1929.500,2
21:31:21.92500,1929.250,4
21:31:35.22600,1929.250,39
21:31:36.85100,1929.250,1
21:31:38.80800,1929.500,1
21:31:42.92900,1929.500,1
21:32:14.72600,1929.250,67
21:32:18.35900,1929.000,5
21:32:23.08900,1929.000,21
21:32:30.33900,1928.750,1
21:32:40.45300,1928.750,2
21:32:42.84700,1928.750,3
21:32:47.21800,1929.000,21
21:32:52.44100,1929.000,2
21:32:56.71400,1929.000,8
21:32:57.80400,1929.000,8
21:33:04.91700,1929.000,3
21:33:11.73400,1929.250,1
21:33:14.56200,1929.250,2
21:33:22.92500,1929.000,4
21:33:23.71800,1929.000,12
21:33:25.72600,1929.000,2
21:33:28.33500,1929.000,1
21:33:29.33900,1928.750,1
21:33:33.55800,1928.750,1
21:33:52.85500,1929.000,1
21:33:56.48800,1929.000,1
21:34:02.01900,1928.750,2
21:34:15.83500,1928.750,1
21:34:24.11300,1928.750,10
21:34:31.03900,1928.750,4
21:34:32.28500,1929.000,1
21:34:36.16700,1928.750,1
21:34:38.77700,1929.000,1
21:34:43.37500,1929.000,1
21:34:44.21000,1928.750,3
21:34:47.15200,1929.000,2
21:34:48.42100,1929.000,24
21:34:49.40600,1929.000,4
21:34:52.57000,1929.000,1
21:34:56.36700,1928.750,1
21:35:01.55800,1928.750,7
21:35:01.74200,1928.750,3
21:35:01.87800,1928.750,2
21:35:03.69100,1929.000,1
21:35:05.28500,1929.000,5
21:35:10.68300,1929.000,2
21:35:21.88600,1928.750,10
21:35:23.08200,1929.000,1
21:35:23.82000,1928.750,21
21:35:30.19900,1928.750,1
21:35:44.80400,1928.750,1
21:35:46.92900,1929.000,7
21:35:57.35500,1929.000,1
21:36:00.94900,1928.750,3
21:36:05.45300,1929.000,33
21:36:09.88200,1929.000,1
21:36:15.66000,1929.000,58
21:36:20.51900,1929.250,1
21:36:22.18700,1929.250,1
21:36:26.08900,1929.250,1
21:36:30.37500,1929.250,35
21:36:33.50700,1929.500,3
21:36:35.39000,1929.250,1
21:36:41.47600,1929.500,1
21:36:42.46400,1929.250,5
21:36:44.08900,1929.500,96
21:36:45.48400,1929.500,1
21:36:48.46400,1929.500,1
21:36:52.92100,1929.750,5
21:36:55.28900,1929.500,1
21:36:55.58200,1929.500,2
21:37:00.41000,1929.500,5
21:37:00.65200,1929.500,1
21:37:00.89000,1929.750,1
21:37:01.48800,1929.500,1
21:37:16.59700,1929.750,1
21:37:16.73000,1929.500,3
21:37:20.81200,1929.500,1
21:37:21.35500,1929.250,54
21:37:24.61700,1929.250,10
21:37:30.69100,1929.250,1
21:37:33.28500,1929.250,7
21:37:59.26500,1929.250,1
21:38:03.66700,1929.250,8
21:38:04.53500,1929.250,5
21:38:06.05400,1929.000,2
21:38:10.15600,1929.500,3
21:38:15.86700,1929.000,1
21:38:17.69900,1929.000,3
21:38:23.58500,1929.250,7
21:38:25.70700,1929.250,44
21:38:30.64000,1929.250,8
21:38:31.25300,1929.250,1
21:38:34.21000,1929.250,1
21:38:39.49600,1929.250,2
21:38:40.32400,1929.250,3
21:38:42.41700,1929.250,5
21:38:49.05400,1929.250,2
21:38:57.51100,1929.250,3
21:38:59.82400,1929.250,1
21:39:11.79600,1929.250,3
21:39:13.04200,1929.250,1
21:39:13.72200,1929.500,1
21:39:16.18300,1929.750,305
21:39:16.38200,1930.000,38
21:39:16.48000,1930.000,1
21:39:16.67100,1930.000,2
21:39:16.82400,1930.000,1
21:39:18.17100,1930.000,15
21:39:18.26500,1930.000,1
21:39:19.15200,1930.000,1
21:39:19.41000,1930.000,4
21:39:19.87100,1930.000,2
21:39:20.62100,1929.750,21
21:39:20.77300,1929.750,9
21:39:26.56200,1929.750,1
21:39:27.22600,1929.750,5
21:39:27.30400,1929.750,5
21:39:29.76100,1929.750,6
21:39:32.60100,1929.750,1
21:39:33.87800,1929.750,1
21:39:34.68300,1929.750,1
21:39:36.08900,1929.750,14
21:39:37.65600,1929.750,81
21:39:39.48000,1929.750,25
21:39:40.46400,1929.750,19
21:39:43.77300,1930.000,80
21:39:43.91000,1930.000,7
21:39:44.51900,1930.000,1
21:39:45.75300,1930.000,1
21:39:46.34700,1930.000,5
21:39:49.38600,1930.000,2
21:39:54.13600,1930.000,1
21:39:56.17100,1930.000,1
21:39:57.78100,1930.000,2
21:40:03.24200,1929.750,2
21:40:03.48400,1930.000,1
21:40:04.66700,1929.750,2
21:40:09.05400,1930.000,1
21:40:12.89000,1930.000,1
21:40:15.40200,1929.750,1
21:40:15.55400,1930.000,1
21:40:15.97200,1930.000,1
21:40:16.48400,1930.000,1
21:40:19.75300,1930.000,2
21:40:20.18300,1930.000,1
21:40:20.40200,1929.750,1
21:40:27.30800,1929.750,2
21:40:34.39000,1930.000,1
21:40:36.79600,1929.750,111
21:40:37.36300,1929.750,1
21:40:56.00700,1929.500,123
21:40:56.14000,1929.500,6
21:41:00.53900,1929.500,9
21:41:01.85500,1929.500,8
21:41:02.89000,1929.500,7
21:41:15.03100,1929.500,12
21:41:19.30800,1929.500,1
21:41:26.21400,1929.500,1
21:41:37.66700,1929.750,20
21:41:38.07000,1929.750,5
21:41:39.72200,1929.750,1
21:41:45.51900,1929.750,1
21:41:50.96000,1929.750,2
21:41:51.20700,1929.750,1
21:41:52.62100,1929.750,1
21:41:53.13600,1929.500,6
21:41:59.34700,1929.500,1
21:42:15.59700,1929.750,11
21:42:21.50700,1929.750,1
21:42:28.60900,1929.750,3
21:42:30.38600,1929.750,3
21:42:32.14800,1929.500,1
21:42:36.29600,1929.500,1
21:42:37.14400,1929.750,1
21:42:37.76100,1929.750,1
21:42:45.34300,1929.750,1
21:43:00.75300,1929.500,2
21:43:01.48400,1929.500,1
21:43:01.79600,1929.500,1
21:43:02.10900,1929.750,1
21:43:09.89800,1929.750,20
21:43:09.96800,1929.750,2
21:43:12.79200,1929.750,9
21:43:19.28100,1929.500,1
21:43:19.61700,1929.500,5
21:43:22.77700,1929.500,1
21:43:27.52700,1929.500,1
21:43:27.94900,1929.500,1
21:43:38.58500,1929.500,1
21:43:40.50000,1929.750,1
21:43:48.01500,1929.750,1
21:43:53.81200,1929.750,1
21:43:54.07800,1929.750,1
21:43:54.26100,1929.750,1
21:44:09.31600,1929.750,31
21:44:12.15600,1929.500,2
21:44:18.85500,1929.250,1
21:44:26.61300,1929.500,1
21:44:28.26500,1929.250,1
21:44:32.93300,1929.250,1
21:44:34.45300,1929.500,11
21:44:41.91000,1929.500,2
21:44:45.86700,1929.500,1
21:44:49.07000,1929.250,2
21:44:49.73800,1929.250,1
21:44:58.18300,1929.500,9
21:44:58.37100,1929.500,2
21:44:59.91400,1929.500,1
21:45:00.40600,1929.500,2
21:45:01.00700,1929.500,3
21:45:05.15200,1929.500,2
21:45:07.24200,1929.500,1
21:45:10.31600,1929.500,13
21:45:11.86300,1929.500,1
21:45:12.03100,1929.500,1
21:45:19.46800,1929.500,1
21:45:20.53500,1929.500,3
21:45:44.07000,1929.500,1
21:46:03.02300,1929.500,21
21:46:03.32400,1929.500,1
21:46:04.54600,1929.500,2
21:46:08.55400,1929.250,1
21:46:09.91700,1929.500,9
21:46:21.11300,1929.500,19
21:46:22.07800,1929.500,6
21:46:26.25700,1929.500,1
21:46:32.26100,1929.500,2
21:46:34.72600,1929.500,18
21:46:37.45700,1929.250,2
21:46:42.01500,1929.250,4
21:47:04.86300,1929.500,18
21:47:07.31200,1929.500,1
21:47:09.82000,1929.500,2
21:47:16.09700,1929.500,1
21:47:20.35900,1929.750,1
21:47:22.75300,1929.500,4
21:47:23.58900,1929.500,13
21:47:45.10100,1929.250,2
21:48:06.85900,1929.250,12
21:48:09.21800,1929.250,1
21:48:16.54600,1929.250,3
21:48:39.10800,1929.500,11
21:48:39.10800,1929.250,5
21:48:39.10800,1929.500,10
21:48:56.73800,1929.500,1
21:48:57.76500,1929.500,5
21:48:59.62500,1929.500,1
21:49:01.28900,1929.500,3
21:49:06.42100,1929.500,1
21:49:07.90600,1929.250,1
21:49:12.15200,1929.500,1
21:49:15.04600,1929.500,1
21:49:20.46000,1929.500,1
21:49:31.31600,1929.250,1
21:49:31.80400,1929.250,1
21:49:38.25000,1929.500,8
21:49:38.95700,1929.500,3
21:49:39.30400,1929.500,2
21:49:49.00700,1929.500,1
21:50:00.71400,1929.500,8
21:50:02.91400,1929.500,2
21:50:09.24600,1929.750,1
21:50:09.90200,1929.500,3
21:50:11.52700,1929.750,20
21:50:13.24600,1929.750,2
21:50:15.73000,1929.750,1
21:50:17.16400,1929.750,1
21:50:21.19900,1929.750,7
21:50:24.59700,1929.750,2
21:50:25.38200,1929.750,2
21:50:29.73800,1929.750,5
21:50:32.32400,1929.750,1
21:50:42.32800,1929.750,1
21:50:46.14800,1929.750,1
21:50:46.74600,1929.500,1
21:50:49.35100,1929.750,2
21:50:50.80800,1929.750,1
21:51:11.89800,1929.750,9
21:51:17.89400,1930.000,1
21:51:25.52300,1929.750,4
21:51:31.66700,1929.750,1
21:51:34.42100,1930.000,4
21:51:36.08500,1930.000,1
21:51:49.23400,1930.000,1
21:51:56.64400,1930.000,30
21:51:57.75300,1930.000,2
21:52:03.01100,1930.000,2
21:52:04.66700,1930.250,3
21:52:05.55000,1930.000,1
21:52:08.53500,1930.000,2
21:52:10.16700,1930.250,1
21:52:11.30800,1930.000,4
21:52:11.53500,1930.250,1
21:52:13.89800,1930.000,1
21:52:14.37500,1930.000,1
21:52:16.92900,1930.000,1
21:52:17.53500,1930.000,2
21:52:18.35900,1930.000,1
21:52:19.00300,1930.000,1
21:52:22.96000,1930.000,1
21:52:27.01900,1929.750,1
21:52:28.29600,1930.000,1
21:52:32.66700,1930.000,3
21:52:48.44100,1929.750,1
21:52:52.31200,1930.000,8
21:52:53.94500,1930.250,1
21:52:59.76100,1930.000,4
21:53:03.49600,1930.000,3
21:53:07.77700,1930.250,25
21:53:10.59300,1930.000,5
21:53:14.75700,1930.000,10
21:53:15.89800,1930.000,1
21:53:24.22200,1930.000,5
21:53:36.33200,1930.250,2
21:53:37.16700,1930.000,2
21:53:39.47600,1930.000,2
21:53:58.38200,1930.000,8
21:54:10.89400,1930.000,13
21:54:11.05000,1930.000,7
21:54:18.00300,1930.000,17
21:54:24.09300,1930.000,1
21:54:30.80400,1930.000,1
21:54:32.69100,1930.250,283
21:54:32.76500,1930.500,5
21:54:32.83200,1930.500,1
21:54:33.33900,1930.500,1
21:54:36.20700,1930.500,1
21:54:36.83200,1930.250,3
21:54:40.62500,1930.500,1
21:54:41.53500,1930.500,11
21:54:43.15200,1930.500,5
21:54:43.61700,1930.500,13
21:54:45.13600,1930.750,26
21:54:45.20300,1930.500,3
21:54:47.30400,1930.500,12
21:54:48.38200,1930.500,2
21:54:48.91400,1930.500,1
21:54:49.69900,1930.500,1
21:54:50.34300,1930.500,1
21:54:50.72600,1930.500,2
21:54:51.28100,1930.500,2
21:54:51.40600,1930.500,1
21:54:51.92100,1930.500,1
21:54:52.35500,1930.500,1
21:54:52.48000,1930.500,5
21:54:52.72600,1930.500,1
21:54:52.96400,1930.500,1
21:54:55.25700,1930.750,1
21:54:55.84700,1930.500,125
21:55:03.59300,1930.500,5
21:55:04.51900,1930.250,1
21:55:05.93300,1930.250,4
21:55:06.80800,1930.500,1
21:55:07.87800,1930.250,1
21:55:16.61300,1930.250,2
21:55:19.89400,1930.250,1
21:55:26.54600,1930.500,24
21:55:26.67900,1930.500,1
21:55:26.89400,1930.500,2
21:55:27.08500,1930.500,1
21:55:33.16400,1930.250,1
21:55:50.38200,1930.250,2
21:55:54.27700,1930.500,2
21:55:55.28500,1930.250,17
21:55:56.12800,1930.250,8
21:55:56.44900,1930.250,1
21:55:57.91000,1930.000,1
21:56:07.51900,1930.250,5
21:56:21.89000,1930.000,1
21:56:25.28100,1930.250,1
21:56:27.09300,1930.250,1
21:56:32.35900,1930.250,23
21:56:33.19900,1930.250,2
21:56:34.01900,1930.250,9
21:56:35.26500,1930.000,17
21:56:47.19500,1930.000,1
21:56:53.75000,1930.000,2
21:56:58.27700,1930.000,1
21:56:58.48000,1930.000,3
21:56:58.66000,1930.000,6
21:56:58.83900,1930.000,1
21:57:00.52700,1930.000,10
21:57:00.65200,1930.000,2
21:57:01.44900,1929.750,2
21:57:23.89000,1930.000,1
21:57:25.12100,1930.000,1
21:57:26.88200,1930.000,4
21:57:38.02300,1930.250,1
21:57:44.93700,1930.250,1
21:57:54.37500,1930.000,1
21:57:58.05000,1930.000,1
21:58:25.88600,1930.000,3
21:58:27.47200,1930.000,1
21:58:35.19100,1930.000,2
21:58:58.55800,1930.000,2
21:58:58.80000,1930.250,1
21:58:59.34700,1930.250,1
21:59:04.40600,1930.000,2
21:59:10.64000,1930.250,2
21:59:13.66700,1930.250,5
21:59:20.78100,1930.250,5
21:59:24.15600,1930.000,1
21:59:27.78900,1930.250,3
21:59:27.88600,1930.000,1
21:59:29.23000,1930.000,2
21:59:29.68700,1930.250,7
21:59:31.57400,1930.500,2
21:59:39.47600,1930.250,1
21:59:41.81600,1930.250,1
21:59:42.80400,1930.500,1
21:59:52.47200,1930.500,2
21:59:57.37800,1930.500,1
22:00:01.00300,1930.250,0
22:00:01.09300,1930.250,9
22:00:01.26100,1930.250,17
22:00:21.27700,1930.000,2
22:00:24.12500,1930.250,1
22:00:29.88200,1930.000,1
22:00:31.77300,1930.000,1
22:00:33.94100,1930.000,1
22:00:47.42500,1930.250,2
22:00:50.29600,1930.000,1
22:01:10.35900,1930.000,21
22:01:21.30800,1930.000,1
22:01:27.70300,1930.000,12
22:01:31.88200,1930.000,1
22:01:34.00000,1930.000,1
22:01:36.52300,1930.000,1
22:01:39.06600,1929.750,3
22:01:41.30000,1929.750,1
22:01:45.20700,1930.000,9
22:01:46.79600,1930.000,1
22:01:48.25000,1930.000,5
22:01:50.83900,1930.000,1
22:01:53.04200,1930.250,2
22:01:58.63600,1930.250,1
22:01:58.79600,1930.000,2
22:02:04.01500,1930.000,2
22:02:05.47600,1930.000,1
22:02:06.69500,1929.750,2
22:02:07.15200,1930.000,2
22:02:09.10100,1930.000,1
22:02:10.59300,1930.000,1
22:02:18.54200,1930.000,6
22:02:18.89400,1930.000,3
22:02:25.26500,1929.750,2
22:02:26.85900,1929.750,3
22:02:27.59700,1929.750,3
22:02:27.75700,1929.750,3
22:02:28.06600,1929.750,6
22:02:28.26100,1929.750,3
22:02:28.56600,1929.750,8
22:02:33.56200,1929.750,34
22:02:33.87800,1929.500,1
22:02:35.17900,1929.500,2
22:02:35.36700,1929.500,1
22:02:37.51900,1929.500,1
22:02:52.19100,1929.500,3
22:02:52.45700,1929.500,27
22:02:52.54200,1929.500,2
22:02:53.51500,1929.500,1
22:02:53.97200,1929.500,1
22:02:54.83900,1929.750,25
22:02:55.33900,1929.500,2
22:02:57.69500,1929.750,26
22:03:23.50000,1929.500,72
22:03:33.41700,1929.500,12
22:03:35.07000,1929.500,1
22:03:35.87800,1929.500,1
22:03:39.05800,1929.500,1
22:03:40.44500,1929.500,23
22:03:45.68700,1929.500,1
22:03:52.50000,1929.250,2
22:03:56.26100,1929.250,1
22:04:05.76100,1929.250,22
22:04:06.07000,1929.250,2
22:04:17.74600,1929.500,38
22:04:37.10500,1929.500,11
22:04:37.87500,1929.250,1
22:04:38.89800,1929.500,1
22:04:44.96000,1929.500,1
22:04:55.21000,1929.500,8
22:04:55.54200,1929.250,1
22:05:02.70700,1929.500,46
22:05:05.33200,1929.500,1
22:05:06.69900,1929.250,1
22:05:07.33900,1929.500,1
22:05:11.16000,1929.500,1
22:05:12.73000,1929.250,3
22:05:13.40600,1929.250,100
22:05:21.29600,1929.250,2
22:05:29.90200,1929.250,4
22:05:33.23000,1929.250,1
22:05:36.28100,1929.250,1
22:05:38.45300,1929.500,12
22:05:39.87500,1929.500,1
22:05:40.10500,1929.500,3
22:05:40.46000,1929.500,3
22:05:50.65600,1929.500,2
22:05:50.97200,1929.500,1
22:06:03.29200,1929.500,4
22:06:20.46000,1929.500,1
22:06:36.15600,1929.500,3
22:06:39.39400,1929.500,1
22:06:41.87100,1929.500,1
22:07:18.66400,1929.750,21
22:07:18.96400,1929.750,1
22:07:22.19100,1929.750,1
22:07:25.76500,1929.500,1
22:07:41.28100,1929.750,1
22:07:43.87100,1929.500,1
22:07:46.68700,1929.750,1
22:07:48.26900,1929.750,1
22:07:53.42500,1929.750,1
22:07:53.73800,1929.500,5
22:07:55.21800,1929.500,4
22:07:58.08200,1929.750,4
22:08:04.42100,1929.750,1
22:08:04.71800,1929.750,2
22:08:06.82400,1929.750,2
22:08:11.49600,1930.000,1
22:08:11.91400,1930.000,25
22:08:12.20300,1930.250,1
22:08:14.28500,1930.000,8
22:08:17.32800,1930.000,4
22:08:18.80000,1930.000,1
22:08:22.49200,1930.000,1
22:08:27.37100,1930.250,3
22:08:31.92100,1930.000,8
22:08:34.78100,1930.000,1
22:08:36.02700,1930.000,1
22:08:42.38200,1930.000,2
22:08:45.86700,1929.750,2
22:08:49.90200,1930.000,2
22:08:57.44100,1930.000,2
22:09:12.50300,1930.000,5
22:09:20.04600,1930.000,2
22:09:27.56600,1930.000,2
22:09:35.10900,1930.000,2
22:09:42.62800,1930.000,2
22:09:45.41400,1930.000,1
22:09:47.86700,1929.750,1
22:09:49.30800,1930.000,1
22:09:50.16700,1930.000,2
22:09:57.68700,1930.000,2
22:09:57.86300,1930.000,7
22:10:00.89000,1929.750,3
22:10:02.11700,1929.750,30
22:10:04.07800,1929.500,4
22:10:07.25300,1929.500,1
22:10:12.75000,1929.750,2
22:10:20.29200,1929.750,2
22:10:27.81200,1929.750,2
22:10:32.67100,1929.500,1
22:10:33.87500,1929.500,2
22:10:35.35100,1929.750,2
22:10:38.44900,1929.750,5
22:10:42.87100,1929.750,2
22:10:49.86300,1929.500,1
22:10:50.41400,1929.750,2
22:10:57.93300,1929.750,2
22:10:58.90200,1929.750,4
22:11:00.78500,1929.500,6
22:11:01.69900,1929.500,1
22:11:02.00000,1929.750,1
22:11:05.47600,1929.750,2
22:11:07.17900,1929.750,12
22:11:13.01900,1929.750,2
22:11:13.35900,1929.500,2
22:11:16.07000,1929.750,1
22:11:17.05000,1930.000,127
22:11:17.33200,1930.000,10
22:11:17.40200,1930.000,2
22:11:17.78900,1930.000,1
22:11:18.87100,1930.000,3
22:11:20.53500,1930.250,2
22:11:21.31200,1930.000,1
22:11:25.43700,1930.000,14
22:11:26.05000,1930.000,1
22:11:31.07400,1929.750,6
22:11:32.07400,1930.000,1
22:11:32.51500,1930.000,10
22:11:35.59700,1930.000,2
22:11:39.94100,1929.750,2
22:11:40.08900,1929.750,8
22:11:43.62800,1929.500,2
22:11:50.66400,1930.000,2
22:11:51.86300,1929.750,1
22:11:52.55000,1929.750,1
22:12:01.94900,1930.000,3
22:12:03.85100,1930.000,11
22:12:07.87100,1930.250,1
22:12:09.43300,1930.250,6
22:12:13.48800,1930.250,1
22:12:14.37500,1930.000,1
22:12:16.85900,1930.000,1
22:12:17.03500,1930.250,2
22:12:18.40200,1930.250,1
22:12:19.60500,1930.250,1
22:12:22.96000,1930.000,3
22:12:28.32400,1930.250,2
22:12:31.45300,1930.250,1
22:12:35.84300,1930.250,2
22:12:43.38200,1930.250,2
22:12:48.91400,1930.250,1
22:12:50.90200,1930.250,2
22:12:53.60100,1930.250,2
22:12:53.85900,1930.000,1
22:12:58.44500,1930.250,2
22:13:05.96400,1930.250,3
22:13:06.71000,1930.250,1
22:13:13.50700,1930.250,2
22:13:19.39400,1930.250,21
22:13:21.04600,1930.500,2
22:13:21.81600,1930.250,1
22:13:28.56600,1930.500,2
22:13:36.10900,1930.500,2
22:13:43.62800,1930.500,2
22:13:47.67500,1930.500,2
22:13:50.73400,1930.500,1
22:13:51.17900,1930.500,2
22:13:54.08900,1930.500,1
22:13:55.85900,1930.250,1
22:13:58.68700,1930.500,2
22:14:01.02300,1930.500,2
22:14:02.40200,1930.250,3
22:14:06.23800,1930.500,2
22:14:09.39400,1930.250,2
22:14:10.02700,1930.250,30
22:14:10.07000,1930.250,17
22:14:11.37100,1930.000,2
22:14:12.94100,1930.250,2
22:14:17.25000,1930.000,20
22:14:17.70300,1930.250,1
22:14:22.12500,1930.000,1
22:14:22.55000,1930.000,5
22:14:25.06200,1930.000,2
22:14:25.68300,1929.750,6
22:14:31.32400,1930.000,1
22:14:32.16700,1930.000,23
22:14:32.58900,1930.250,2
22:14:33.63600,1930.000,1
22:14:35.81200,1930.000,5
22:14:40.12500,1930.000,2
22:14:47.25300,1930.000,45
22:14:47.64400,1930.250,2
22:14:52.79600,1930.000,12
22:14:53.73400,1930.000,8
22:14:55.80800,1930.000,4
22:14:56.42100,1930.000,5
22:14:57.86300,1930.000,12
22:14:59.17500,1930.000,4
22:15:02.54600,1930.000,34
22:15:02.70700,1930.250,2
22:15:05.02700,1930.000,5
22:15:05.26900,1930.000,1
22:15:10.26100,1930.000,20
22:15:15.78900,1930.000,2
22:15:16.09700,1930.000,1
22:15:16.44100,1930.000,2
22:15:17.76500,1930.250,2
22:15:22.00300,1930.000,4
22:15:22.44900,1930.000,2
22:15:23.01500,1930.000,19
22:15:23.72600,1929.750,1
22:15:26.67500,1930.000,1
22:15:32.36300,1930.000,29
22:15:34.94500,1930.250,1
22:15:36.76500,1930.000,11
22:15:40.38200,1930.250,1
22:15:42.08900,1930.000,1
22:15:47.88600,1930.250,2
22:15:55.42900,1930.250,2
22:15:56.72200,1930.250,3
22:16:02.94900,1930.250,9
22:16:06.41400,1930.000,1
22:16:10.07800,1930.250,1
22:16:10.48800,1930.250,2
22:16:10.61300,1930.000,1
22:16:13.12100,1930.250,1
22:16:21.78100,1930.250,2
22:16:23.75000,1930.250,1
22:16:29.32400,1930.250,2
22:16:34.70700,1930.250,105
22:16:34.72200,1930.250,11
22:16:35.80000,1930.250,2
22:16:36.83900,1930.250,3
22:16:44.38600,1930.250,2
22:16:44.85100,1930.250,1
22:16:49.22200,1930.250,1
22:16:53.61300,1930.250,1
22:16:57.79200,1930.250,1
22:16:57.92100,1930.250,13
22:17:01.94100,1930.500,2
22:17:05.37500,1930.250,2
22:17:06.10100,1930.250,2
22:17:10.49600,1930.250,1
22:17:12.51900,1930.250,1
22:17:13.61700,1930.250,2
22:17:14.73000,1930.500,1
22:17:18.89400,1930.500,1
22:17:19.83200,1930.250,1
22:17:23.20700,1930.500,1
22:17:27.28900,1930.500,2
22:17:31.48400,1930.500,1
22:17:31.69900,1930.250,2
22:17:34.51900,1930.250,1
22:17:38.23400,1930.250,1
22:17:44.22600,1930.250,1
22:17:45.12800,1930.250,1
22:17:56.55800,1930.000,17
22:18:12.21800,1930.000,2
22:18:13.76900,1930.000,1
22:18:15.17100,1930.000,6
22:18:30.28500,1930.000,1
22:18:32.09700,1930.000,7
22:18:39.33900,1930.000,1
22:18:48.13600,1930.000,2
22:18:50.29600,1930.000,1
22:18:52.07400,1930.000,2
22:19:10.44500,1929.750,3
22:19:11.12800,1930.000,1
22:19:12.54600,1929.750,25
22:19:12.78500,1929.750,1
22:19:13.21400,1929.750,2
22:19:15.93300,1929.500,5
22:19:16.00300,1929.500,2
22:19:18.13600,1929.500,1
22:19:18.41400,1929.500,1
22:19:19.10100,1929.500,1
22:19:19.28500,1929.500,1
22:19:20.07800,1929.500,1
22:19:21.87500,1929.500,1
22:19:25.72200,1929.500,32
22:19:26.12800,1929.500,2
22:19:27.56600,1929.500,7
22:19:28.28900,1929.500,4
22:19:29.14000,1929.250,2
22:19:34.56600,1929.500,1
22:19:34.96400,1929.500,17
22:19:35.36300,1929.500,1
22:19:36.13200,1929.500,9
22:19:36.74600,1929.500,1
22:19:37.75300,1929.500,1
22:19:39.26500,1929.500,2
22:19:44.49600,1929.500,1
22:19:47.42500,1929.500,1
22:19:53.95700,1929.750,10
22:19:59.54200,1929.750,14
22:20:02.11700,1929.750,3
22:20:06.12800,1930.000,2
22:20:07.16000,1929.750,7
22:20:07.38600,1929.500,25
22:20:08.42500,1929.500,7
22:20:11.45700,1929.500,5
22:20:16.35100,1929.500,4
22:20:17.63200,1929.250,1
22:20:20.71000,1929.500,1
22:20:27.06200,1929.500,1
22:20:28.48800,1929.250,1
22:20:30.85900,1929.250,30
22:20:31.10900,1929.250,1
22:20:31.28100,1929.250,9
22:20:35.57000,1929.250,2
22:20:36.45700,1929.250,2
22:20:37.80800,1929.250,4
22:20:38.53900,1929.000,4
22:20:40.50700,1929.000,1
22:20:40.76500,1929.000,2
22:20:41.15600,1929.000,1
22:20:46.32800,1929.250,2
22:20:47.57400,1929.250,3
22:20:49.84700,1929.250,9
22:20:51.95300,1929.250,3
22:20:52.09700,1929.250,1
22:20:52.21400,1929.250,1
22:21:03.48800,1929.000,40
22:21:11.51500,1929.250,1
22:21:16.23000,1929.000,3
22:21:18.55000,1929.000,1
22:21:40.77700,1929.000,54
22:21:43.55800,1929.000,3
22:21:44.59700,1929.000,10
22:21:48.52300,1929.000,1
22:21:50.33200,1929.000,7
22:21:52.52700,1929.000,9
22:21:55.35900,1929.000,6
22:21:56.19900,1929.000,4
22:21:58.60500,1929.000,1
22:22:04.05000,1928.750,19
22:22:04.35100,1928.750,10
22:22:07.00300,1928.750,10
22:22:09.32400,1929.000,1
22:22:09.42900,1929.000,15
22:22:11.88600,1928.750,1
22:22:14.57800,1928.750,1
22:22:21.88600,1929.000,4
22:22:25.75700,1929.000,14
22:22:30.24600,1929.000,7
22:22:30.42900,1929.000,22
22:22:31.60100,1929.000,1
22:22:39.17500,1929.000,1
22:22:39.42100,1929.000,1
22:22:47.64800,1929.250,1
22:22:55.41400,1929.250,2
22:22:57.49200,1929.000,2
22:23:07.57400,1929.000,47
22:23:11.57400,1929.000,2
22:23:27.21400,1929.000,1
22:23:33.02700,1929.000,1
22:23:33.34300,1929.000,58
22:23:33.48400,1929.000,4
22:23:33.59700,1929.000,1
22:23:34.08900,1929.000,1
22:23:34.32000,1929.000,1
22:23:34.83900,1929.000,3
22:23:35.07800,1929.250,1
22:23:37.55800,1929.000,1
22:23:40.67500,1929.000,1
22:23:41.72600,1928.750,2
22:23:46.03900,1929.000,3
22:23:51.03100,1928.750,2
22:24:01.26900,1928.750,111
22:24:02.60100,1929.000,7
22:24:04.05400,1929.000,18
22:24:05.87800,1929.000,1
22:24:06.94100,1929.000,3
22:24:07.89400,1929.000,1
22:24:16.64400,1929.000,2
22:24:17.70700,1928.750,1
22:24:18.49600,1928.750,12
22:24:18.68700,1928.750,2
22:24:30.46000,1928.750,1
22:24:33.34300,1929.000,71
22:24:35.12500,1929.000,1
22:24:40.52700,1929.000,10
22:24:51.33500,1929.000,1
22:24:59.19500,1929.000,1
22:25:02.20300,1929.000,28
22:25:12.30800,1929.000,4
22:25:14.94900,1929.000,2
22:25:15.54200,1929.000,1
22:25:18.38200,1929.000,3
22:25:24.79600,1929.000,1
22:25:26.21400,1929.000,5
22:25:34.09700,1929.000,4
22:25:37.16400,1929.000,4
22:25:44.00700,1928.750,30
22:25:47.76100,1928.750,1
22:25:48.79600,1929.000,7
22:25:49.35500,1928.750,10
22:25:53.52300,1928.750,2
22:25:54.59300,1929.000,5
22:25:55.88200,1928.750,32
22:26:01.87800,1928.750,7
22:26:02.58500,1929.000,1
22:26:02.90600,1928.750,31
22:26:03.39400,1928.500,4
22:26:05.58500,1928.500,1
22:26:06.03100,1928.750,1
22:26:06.28900,1928.500,2
22:26:10.39000,1928.750,13
22:26:10.63600,1928.750,10
22:26:13.46000,1928.750,2
22:26:15.32400,1928.500,1
22:26:19.48800,1928.750,41
22:26:20.30400,1928.500,1
22:26:22.79600,1928.750,3
22:26:23.94500,1928.750,1
22:26:24.92100,1928.500,1
22:26:38.48800,1928.500,2
22:26:39.16700,1928.750,1
22:26:42.00300,1928.500,1
22:26:43.14400,1928.750,1
22:26:46.46800,1928.500,2
22:26:48.10500,1928.500,1
22:27:15.01100,1928.500,2
22:27:15.20300,1928.500,2
22:27:16.54200,1928.500,33
22:27:17.00700,1928.750,1
22:27:19.28500,1928.500,2
22:27:20.06600,1928.500,1
22:27:30.62800,1928.500,124
22:27:31.78100,1928.250,53
22:27:33.02300,1928.500,12
22:27:34.21000,1928.250,2
22:27:35.08200,1928.250,1
22:27:36.76900,1928.250,3
22:27:38.75700,1928.250,1
22:27:39.10900,1928.250,3
22:27:41.29200,1928.250,4
22:27:42.21000,1928.250,21
22:27:42.69500,1928.250,5
22:27:43.72600,1928.000,77
22:27:44.96800,1928.000,83
22:27:45.79200,1928.000,2
22:27:46.01100,1928.000,37
22:27:47.96400,1928.000,1
22:27:48.32000,1928.000,3
22:27:49.38600,1928.000,1
22:27:50.33500,1928.000,1
22:27:52.90600,1928.000,1
22:27:53.91700,1928.000,1
22:27:54.39000,1928.000,2
22:27:55.45700,1928.000,1
22:27:56.41400,1928.000,3
22:27:56.72200,1928.250,1
22:27:57.32000,1927.750,49
22:27:57.39000,1927.750,2
22:27:57.62100,1928.000,4
22:27:59.89400,1928.000,1
22:28:03.67900,1928.000,34
22:28:04.22600,1928.000,1
22:28:06.23400,1928.250,2
22:28:06.52700,1928.000,1
22:28:07.32400,1928.000,2
22:28:07.46000,1928.250,1
22:28:08.52700,1928.250,1
22:28:11.75700,1928.250,50
22:28:13.76100,1928.250,13
22:28:15.27700,1928.250,6
22:28:15.64400,1928.000,85
22:28:16.01100,1928.250,1
22:28:16.39400,1928.000,1
22:28:16.85100,1928.000,1
22:28:17.28900,1928.000,14
22:28:17.41000,1928.000,7
22:28:21.05800,1928.250,1
22:28:29.62500,1928.000,2
22:28:31.36300,1928.000,2
22:28:31.62500,1928.000,44
22:28:31.92500,1927.750,1
22:28:33.13200,1927.750,5
22:28:34.24200,1928.000,4
22:28:35.91700,1927.750,1
22:28:38.75700,1928.000,5
22:28:40.29200,1928.250,50
22:28:41.75000,1928.250,1
22:28:42.04600,1928.250,3
22:28:42.30000,1928.250,1
22:28:45.46400,1928.000,2
22:28:45.91000,1928.000,51
22:28:46.78100,1928.000,1
22:28:46.96800,1928.000,1
22:28:47.68700,1928.000,2
22:28:49.55800,1928.000,5
22:28:50.53100,1928.000,2
22:28:53.19100,1928.000,1
22:28:55.16000,1928.000,5
22:28:56.74600,1928.000,5
22:28:57.19100,1928.000,1
22:28:58.58900,1928.250,1
22:28:58.87100,1928.000,5
22:29:00.83200,1928.000,3
22:29:02.52300,1928.000,1
22:29:04.87100,1928.250,1
22:29:10.56200,1928.000,2
22:29:12.31200,1928.000,40
22:29:17.63200,1928.000,5
22:29:18.07800,1928.000,2
22:29:19.34700,1928.000,1
22:29:23.59700,1928.000,60
22:29:23.78100,1928.000,1
22:29:24.43700,1928.000,3
22:29:28.20700,1928.000,1
22:29:29.74600,1928.000,16
22:29:30.05800,1928.000,3
22:29:30.82400,1928.000,1
22:29:31.67900,1928.000,2
22:29:32.20300,1927.750,1
22:29:33.60900,1927.750,1
22:29:36.17500,1928.000,1
22:29:40.29600,1928.000,53
22:29:40.93700,1927.750,1
22:29:42.20300,1927.750,5
22:29:45.46800,1927.750,17
22:29:47.31200,1927.750,1
22:29:49.16400,1927.750,1
22:29:49.89800,1927.750,1
22:29:51.17500,1927.750,1
22:30:00.17500,1927.750,21
22:30:00.78500,1928.000,1
22:30:00.95300,1928.000,2
22:30:01.67500,1927.750,2
22:30:04.30400,1927.750,2
22:30:04.57000,1928.000,63
22:30:04.69500,1927.750,1
22:30:06.53900,1927.750,2
22:30:06.89000,1928.000,1
22:30:07.83900,1928.000,1
22:30:08.67900,1928.000,5
22:30:16.55400,1927.750,1
22:30:17.71000,1927.750,1
22:30:18.50700,1927.750,41
22:30:18.64800,1927.750,2
22:30:18.76100,1927.750,3
22:30:19.10500,1927.750,1
22:30:20.28100,1927.500,13
22:30:20.53900,1927.500,1
22:30:20.75000,1927.500,31
22:30:21.37100,1927.500,1
22:30:21.50700,1927.500,1
22:30:21.91700,1927.500,1
22:30:22.14000,1927.500,1
22:30:22.27300,1927.500,1
22:30:23.27300,1927.500,1
22:30:24.39000,1927.500,1
22:30:24.97200,1927.500,1
22:30:25.43700,1927.500,81
22:30:26.05400,1927.250,11
22:30:27.03500,1927.250,1
22:30:27.92100,1927.250,2
22:30:29.88200,1927.250,1
22:30:30.60100,1927.250,5
22:30:31.21800,1927.500,1
22:30:33.64800,1927.250,7
22:30:35.78100,1927.250,1
22:30:35.94900,1927.500,1
22:30:37.07400,1927.500,107
22:30:37.64000,1927.500,1
22:30:39.25000,1927.500,69
22:30:40.58500,1927.750,2
22:30:41.77700,1927.500,2
22:30:44.04200,1927.500,1
22:30:44.14800,1927.500,1
22:30:44.62100,1927.500,1
22:30:45.23800,1927.500,2
22:30:45.61300,1927.750,1
22:30:48.58500,1927.500,1
22:30:49.67100,1927.500,1
22:30:49.94100,1927.750,2
22:30:51.33500,1927.500,1
22:30:53.79200,1927.500,2
22:30:55.05000,1927.500,90
22:30:55.51100,1927.250,1
22:30:57.72200,1927.250,25
22:30:59.72200,1927.250,1
22:31:01.71000,1927.250,3
22:31:03.32000,1927.250,1
22:31:04.78100,1927.250,1
22:31:06.86300,1927.250,1
22:31:07.20700,1927.250,2
22:31:07.53500,1927.250,1
22:31:08.44100,1927.250,87
22:31:09.37500,1927.250,6
22:31:10.06600,1927.250,95
22:31:10.50700,1927.250,37
22:31:11.18700,1927.250,1
22:31:12.17500,1927.000,34
22:31:12.89400,1927.000,75
22:31:13.43300,1927.000,1
22:31:13.87500,1927.000,1
22:31:14.19100,1927.000,1
22:31:14.68300,1927.000,7
22:31:14.94100,1927.000,4
22:31:16.31600,1927.000,1
22:31:16.44100,1927.000,1
22:31:17.07000,1927.000,2
22:31:17.25300,1927.000,1
22:31:18.93300,1927.000,1
22:31:19.73000,1927.000,18
22:31:21.03500,1927.250,69
22:31:21.65600,1927.250,3
22:31:21.77300,1927.250,1
22:31:22.53100,1927.250,11
22:31:23.58500,1927.250,9
22:31:27.31600,1927.500,1
22:31:29.64800,1927.500,1
22:31:32.58200,1927.500,1
22:31:34.08200,1927.250,38
22:31:37.69900,1927.250,3
22:31:37.94900,1927.250,1
22:31:40.32800,1927.250,10
22:31:41.19900,1927.250,1
22:31:41.89400,1927.250,2
22:31:42.11700,1927.250,1
22:31:44.19900,1927.250,1
22:31:44.46400,1927.250,3
22:31:44.59700,1927.250,8
22:31:46.32400,1927.250,3
22:31:49.69500,1927.000,1
22:31:49.88200,1927.250,1
22:31:50.01900,1927.250,1
22:31:50.32000,1927.000,1
22:31:52.87100,1927.250,1
22:31:53.05400,1927.000,1
22:31:53.50300,1927.000,1
22:31:53.94500,1927.000,2
22:31:54.87800,1927.250,1
22:32:03.56200,1927.000,27
22:32:04.38600,1927.000,1
22:32:05.01500,1927.000,2
22:32:09.05800,1927.000,1
22:32:11.41000,1927.250,12
22:32:12.40600,1927.000,1
22:32:17.24200,1927.000,1
22:32:21.15600,1927.250,1
22:32:24.08900,1927.250,1
22:32:24.58900,1927.000,1
22:32:25.92100,1927.000,26
22:32:26.76500,1927.000,1
22:32:27.01500,1927.250,5
22:32:29.58900,1927.000,388
22:32:29.63600,1927.000,12
22:32:29.87100,1927.250,2
22:32:30.10900,1927.000,1
22:32:30.79200,1927.000,1
22:32:31.35900,1926.750,3
22:32:33.15600,1926.750,1
22:32:33.36700,1926.750,1
22:32:35.12500,1927.000,21
22:32:35.40600,1927.000,1
22:32:37.02300,1927.000,1
22:32:37.20700,1926.750,13
22:32:39.18300,1926.750,12
22:32:40.14400,1926.750,1
22:32:41.76500,1926.750,28
22:32:42.11700,1926.750,10
22:32:43.80000,1926.750,1
22:32:43.96400,1926.750,3
22:32:44.16700,1926.750,11
22:32:46.37100,1926.750,1
22:32:48.19100,1926.750,2
22:32:48.81200,1927.000,5
22:32:49.92100,1926.750,10
22:32:52.41000,1926.750,1
22:32:53.12800,1926.750,3
22:32:55.76100,1927.000,4
22:32:58.01500,1926.750,1
22:32:58.44100,1926.750,1
22:33:02.07000,1927.000,35
22:33:02.46800,1926.750,1
22:33:02.59700,1927.000,1
22:33:03.41000,1927.000,4
22:33:04.30400,1927.000,2
22:33:06.76100,1927.000,2
22:33:11.23000,1926.750,1
22:33:12.17500,1926.750,1
22:33:12.91700,1927.000,1
22:33:15.82800,1926.750,1
22:33:18.41000,1927.000,21
22:33:18.94900,1927.000,9
22:33:21.77700,1926.750,1
22:33:22.10900,1927.000,1
22:33:22.71000,1927.000,1
22:33:26.76100,1927.000,2
22:33:28.10900,1927.000,4
22:33:28.94500,1927.000,5
22:33:31.41000,1927.000,1
22:33:37.38200,1927.000,1
22:33:38.42100,1927.000,10
22:33:42.31600,1927.000,1
22:33:42.95700,1927.000,2
22:33:46.31200,1927.000,1
22:33:47.21000,1927.000,1
22:33:49.30400,1927.000,2
22:33:52.04200,1927.250,1
22:33:54.03500,1927.250,1
22:33:57.84700,1927.000,1
22:33:58.59300,1927.250,43
22:34:07.92100,1927.250,9
22:34:09.11300,1927.250,3
22:34:10.19900,1927.250,1
22:34:10.40600,1927.250,3
22:34:11.02300,1927.250,10
22:34:11.28900,1927.250,12
22:34:12.13600,1927.250,3
22:34:12.36300,1927.250,7
22:34:13.40200,1927.250,1
22:34:16.51100,1927.250,1
22:34:19.75700,1927.500,6
22:34:20.65600,1927.250,3
22:34:22.84700,1927.250,3
22:34:23.16400,1927.250,1
22:34:24.50000,1927.250,2
22:34:24.67500,1927.250,2
22:34:25.08200,1927.250,5
22:34:25.14400,1927.250,1
22:34:26.21000,1927.250,1
22:34:27.22600,1927.250,2
22:34:27.72200,1927.250,1
22:34:27.91700,1927.250,1
22:34:38.62800,1927.500,17
22:34:40.64000,1927.250,1
22:34:41.62100,1927.250,2
22:34:42.41000,1927.250,1
22:34:43.09700,1927.000,50
22:34:44.38600,1927.000,1
22:34:45.26900,1927.000,1
22:34:45.54600,1927.250,1
22:34:47.51100,1927.250,9
22:34:48.10900,1927.250,6
22:34:48.91700,1927.000,1
22:34:50.08500,1927.250,5
22:34:53.12500,1927.250,1
22:34:56.55400,1927.000,1
22:34:56.95700,1927.250,2
22:35:03.65600,1927.250,20
22:35:04.39400,1927.000,7
22:35:06.50000,1927.000,2
22:35:11.21400,1927.250,1
22:35:12.91700,1927.000,1
22:35:14.73000,1927.000,2
22:35:15.08900,1927.000,53
22:35:15.20700,1926.750,5
22:35:15.28900,1927.000,1
22:35:15.43300,1926.500,1
22:35:17.10900,1926.750,1
22:35:17.76500,1927.000,6
22:35:18.18700,1926.750,1
22:35:18.60900,1926.750,1
22:35:18.71800,1926.750,2
22:35:19.28500,1926.750,1
22:35:19.46800,1926.750,1
22:35:23.32800,1926.750,1
22:35:23.65200,1926.750,2
22:35:24.00000,1926.500,10
22:35:24.92100,1926.500,1
22:35:26.39800,1926.750,3
22:35:26.71400,1926.750,1
22:35:27.93300,1926.750,1
22:35:29.56600,1926.750,1
22:35:29.88200,1926.750,8
22:35:30.03900,1926.750,1
22:35:30.69500,1926.750,2
22:35:31.71800,1926.750,2
22:35:31.88600,1926.750,5
22:35:33.46800,1926.750,3
22:35:34.08900,1926.750,1
22:35:35.20300,1926.500,23
22:35:35.73800,1926.750,1
22:35:36.48800,1926.750,1
22:35:36.67900,1926.750,1
22:35:37.10500,1926.750,9
22:35:38.35500,1926.750,1
22:35:39.20300,1926.750,4
22:35:39.73400,1926.750,22
22:35:40.19900,1926.500,1
22:35:41.08200,1926.750,1
22:35:42.33500,1926.750,1
22:35:46.23800,1926.750,6
22:35:46.50000,1926.750,11
22:35:47.87500,1926.750,5
22:35:51.61700,1926.500,1
22:35:55.65600,1926.500,1
22:35:56.57800,1926.500,2
22:35:57.46800,1926.500,1
22:35:59.91000,1927.000,33
22:36:02.39400,1926.750,2
22:36:04.85500,1927.000,1
22:36:06.50700,1927.000,10
22:36:07.05800,1927.000,1
22:36:11.69100,1926.750,2
22:36:19.45300,1926.750,3
22:36:19.56600,1927.000,1
22:36:21.05800,1927.000,4
22:36:21.95300,1927.000,1
22:36:22.16700,1926.750,14
22:36:23.94500,1926.750,13
22:36:24.32800,1927.000,1
22:36:26.03100,1926.750,1
22:36:26.25700,1926.750,4
22:36:35.65200,1926.750,1
22:36:36.55000,1927.000,5
22:36:36.94900,1926.750,2
22:36:40.40200,1926.750,7
22:36:43.86700,1926.750,2
22:36:51.60100,1926.500,208
22:36:51.86300,1926.500,2
22:36:53.57800,1926.500,4
22:36:53.91400,1926.500,1
22:37:02.78500,1926.500,3
22:37:02.96800,1926.750,3
22:37:03.26500,1926.500,2
22:37:04.79200,1926.750,1
22:37:05.45700,1926.750,1
22:37:06.84700,1926.500,10
22:37:12.81600,1926.500,2
22:37:13.10100,1926.500,3
22:37:20.86300,1926.500,1
22:37:21.78100,1926.500,16
22:37:22.62500,1926.750,1
22:37:24.70700,1926.500,5
22:37:24.88600,1926.500,1
22:37:37.65200,1926.500,2
22:37:38.44500,1926.750,1
22:37:38.82400,1926.750,10
22:37:39.08200,1926.750,49
22:37:40.07800,1926.750,1
22:37:40.89800,1926.750,4
22:37:42.33900,1926.750,1
22:37:45.02700,1926.750,2
22:37:45.41000,1926.750,1
22:37:47.73000,1926.750,2
22:37:56.10900,1927.000,5
22:37:56.91700,1927.000,1
22:37:57.73000,1927.000,1
22:37:57.91400,1927.000,1
22:37:58.13200,1927.000,1
22:37:58.78100,1927.000,45
22:37:59.00000,1927.000,1
22:37:59.40600,1927.000,2
22:37:59.54600,1927.000,1
22:38:00.31600,1927.000,2
22:38:02.10100,1927.000,3
22:38:02.28900,1927.000,1
22:38:02.52300,1927.250,1
22:38:02.69900,1927.000,1
22:38:03.85500,1927.000,1
22:38:04.25300,1927.000,11
22:38:05.53100,1927.250,1
22:38:08.10900,1927.000,2
22:38:09.06200,1927.000,2
22:38:09.44500,1927.000,1
22:38:10.76100,1927.000,2
22:38:14.33200,1927.000,8
22:38:16.54200,1927.000,5
22:38:16.78900,1927.250,2
22:38:17.76100,1927.000,1
22:38:18.14800,1927.000,1
22:38:20.24600,1927.000,17
22:38:20.82800,1927.250,2
22:38:21.49200,1927.000,1
22:38:23.17500,1927.000,10
22:38:23.38600,1927.000,1
22:38:26.78900,1927.000,38
22:38:28.47200,1927.000,1
22:38:34.53900,1927.000,1
22:38:35.32400,1927.000,4
22:38:39.22200,1927.000,1
22:39:00.66400,1926.750,4
22:39:03.88200,1926.750,2
22:39:08.30000,1927.000,1
22:39:10.01500,1926.750,15
22:39:17.29200,1926.750,1
22:39:21.72200,1926.750,1
22:39:24.53500,1926.750,119
22:39:26.11300,1926.750,1
22:39:33.80800,1927.000,6
22:39:34.65600,1927.000,1
22:39:39.10500,1927.000,1
22:39:41.67900,1927.000,84
22:39:43.09700,1927.000,1
22:39:45.89400,1927.000,5
22:39:47.28100,1927.250,4
22:39:50.18300,1927.000,1
22:39:50.51500,1927.250,1
22:39:52.80400,1927.250,8
22:39:54.62500,1927.250,1
22:39:55.38600,1927.250,1
22:39:55.87100,1927.250,42
22:39:56.24600,1927.500,2
22:39:56.64800,1927.500,1
22:39:59.01500,1927.500,2
22:40:01.17500,1927.500,5
22:40:02.51500,1927.500,1
22:40:03.65200,1927.250,1
22:40:04.71000,1927.250,12
22:40:05.46400,1927.250,2
22:40:08.04200,1927.250,3
22:40:11.25700,1927.000,4
22:40:24.22600,1927.000,13
22:40:25.45300,1927.000,11
22:40:28.54200,1927.000,1
22:40:32.09700,1927.000,1
22:40:33.68300,1927.000,2
22:40:43.03100,1927.000,1
22:41:03.27700,1927.000,18
22:41:03.78100,1927.000,1
22:41:04.39000,1927.000,2
22:41:21.64400,1927.250,12
22:41:28.23800,1927.000,3
22:41:32.91400,1927.000,1
22:41:33.14400,1927.250,42
22:41:33.35900,1927.250,1
22:41:35.22600,1927.250,3
22:41:36.83500,1927.250,1
22:41:38.10900,1927.500,11
22:41:52.61300,1927.500,1
22:42:03.72600,1927.250,61
22:42:04.63200,1927.250,1
22:42:04.89000,1927.250,2
22:42:06.25700,1927.250,1
22:42:07.29600,1927.250,1
22:42:08.77700,1927.500,11
22:42:10.69500,1927.500,1
22:42:15.80400,1927.250,1
22:42:22.36300,1927.500,6
22:42:26.05000,1927.250,1
22:42:28.78500,1927.500,19
22:42:28.92500,1927.500,5
22:42:29.37100,1927.500,2
22:42:30.03100,1928.000,57
22:42:33.05800,1927.750,1
22:42:35.69100,1927.750,8
22:42:36.39400,1927.750,1
22:42:38.93300,1927.500,3
22:42:39.40600,1927.750,1
22:42:43.55000,1927.750,6
22:42:48.53100,1927.750,1
22:42:55.77700,1927.500,10
22:42:56.42100,1927.750,1
22:43:01.67100,1927.500,3
22:43:05.73000,1927.750,11
22:43:08.79200,1927.750,2
22:43:09.47600,1927.750,15
22:43:09.82800,1927.750,3
22:43:10.03900,1927.500,1
22:43:10.42100,1927.500,2
22:43:10.87500,1927.750,1
22:43:12.68300,1927.500,1
22:43:16.44900,1927.750,2
22:43:17.21800,1927.500,1
22:43:19.00700,1927.750,1
22:43:20.39800,1927.750,1
22:43:21.16400,1927.750,1
22:43:22.85500,1927.750,1
22:43:23.53900,1927.500,1
22:43:29.44500,1927.750,4
22:43:29.71800,1927.500,2
22:43:32.02700,1927.750,1
22:43:32.30800,1927.500,1
22:43:34.40600,1927.750,25
22:43:39.76900,1928.000,3
22:43:40.40200,1927.750,1
22:43:49.28500,1928.000,1
22:43:56.01100,1928.000,1
22:43:56.24200,1928.000,9
22:44:01.23400,1927.750,2
22:44:01.52300,1928.000,1
22:44:01.89400,1927.750,1
22:44:02.92900,1927.750,1
22:44:06.54600,1928.000,5
22:44:11.05800,1927.750,1
22:44:11.82000,1927.750,1
22:44:12.86700,1927.750,1
22:44:20.74200,1927.750,1
22:44:21.39400,1927.750,4
22:44:23.53500,1927.750,1
22:44:30.38200,1927.750,1
22:44:37.96400,1927.750,1
22:44:44.82000,1927.750,5
22:44:52.75300,1927.500,26
22:44:54.49600,1927.000,35
22:44:54.62800,1927.250,1
22:45:01.51100,1927.000,13
22:45:02.07800,1927.250,2
22:45:03.76500,1927.250,2
22:45:06.23400,1927.250,1
22:45:10.85100,1927.250,1
22:45:12.08900,1927.250,2
22:45:12.78100,1927.500,1
22:45:17.21000,1927.500,1
22:45:19.31200,1927.250,1
22:45:20.21800,1927.250,1
22:45:23.04200,1927.500,1
22:45:24.86300,1927.500,1
22:45:29.28100,1927.250,1
22:45:29.53500,1927.250,1
22:45:29.71800,1927.250,7
22:45:30.71000,1927.500,3
22:45:39.46800,1927.500,1
22:45:39.96000,1927.250,5
22:45:40.48000,1927.250,3
22:45:41.32400,1927.250,5
22:45:41.70700,1927.250,1
22:45:47.92500,1927.250,1
22:45:52.67500,1927.000,2
22:45:53.90200,1927.000,5
22:45:54.09700,1927.250,1
22:45:58.84300,1927.250,8
22:46:02.14400,1927.250,5
22:46:04.16000,1927.500,30
22:46:04.42100,1927.500,23
22:46:06.34300,1927.750,1
22:46:07.44900,1927.750,2
22:46:09.08200,1927.500,1
22:46:16.08900,1927.500,1
22:46:16.25300,1927.500,6
22:46:23.06600,1927.500,3
22:46:25.75000,1927.250,2
22:46:27.43300,1927.500,1
22:46:32.02700,1927.250,6
22:46:48.96800,1927.500,1
22:46:55.30800,1927.250,1
22:47:02.10100,1927.500,16
22:47:09.23800,1927.500,1
22:47:14.28500,1927.750,1
22:47:17.43700,1927.500,5
22:47:21.73800,1927.750,33
22:47:27.63200,1927.500,10
22:47:33.75000,1927.750,63
22:47:37.94100,1928.000,127
22:47:38.00700,1928.250,6
22:47:38.14800,1928.250,6
22:47:42.25000,1928.250,1
22:47:47.18300,1928.000,15
22:47:51.73400,1928.000,10
22:47:51.85900,1928.000,2
22:47:55.85900,1928.000,2
22:47:58.92500,1928.000,6
22:48:47.05000,1928.000,78
22:48:50.46800,1928.250,1
22:48:55.02300,1928.250,92
22:49:00.16700,1928.500,15
22:49:04.16000,1928.500,2
22:49:05.89400,1928.500,17
22:49:07.21800,1928.500,2
22:49:08.35100,1928.500,1
22:49:10.07400,1928.250,1
22:49:13.86300,1928.500,2
22:49:14.17500,1928.250,1
22:49:14.51900,1928.250,2
22:49:14.57400,1928.250,2
22:49:15.02700,1928.500,1
22:49:18.55000,1928.500,1
22:49:21.78100,1928.250,2
22:49:23.05400,1928.250,14
22:49:24.74600,1928.250,15
22:49:34.32800,1928.000,28
22:49:34.80400,1928.000,1
22:49:35.57400,1928.000,5
22:49:37.28500,1928.000,1
22:49:40.32400,1928.000,10
22:49:42.16000,1928.250,2
22:49:45.81600,1928.250,1
22:49:47.02700,1928.250,1
22:49:47.63200,1928.000,42
22:49:50.10900,1928.000,1
22:49:53.48800,1927.750,1
22:49:54.01500,1928.000,2
22:50:05.02700,1927.750,5
22:50:05.37500,1927.750,2
22:50:05.89000,1928.000,4
22:50:08.85100,1928.000,1
22:50:10.43300,1928.000,5
22:50:18.25700,1928.000,1
22:50:48.90600,1928.000,49
22:50:53.85900,1928.000,3
22:50:54.58500,1928.000,3
22:50:57.50000,1928.000,1
22:50:57.97200,1928.000,2
22:50:59.19500,1927.750,5
22:51:00.28900,1927.750,2
22:51:01.72600,1928.000,1
22:51:02.45700,1927.750,5
22:51:08.19100,1927.750,1
22:51:08.39400,1928.000,3
22:51:12.84300,1927.750,3
22:51:13.06600,1927.750,3
22:51:16.34700,1927.750,16
22:51:27.30400,1927.750,6
22:51:30.60100,1927.500,21
22:51:32.43300,1927.750,2
22:51:34.18700,1927.500,5
22:51:39.21000,1927.500,16
22:51:40.58500,1927.500,1
22:51:41.43300,1927.500,1
22:51:45.43700,1927.500,1
22:51:46.58500,1927.750,1
22:51:54.63200,1927.500,1
22:51:59.91000,1927.500,11
22:52:00.90600,1927.500,2
22:52:01.62500,1927.500,1
22:52:06.94500,1927.500,1
22:52:11.22200,1927.500,1
22:52:13.37500,1927.500,1
22:52:13.68700,1927.500,1
22:52:17.81600,1927.500,2
22:52:23.12800,1927.500,1
22:52:24.86700,1927.500,3
22:52:31.31600,1927.500,1
22:52:37.88600,1927.500,1
22:52:38.64800,1927.250,1
22:52:40.21400,1927.500,1
22:52:40.79200,1927.500,2
22:52:44.41400,1927.500,2
22:52:49.70300,1927.500,1
22:52:51.48800,1927.500,5
22:52:59.05000,1927.500,8
22:53:02.65200,1927.500,7
22:53:03.75700,1927.250,5
22:53:07.10500,1927.500,1
22:53:29.08200,1927.500,8
22:53:30.90600,1927.500,4
22:53:35.66400,1927.500,6
22:53:42.73400,1927.500,6
22:53:54.64800,1927.500,2
22:54:06.46000,1927.500,2
22:54:13.49600,1927.500,1
22:54:17.92500,1927.750,1
22:54:20.57800,1927.750,1
22:54:21.49200,1927.500,1
22:54:38.81200,1927.500,9
22:54:39.25300,1927.500,11
22:54:55.06200,1927.500,11
22:55:00.78500,1927.250,4
22:55:07.85900,1927.500,1
22:55:13.61300,1927.500,1
22:55:13.84700,1927.250,2
22:55:14.36300,1927.500,5
22:55:19.22600,1927.250,5
22:55:21.03500,1927.500,1
22:55:21.40600,1927.500,1
22:55:25.46800,1927.500,42
22:55:28.53100,1927.500,1
22:55:33.22600,1927.500,5
22:55:41.26900,1927.500,5
22:55:46.89000,1927.500,5
22:55:59.81600,1927.500,4
22:56:19.51500,1927.500,8
22:56:32.80800,1927.250,6
22:56:48.17500,1927.500,1
22:56:55.37800,1927.500,2
22:57:07.21000,1927.500,2
22:57:15.33500,1927.500,6
22:57:16.66000,1927.500,5
22:57:18.57800,1927.500,4
22:57:23.75300,1927.250,1
22:57:26.04200,1927.250,35
22:57:26.60100,1927.250,15
22:57:26.78500,1927.250,2
22:57:32.56200,1927.000,6
22:57:36.62100,1927.250,9
22:57:46.28100,1927.250,1
22:57:53.85100,1927.250,4
22:58:01.37100,1927.000,29
22:58:02.25300,1927.000,22
22:58:02.57400,1927.000,2
22:58:03.19900,1927.000,9
22:58:03.69100,1927.000,1
22:58:06.89400,1927.000,1
22:58:07.65600,1927.000,3
22:58:09.87800,1926.750,2
22:58:12.95700,1926.750,5
22:58:15.40200,1926.750,1
22:58:16.32800,1926.750,1
22:58:18.23400,1926.750,4
22:58:19.78100,1926.750,1
22:58:25.30400,1927.000,4
22:58:33.46800,1926.750,6
22:58:33.78900,1926.750,2
22:58:39.02300,1926.750,5
22:58:48.63600,1926.750,1
22:58:49.89800,1926.750,1
22:58:57.30400,1926.750,5
22:59:01.94100,1926.750,2
22:59:02.07400,1926.750,1
22:59:02.21400,1926.750,1
22:59:02.86700,1926.750,1
22:59:03.48800,1926.750,1
22:59:06.23400,1926.750,1
22:59:06.55400,1927.000,1
22:59:07.09300,1927.000,2
22:59:07.50300,1927.000,2
22:59:09.02700,1927.000,1
22:59:12.15600,1927.000,35
22:59:13.21000,1927.000,4
22:59:14.10500,1927.000,5
22:59:17.49200,1927.000,5
22:59:20.34700,1927.000,1
22:59:23.06200,1927.000,1
22:59:25.33500,1927.000,5
22:59:28.20300,1927.000,5
22:59:29.53500,1927.000,5
22:59:30.03100,1927.250,107
22:59:57.03100,1927.250,1
22:59:57.81200,1927.500,2
22:59:59.94100,1927.500,22
23:00:00.44500,1927.500,0
23:00:00.58900,1927.250,1
23:00:00.65200,1927.250,1
23:00:10.79200,1927.500,1
23:00:13.89800,1927.250,1
23:00:19.57800,1927.250,1
23:00:24.48800,1927.500,2
23:00:25.43700,1927.500,1
23:00:28.14000,1927.250,5
23:00:45.97200,1927.250,19
23:00:50.26500,1927.250,1
23:01:05.91000,1927.000,4
23:01:10.91700,1927.250,9
23:01:22.03100,1927.000,1
23:01:40.11700,1927.000,1
23:01:42.21800,1927.000,33
23:01:51.01500,1926.750,2
23:01:53.09300,1926.750,1
23:01:53.25700,1927.000,15
23:01:54.03900,1927.000,4
23:01:56.73000,1927.000,1
23:02:17.60500,1927.000,11
23:02:18.62500,1927.000,5
23:02:18.86300,1927.000,2
23:02:21.62500,1927.000,1
23:02:24.74600,1927.000,4
23:02:33.70700,1927.000,11
23:02:40.57800,1927.250,2
23:02:41.05000,1927.000,2
23:02:41.90200,1927.000,1
23:02:46.28900,1927.250,1
23:02:47.33500,1927.000,2
23:02:53.37100,1927.000,5
23:02:54.28500,1927.000,2
23:03:06.30800,1927.000,2
23:03:12.91000,1927.000,1
23:03:21.62500,1927.000,27
23:03:29.07400,1927.000,5
23:03:29.22200,1927.000,11
23:03:31.49200,1927.000,9
23:03:33.52700,1927.000,3
23:03:35.70300,1927.000,2
23:03:40.39400,1927.000,6
23:03:49.12100,1927.250,2
23:03:51.94500,1927.250,1
23:04:04.50000,1927.250,10
23:04:11.40600,1927.000,3
23:04:19.34300,1927.250,2
23:04:23.87800,1927.250,16
23:04:25.79200,1927.250,1
23:04:27.00300,1927.250,2
23:04:29.87100,1927.500,6
23:04:37.67500,1927.250,1
23:04:41.58200,1927.250,3
23:04:44.66700,1927.250,1
23:04:48.08200,1927.250,4
23:04:48.57400,1927.500,3
23:04:52.63200,1927.250,2
23:04:53.64800,1927.250,2
23:04:54.77700,1927.000,25
23:04:55.86700,1927.250,4
23:04:57.10900,1927.250,2
23:05:07.30400,1927.250,5
23:05:19.67100,1927.500,25
23:05:19.94100,1927.500,2
23:05:26.10500,1927.500,1
23:05:32.51900,1927.250,10
23:05:36.44500,1927.250,2
23:05:39.46400,1927.250,10
23:05:53.65200,1927.500,2
23:05:53.83900,1927.500,1
23:06:13.52700,1927.500,2
23:06:15.17900,1927.250,3
23:06:19.15600,1927.250,2
23:06:38.30000,1927.250,56
23:06:55.95700,1927.250,1
23:06:58.00000,1927.000,2
23:07:25.02300,1927.000,74
23:07:44.58500,1927.250,1
23:07:52.51900,1927.250,24
23:07:55.08900,1927.500,3
23:07:55.46400,1927.500,107
23:07:55.56600,1927.500,20
23:07:55.75700,1927.500,198
23:07:58.07400,1927.500,5
23:07:59.60100,1927.750,6
23:07:59.72200,1927.750,67
23:08:02.10900,1927.750,26
23:08:02.51900,1927.750,1
23:08:04.74600,1928.000,44
23:08:05.17100,1928.000,24
23:08:06.19500,1928.000,5
23:08:07.19500,1928.500,39
23:08:07.32800,1928.250,1
23:08:07.49200,1928.250,2
23:08:10.09300,1928.500,2
23:08:10.69500,1928.500,4
23:08:11.07000,1928.500,35
23:08:11.10500,1928.500,19
23:08:12.80800,1928.500,14
23:08:13.27700,1928.750,9
23:08:13.39400,1928.750,1
23:08:14.29200,1928.750,35
23:08:14.36700,1928.750,3
23:08:15.48000,1928.750,3
23:08:15.56600,1928.750,1
23:08:16.12100,1929.000,47
23:08:16.34300,1929.000,2
23:08:16.71400,1928.750,3
23:08:16.83200,1928.750,10
23:08:17.22600,1928.750,5
23:08:17.65200,1929.000,1
23:08:17.92900,1928.750,15
23:08:18.11300,1928.500,30
23:08:18.47600,1928.250,1
23:08:18.61300,1928.500,82
23:08:19.07400,1928.500,7
23:08:20.16700,1928.500,17
23:08:21.22200,1928.500,2
23:08:21.48800,1928.500,9
23:08:22.10500,1928.500,1
23:08:22.55400,1928.250,13
23:08:22.89000,1928.250,3
23:08:25.13600,1928.500,1
23:08:25.78500,1928.500,5
23:08:26.70300,1928.500,1
23:08:26.96800,1928.500,29
23:08:28.83900,1928.500,3
23:08:30.09700,1928.500,5
23:08:30.19100,1928.500,1
23:08:30.57000,1928.500,1
23:08:31.68700,1928.750,12
23:08:31.82800,1928.750,10
23:08:32.42500,1928.750,3
23:08:33.13600,1928.750,1
23:08:33.34300,1928.750,1
23:08:33.91400,1929.000,1
23:08:35.26900,1928.750,6
23:08:35.39800,1929.000,10
23:08:35.47600,1928.750,6
23:08:35.67100,1928.750,6
23:08:35.90200,1928.750,4
23:08:36.02300,1928.750,3
23:08:36.19900,1928.750,1
23:08:37.15200,1929.000,15
23:08:38.17100,1928.750,5
23:08:39.62500,1929.000,2
23:08:39.68700,1929.000,12
23:08:40.00300,1929.000,20
23:08:41.14000,1929.000,1
23:08:43.28500,1929.000,16
23:08:43.36300,1929.250,6
23:08:44.18700,1929.000,1
23:08:45.46800,1929.250,1
23:08:45.95300,1929.250,5
23:08:46.19900,1929.250,1
23:08:46.48000,1929.250,12
23:08:46.89800,1929.250,47
23:08:49.12800,1929.250,2
23:08:49.33900,1929.250,3
23:08:51.44100,1929.250,15
23:08:52.08500,1929.250,2
23:08:53.19100,1929.250,1
23:08:53.92500,1929.250,1
23:08:54.08900,1929.000,4
23:08:55.77300,1929.250,1
23:08:59.55000,1929.250,11
23:08:59.78500,1929.250,1
23:08:59.81200,1929.250,9
23:09:00.47600,1929.250,2
23:09:01.39000,1929.000,6
23:09:01.94100,1929.000,26
23:09:02.37500,1929.000,7
23:09:02.96800,1928.750,3
23:09:03.12100,1928.750,4
23:09:03.17100,1928.750,11
23:09:04.01100,1928.750,10
23:09:04.26500,1928.500,4
23:09:05.46800,1928.500,2
23:09:07.69100,1928.750,13
23:09:08.50700,1928.750,6
23:09:08.87500,1928.750,1
23:09:09.10500,1928.750,1
23:09:10.65600,1928.750,13
23:09:11.39000,1928.500,5
23:09:11.73000,1928.750,1
23:09:12.34700,1928.750,2
23:09:12.53900,1928.750,1
23:09:15.61700,1928.500,16
23:09:15.83200,1928.500,4
23:09:17.14000,1928.250,21
23:09:17.42900,1928.250,6
23:09:17.66700,1928.500,1
23:09:18.20700,1928.250,3
23:09:19.58500,1928.000,7
23:09:19.89800,1928.250,2
23:09:20.22200,1928.250,1
23:09:20.77300,1928.250,13
23:09:20.84300,1928.500,7
23:09:21.05000,1928.500,6
23:09:21.16700,1928.500,2
23:09:24.66000,1928.500,1
23:09:24.81200,1928.750,5
23:09:25.53100,1928.750,3
23:09:27.37800,1928.750,1
23:09:28.09300,1928.750,2
23:09:31.64000,1928.750,1
23:09:32.78500,1928.500,13
23:09:34.09300,1928.500,3
23:09:36.23400,1928.500,1
23:09:36.56600,1928.500,1
23:09:40.45700,1928.500,1
23:09:41.92100,1928.500,8
23:09:43.09700,1928.500,1
23:09:43.40200,1928.750,20
23:09:44.57400,1928.750,1
23:09:45.49200,1928.500,13
23:09:53.35900,1928.500,11
23:09:54.03500,1928.500,4
23:09:55.71400,1928.250,11
23:09:55.91400,1928.250,5
23:09:56.14800,1928.500,5
23:09:57.62800,1928.250,3
23:09:58.43300,1928.250,4
23:09:59.30400,1928.250,1
23:10:01.32400,1928.000,8
23:10:01.48400,1928.250,2
23:10:02.21000,1927.750,34
23:10:04.30400,1927.750,17
23:10:05.33500,1927.750,3
23:10:06.66700,1927.750,8
23:10:09.38200,1927.750,1
23:10:09.92500,1927.750,14
23:10:14.76500,1927.750,2
23:10:16.20700,1927.750,1
23:10:16.81200,1928.000,12
23:10:23.05800,1928.000,4
23:10:24.00000,1928.000,1
23:10:24.13200,1928.000,1
23:10:28.11700,1927.750,16
23:10:28.25300,1927.750,1
23:10:29.19900,1927.750,1
23:10:30.01100,1927.750,18
23:10:30.16000,1927.500,3
23:10:30.69100,1927.500,1
23:10:31.79600,1927.500,2
23:10:31.88600,1927.500,1
23:10:32.82400,1927.500,29
23:10:34.56200,1927.500,2
23:10:45.08900,1927.500,1
23:10:46.49600,1927.750,28
23:10:47.03900,1928.000,17
23:10:47.82800,1928.000,1
23:10:48.56200,1928.000,2
23:10:48.79200,1928.000,15
23:10:49.90600,1928.000,2
23:10:50.09300,1928.000,1
23:10:54.24200,1928.000,1
23:10:56.37800,1928.000,2
23:11:11.35100,1928.000,19
23:11:12.37800,1928.000,2
23:11:17.01100,1928.000,3
23:11:19.22600,1928.000,8
23:11:21.67500,1927.750,6
23:11:22.03900,1927.750,7
23:11:23.37800,1927.750,2
23:11:27.10100,1927.750,3
23:11:27.51900,1927.750,1
23:11:32.56600,1928.000,17
23:11:37.20700,1928.000,11
23:11:40.40200,1928.000,1
23:11:57.69900,1928.000,2
23:11:59.76500,1928.000,9
23:12:03.32400,1928.000,6
23:12:06.63600,1928.250,10
23:12:13.89800,1928.500,1
23:12:15.48400,1928.250,1
23:12:24.44100,1928.250,10
23:12:26.07400,1928.250,5
23:12:27.32000,1928.250,3
23:12:42.68700,1927.500,139
23:12:42.75700,1927.500,28
23:12:43.05000,1927.500,2
23:12:43.26100,1927.500,4
23:12:46.65600,1927.500,2
23:12:47.57000,1927.500,16
23:12:48.44100,1927.500,3
23:12:50.63600,1927.500,4
23:12:51.26900,1927.500,10
23:12:51.75000,1927.500,2
23:12:59.52200,1927.500,2
23:12:59.52200,1927.500,4
23:13:01.44900,1927.500,35
23:13:01.78100,1927.250,1
23:13:04.53100,1927.500,4
23:13:06.19100,1927.750,6
23:13:07.31200,1927.500,1
23:13:07.77300,1927.500,6
23:13:08.04600,1927.500,1
23:13:15.84700,1927.750,1
23:13:18.26500,1927.500,22
23:13:20.41000,1927.500,3
23:13:20.78900,1927.500,1
23:13:20.96800,1927.500,1
23:13:30.30400,1927.500,8
23:13:31.14800,1927.750,3
23:13:34.03500,1927.750,13
23:13:35.83900,1928.000,1
23:13:36.08900,1927.750,5
23:13:41.05800,1927.500,1
23:13:41.30800,1927.500,11
23:13:44.18300,1927.250,5
23:14:03.08200,1927.500,3
23:14:07.46800,1927.500,18
23:14:10.01100,1927.500,1
23:14:16.68300,1927.500,1
23:14:19.50000,1927.500,1
23:14:20.69100,1927.500,1
23:14:21.14400,1927.500,2
23:14:30.78900,1927.500,3
23:14:41.17900,1927.500,3
23:14:49.70700,1927.750,46
23:14:50.76500,1928.000,16
23:14:51.74200,1928.000,7
23:14:54.04200,1928.000,3
23:14:55.23400,1928.000,5
23:14:57.31600,1927.750,2
23:15:00.29600,1928.000,8
23:15:02.69500,1928.000,14
23:15:04.42100,1928.000,9
23:15:04.93300,1928.250,3
23:15:05.57400,1928.250,1
23:15:05.70300,1928.000,1
23:15:11.82000,1928.000,1
23:15:12.71400,1928.000,6
23:15:14.32000,1928.000,1
23:15:19.05800,1928.000,1
23:15:19.16000,1928.000,1
23:15:28.45300,1928.000,1
23:15:31.78900,1928.250,25
23:15:31.92900,1928.250,1
23:15:32.03100,1928.250,12
23:15:43.87100,1928.250,1
23:15:46.09300,1928.000,2
23:15:47.89000,1928.250,8
23:15:53.00300,1928.000,25
23:15:54.69500,1928.000,10
23:15:56.21800,1928.000,2
23:15:56.48000,1928.000,1
23:16:03.82000,1928.000,4
23:16:06.33900,1928.250,12
23:16:09.37100,1928.250,4
23:16:10.84300,1928.250,2
23:16:16.38200,1928.250,1
23:16:18.57800,1928.250,1
23:16:19.76500,1928.250,2
23:16:27.52700,1928.250,1
23:16:33.08200,1928.250,2
23:16:35.21800,1928.000,18
23:16:38.08200,1928.000,1
23:16:39.00300,1928.000,6
23:16:48.89000,1928.250,2
23:17:13.83200,1928.000,20
23:17:14.41000,1928.000,3
23:17:19.05400,1928.000,1
23:17:24.87800,1928.000,3
23:17:25.67100,1928.000,3
23:17:40.48800,1928.000,5
23:17:52.51900,1927.750,62
23:17:53.52700,1927.750,4
23:17:55.70700,1927.750,5
23:17:59.50700,1928.000,3
23:18:04.73400,1928.000,14
23:18:04.90600,1928.000,3
23:18:06.74600,1928.000,1
23:18:12.75300,1928.000,1
23:18:15.64000,1928.000,2
23:18:17.27300,1928.000,20
23:18:18.48400,1927.750,1
23:18:22.89800,1928.000,6
23:18:27.60500,1928.000,4
23:18:32.12800,1928.000,1
23:18:41.85100,1928.000,3
23:18:42.18700,1928.000,2
23:19:04.61700,1928.000,28
23:19:07.58900,1928.000,9
23:19:08.71800,1928.000,4
23:19:12.64800,1928.000,3
23:19:13.10500,1928.000,2
23:19:17.39800,1928.000,1
23:19:21.71800,1928.000,13
23:19:21.92900,1927.750,1
23:19:23.46400,1927.750,2
23:19:25.29600,1927.750,2
23:19:25.78500,1927.750,2
23:19:26.01500,1928.000,16
23:19:50.80000,1928.000,1
23:19:54.92500,1928.000,1
23:19:56.80800,1927.750,10
23:20:03.07800,1927.500,7
23:20:04.77300,1927.750,11
23:20:10.70700,1928.000,1
23:20:19.24200,1927.750,2
23:20:19.86700,1927.750,1
23:20:25.41700,1927.750,2
23:20:26.77300,1928.000,1
23:20:27.36300,1927.750,1
23:20:52.46000,1927.750,4
23:21:16.49600,1927.750,4
23:21:16.69900,1927.750,2
23:21:17.82000,1927.750,12
23:21:21.39400,1927.750,2
23:21:29.89000,1927.750,5
23:21:38.16000,1927.500,2
23:21:41.62500,1927.750,11
23:21:41.87800,1928.000,1
23:21:51.40200,1927.750,1
23:21:52.82400,1928.000,13
23:21:53.25000,1928.000,2
23:21:59.64000,1928.000,2
23:22:10.20700,1927.750,11
23:22:11.30400,1928.000,2
23:22:14.57800,1927.750,1
23:22:14.93700,1927.750,1
23:22:37.36700,1927.750,10
23:22:45.01900,1927.750,73
23:22:45.23400,1927.500,2
23:22:47.36300,1927.500,1
23:22:49.26500,1927.500,1
23:22:52.45300,1927.500,1
23:22:53.30800,1927.500,1
23:22:55.14000,1927.500,1
23:22:58.90200,1927.500,19
23:22:59.88200,1927.250,6
23:23:01.64000,1927.250,2
23:23:05.48400,1927.500,2
23:23:13.71000,1927.500,6
23:23:14.23800,1927.500,10
23:23:15.75000,1927.500,1
23:23:20.11300,1927.500,1
23:23:25.41700,1927.250,67
23:23:28.57800,1927.000,3
23:23:29.10500,1927.000,2
23:23:29.53100,1927.000,1
23:23:32.08500,1927.250,1
23:23:35.93700,1926.750,54
23:23:36.34300,1926.750,2
23:23:36.84300,1927.000,4
23:23:38.64000,1926.750,1
23:23:38.81200,1927.000,13
23:23:43.29200,1927.000,1
23:23:43.57800,1926.750,1
23:23:44.16000,1927.000,1
23:23:45.17900,1927.000,15
23:23:48.07400,1927.000,1
23:23:50.61700,1927.000,1
23:23:58.37800,1927.000,1
23:24:11.28900,1927.000,7
23:24:20.75300,1927.250,1
23:24:33.68700,1927.250,2
23:24:34.19100,1927.000,2
23:24:51.89000,1927.000,1
23:24:52.21400,1927.250,1
23:24:52.38600,1927.250,1
23:24:58.60100,1927.000,45
23:25:02.65200,1927.250,26
23:25:03.76900,1927.000,4
23:25:06.55400,1927.500,2
23:25:16.59700,1927.250,2
23:25:31.60900,1927.250,1
23:25:32.57800,1927.000,1
23:25:33.94100,1927.250,24
23:25:34.82000,1927.250,2
23:25:36.66400,1927.250,1
23:25:41.53100,1927.250,1
23:25:48.36300,1927.250,1
23:25:49.32000,1927.250,5
23:25:59.08900,1927.250,2
23:25:59.28900,1927.250,1
23:26:04.42100,1927.000,2
23:26:07.08200,1927.500,1
23:26:17.63200,1927.500,1
23:26:17.85900,1927.500,1
23:26:19.92100,1927.250,1
23:26:26.88200,1927.500,44
23:26:27.06600,1927.500,8
23:26:28.71400,1927.500,2
23:26:31.56200,1927.250,32
23:26:40.84300,1927.250,3
23:26:43.35900,1927.250,1
23:26:49.40600,1927.250,5
23:27:06.55400,1927.000,5
23:27:18.02700,1927.250,2
23:27:20.47200,1927.250,11
23:27:22.92100,1927.250,2
23:27:27.83900,1927.250,1
23:27:30.22200,1927.250,2
23:27:50.87500,1927.500,2
23:28:02.57400,1927.500,2
23:28:05.21800,1927.500,8
23:28:06.30000,1927.500,14
23:28:08.12500,1927.750,1
23:28:09.40200,1927.500,1
23:28:17.32800,1927.750,20
23:28:20.71800,1927.750,5
23:28:26.86700,1927.750,5
23:28:27.05000,1927.750,2
23:28:29.01100,1927.750,1
23:28:30.88200,1927.750,4
23:28:35.91000,1927.750,2
23:29:03.79200,1927.500,6
23:29:06.61300,1927.750,2
23:29:08.04600,1927.750,1
23:29:11.53900,1927.750,2
23:29:13.05400,1927.750,2
23:29:21.75700,1927.500,1
23:29:29.33200,1927.750,2
23:29:43.48400,1927.750,1
23:29:45.90200,1927.750,2
23:29:48.17900,1927.500,20
23:29:51.56600,1927.500,4
23:29:51.88200,1927.500,2
23:29:54.32000,1927.250,1
23:30:10.27700,1927.500,4
23:30:10.68300,1927.500,6
23:30:19.67500,1927.500,50
23:30:26.28100,1927.750,3
23:30:29.34300,1927.500,5
23:30:31.63600,1927.500,3
23:30:47.07400,1927.500,32
23:30:54.26900,1927.500,5
23:31:08.08200,1927.750,7
23:31:15.44100,1927.750,1
23:31:18.07400,1927.750,2
23:31:31.55000,1927.750,1
23:31:35.19100,1927.750,2
23:31:36.13200,1927.750,1
23:31:40.93300,1927.750,2
23:31:44.55800,1927.750,19
23:31:51.07000,1927.750,6
23:31:57.61700,1927.750,1
23:32:00.70700,1927.750,2
23:32:03.16000,1927.750,1
23:32:07.71400,1927.750,2
23:32:16.42500,1927.750,1
23:32:26.60100,1927.750,2
23:32:43.25300,1927.500,1
23:32:44.63200,1927.500,1
23:32:46.66700,1927.750,2
23:33:04.82400,1927.750,15
23:33:05.17900,1927.750,1
23:33:19.53900,1928.000,5
23:33:22.28900,1927.750,2
23:33:23.83500,1927.750,2
23:33:32.84700,1927.750,13
23:33:34.18300,1927.750,22
23:33:55.37800,1927.500,2
23:34:07.44900,1927.500,12
23:34:09.39400,1927.500,1
23:34:13.63600,1927.500,6
23:34:15.62100,1927.500,4
23:34:21.01900,1927.500,12
23:34:29.24200,1927.750,83
23:34:42.51900,1927.500,32
23:35:11.62800,1927.500,6
23:35:16.54200,1927.750,1
23:35:20.56200,1927.750,5
23:35:24.40600,1927.750,4
23:35:31.00700,1927.750,3
23:35:49.00000,1927.750,2
23:35:49.55800,1927.750,4
23:35:51.54200,1928.000,1
23:35:58.90200,1927.750,3
23:35:59.80400,1927.750,13
23:36:01.46400,1927.750,12
23:36:12.57400,1928.000,1
23:36:17.55800,1927.750,5
23:36:18.32000,1927.750,2
23:36:30.38600,1927.750,5
23:36:33.18300,1927.750,1
23:36:36.79600,1927.750,5
23:36:47.89800,1928.000,2
23:37:09.59300,1928.000,4
23:37:22.85100,1927.750,1
23:37:23.87100,1927.750,6
23:37:25.78500,1927.750,1
23:37:33.57400,1928.000,1
23:37:38.53500,1927.750,18
23:37:45.52700,1927.750,3
23:37:46.08900,1928.000,1
23:37:46.58500,1927.750,2
23:37:52.83500,1927.750,1
23:37:55.00000,1927.750,1
23:37:55.49200,1927.750,3
23:38:16.73000,1927.750,4
23:38:18.83200,1927.750,3
23:38:31.75000,1928.000,2
23:38:38.53100,1927.750,11
23:38:53.46800,1927.750,3
23:38:56.50300,1927.750,5
23:39:05.06600,1927.750,7
23:39:08.59700,1927.750,1
23:39:14.35100,1927.750,2
23:39:30.19900,1928.000,10
23:39:50.66700,1927.750,18
23:39:50.90600,1927.750,1
23:39:53.37500,1927.750,1
23:39:58.56600,1927.750,1
23:40:10.60100,1927.750,5
23:40:11.51100,1927.750,1
23:40:20.50300,1927.750,1
23:40:26.78100,1928.000,2
23:40:59.64800,1928.000,2
23:41:21.80400,1928.000,57
23:41:23.24600,1928.000,6
23:41:24.58500,1928.000,3
23:42:05.38600,1928.250,21
23:42:06.63200,1928.250,2
23:42:10.38600,1928.250,2
23:42:13.10100,1928.250,3
23:42:13.76500,1928.250,3
23:42:24.00000,1928.250,2
23:42:27.64800,1928.250,4
23:42:32.31600,1928.500,3
23:42:33.76100,1928.250,1
23:42:33.96000,1928.500,1
23:42:36.67500,1928.500,113
23:42:45.76900,1928.750,5
23:42:46.88600,1928.750,1
23:42:47.12500,1928.750,2
23:42:49.40200,1928.750,1
23:42:51.70300,1928.750,2
23:42:52.04200,1928.750,77
23:42:53.12500,1929.000,26
23:42:56.60900,1928.750,10
23:42:57.28500,1928.750,2
23:42:57.65600,1928.750,1
23:42:58.56600,1928.750,3
23:42:59.33900,1928.750,1
23:43:13.68700,1928.750,3
23:43:15.66000,1928.750,1
23:43:19.93700,1928.500,126
23:43:21.43700,1928.250,7
23:43:21.52700,1928.500,19
23:43:29.42500,1928.500,1
23:43:42.22600,1928.500,1
23:43:43.00700,1928.500,5
23:43:46.43300,1928.750,34
23:43:59.26500,1928.750,1
23:44:00.65600,1929.000,3
23:44:03.21800,1929.000,53
23:44:05.39800,1929.000,4
23:44:14.37100,1929.000,1
23:44:25.60100,1928.750,3
23:44:33.28100,1929.000,3
23:44:57.76900,1928.750,1
23:44:58.71000,1928.750,7
23:45:02.71400,1928.750,20
23:45:06.41700,1928.750,2
23:45:13.92100,1929.000,1
23:45:39.02300,1929.000,2
23:45:41.60900,1929.000,2
23:45:43.04200,1929.000,25
23:45:45.62800,1929.000,1
23:45:46.44900,1929.000,1
23:45:46.54600,1928.750,2
23:46:02.05400,1929.000,37
23:46:02.25700,1929.000,1
23:46:05.12800,1929.000,1
23:46:11.86300,1929.000,2
23:46:15.65200,1929.000,1
23:46:26.74200,1929.000,1
23:46:29.16400,1928.750,7
23:46:40.34300,1928.750,2
23:46:42.16000,1929.000,1
23:46:44.73400,1929.000,2
23:46:54.92900,1928.750,3
23:46:58.51500,1928.750,1
23:47:09.66700,1929.000,9
23:47:09.89400,1929.000,11
23:47:11.28900,1928.750,1
23:47:14.15600,1929.250,16
23:47:14.42500,1929.000,6
23:47:17.60500,1929.000,2
23:47:21.68300,1929.000,1
23:47:24.45300,1929.000,3
23:47:27.66700,1929.000,7
23:47:29.32800,1929.000,1
23:47:34.83900,1928.750,1
23:47:44.39800,1928.750,22
23:47:48.23800,1928.500,33
23:47:51.30400,1928.500,6
23:47:54.22600,1928.750,1
23:47:58.75300,1928.500,2
23:48:06.13600,1928.500,6
23:48:06.32000,1928.750,1
23:48:28.45300,1928.750,1
23:48:39.76100,1928.750,2
23:48:46.00000,1928.500,8
23:48:58.75300,1928.500,1
23:49:13.83900,1928.250,67
23:49:13.96400,1928.250,1
23:49:15.01100,1928.250,8
23:49:32.92100,1928.250,1
23:49:35.42900,1928.000,4
23:49:38.30000,1928.000,1
23:49:38.79600,1928.000,43
23:49:39.30400,1928.000,9
23:49:39.48400,1928.000,2
23:49:39.94100,1927.750,1
23:49:42.82000,1927.750,1
23:49:45.19100,1927.750,23
23:49:46.48800,1927.750,1
23:49:50.58200,1927.750,1
23:49:53.51100,1927.750,17
23:49:54.18300,1927.750,6
23:49:54.24600,1927.750,2
23:49:55.20700,1927.750,1
23:49:56.28100,1927.500,24
23:49:56.32800,1927.500,1
23:50:04.44500,1927.500,2
23:50:05.28500,1927.500,6
23:50:06.23400,1927.500,1
23:50:06.56200,1927.750,3
23:50:07.83900,1927.500,13
23:50:08.19100,1927.750,1
23:50:09.69900,1927.500,1
23:50:10.43300,1927.500,2
23:50:11.56600,1927.500,1
23:50:12.35900,1927.500,2
23:50:14.14800,1927.500,1
23:50:18.31600,1927.750,7
23:50:23.01900,1927.750,1
23:50:25.08200,1927.500,1
23:50:29.96000,1927.750,1
23:50:34.35500,1927.750,55
23:50:36.69500,1927.500,1
23:50:38.79600,1927.750,1
23:50:38.91400,1927.750,8
23:50:41.34700,1927.750,1
23:50:42.71000,1928.000,1
23:50:51.23800,1928.000,2
23:50:53.47200,1928.000,14
23:50:54.41700,1928.000,1
23:50:55.65600,1928.250,1
23:50:58.48000,1928.000,2
23:51:17.66700,1928.000,48
23:51:34.71000,1928.000,5
23:51:38.16400,1928.000,4
23:51:40.52700,1928.000,6
23:51:41.00300,1928.000,1
23:51:46.33500,1928.000,1
23:51:51.29200,1928.000,1
23:51:52.85100,1928.000,1
23:52:13.39800,1928.000,23
23:52:16.65600,1927.750,1
23:52:27.94500,1927.750,3
23:52:32.83500,1928.000,4
23:52:33.60100,1927.750,1
23:52:37.55400,1928.000,3
23:52:46.26500,1928.000,2
23:52:46.56600,1928.000,1
23:52:54.65200,1927.750,8
23:52:58.49200,1927.750,1
23:53:03.27700,1927.750,8
23:53:05.39000,1927.750,2
23:53:09.24200,1927.750,1
23:53:09.40600,1927.750,1
23:53:11.84700,1927.750,2
23:53:13.22600,1927.750,25
23:53:28.92900,1927.750,1
23:53:50.34300,1927.750,2
23:53:54.51100,1927.750,3
23:54:41.29600,1928.000,4
23:54:45.00700,1928.000,9
23:54:55.20700,1928.000,4
23:55:01.77700,1928.250,5
23:55:04.78900,1928.250,1
23:55:07.26500,1928.250,1
23:55:12.41000,1928.000,1
23:55:14.16400,1928.250,2
23:55:16.27300,1928.000,1
23:55:19.24600,1928.000,8
23:55:25.09700,1927.750,3
23:55:37.51900,1927.750,2
23:55:38.72200,1928.000,1
23:55:42.63200,1927.750,1
23:55:42.93300,1928.000,3
23:55:57.62100,1928.000,1
23:55:59.00700,1928.000,3
23:56:20.91700,1928.250,13
23:56:26.88200,1928.250,14
23:56:38.64400,1928.500,2
23:56:47.30400,1928.250,6
23:56:48.30400,1928.250,6
23:56:55.47200,1928.250,12
23:57:19.03100,1928.250,4
23:57:25.56600,1928.250,5
23:57:36.49200,1928.250,25
23:57:52.87100,1928.000,2
23:57:56.65200,1928.000,2
23:58:01.29600,1928.000,25
23:58:07.08200,1928.000,3
23:58:09.55400,1928.000,3
23:58:10.63200,1928.000,6
23:58:13.37500,1928.000,19
23:58:18.00000,1928.250,5
23:58:39.16000,1928.250,1
23:58:41.57000,1928.250,38
23:58:45.44500,1928.500,1
23:58:47.77300,1928.500,2
23:58:48.07400,1928.250,1
23:58:58.62500,1928.250,5
23:59:13.51900,1928.250,37
23:59:46.58200,1928.250,7
23:59:52.94500,1928.250,2
23:59:53.51100,1928.500,2
