06:00:03.34300,1927.500,0
06:00:03.54200,1927.500,1
06:00:07.14000,1927.500,1
06:00:08.16000,1927.500,1
06:00:09.63600,1927.500,6
06:00:10.46000,1927.750,5
06:00:11.64400,1927.750,1
06:00:14.55000,1927.750,47
06:00:18.08900,1928.000,1
06:00:20.63600,1927.750,3
06:00:21.03100,1927.750,2
06:00:21.05000,1927.750,17
06:00:22.18300,1927.750,1
06:00:22.86300,1927.750,1
06:00:23.88600,1927.750,32
06:00:25.07000,1927.750,12
06:00:27.29600,1927.750,4
06:00:28.45700,1927.750,1
06:00:31.21000,1927.750,1
06:00:31.34300,1927.750,1
06:00:32.62100,1927.750,1
06:00:33.46000,1927.750,2
06:00:35.10900,1927.750,2
06:00:35.77700,1927.750,1
06:00:37.89000,1927.750,1
06:00:43.50000,1927.750,1
06:00:44.68700,1927.750,2
06:00:45.64400,1927.750,26
06:00:45.95300,1927.750,3
06:00:46.84700,1927.750,1
06:00:48.90200,1927.500,2
06:00:50.78500,1927.750,6
06:00:54.26900,1927.500,1
06:00:54.81600,1927.750,83
06:00:58.79600,1928.000,9
06:00:59.01900,1927.750,1
06:00:59.12100,1927.750,1
06:01:03.14000,1928.000,73
06:01:04.89800,1928.250,6
06:01:05.39000,1928.000,4
06:01:05.86300,1928.000,30
06:01:06.49200,1928.000,7
06:01:06.91400,1928.000,1
06:01:08.19900,1928.000,1
06:01:09.84300,1928.000,1
06:01:10.68300,1928.250,177
06:01:11.25700,1928.500,19
06:01:11.78900,1928.250,17
06:01:11.88600,1928.250,1
06:01:12.00300,1928.250,9
06:01:12.16000,1928.250,5
06:01:12.94500,1928.250,1
06:01:13.14400,1928.250,5
06:01:14.38200,1928.250,24
06:01:15.13200,1928.250,3
06:01:16.09300,1928.250,2
06:01:17.33900,1928.250,17
06:01:18.38200,1928.500,1
06:01:21.37500,1928.250,2
06:01:22.32000,1928.250,3
06:01:22.83200,1928.250,53
06:01:28.85500,1928.250,9
06:01:29.66700,1928.250,3
06:01:30.81600,1928.000,20
06:01:31.86700,1928.000,7
06:01:33.26100,1928.000,2
06:01:34.87100,1928.000,1
06:01:35.41000,1928.000,36
06:01:36.87500,1928.000,2
06:01:36.91700,1928.000,8
06:01:37.08500,1928.000,5
06:01:37.16000,1928.250,5
06:01:39.68700,1928.000,1
06:01:42.32800,1927.750,1
06:01:42.95300,1928.000,1
06:01:48.54600,1928.000,93
06:01:48.66700,1927.750,1
06:01:51.90600,1928.000,2
06:01:56.46800,1927.750,12
06:01:57.01900,1927.750,2
06:01:57.63600,1928.000,10
06:01:58.50300,1928.000,25
06:02:00.90600,1927.750,7
06:02:01.13200,1928.000,9
06:02:01.32400,1927.750,11
06:02:01.76500,1928.000,5
06:02:06.75300,1928.000,14
06:02:07.14800,1927.750,6
06:02:07.51100,1928.250,10
06:02:11.07800,1928.000,12
06:02:13.56200,1928.000,9
06:02:17.01100,1928.000,9
06:02:25.89000,1927.750,1
06:02:26.19100,1928.000,1
06:02:26.88600,1927.750,3
06:02:27.05000,1928.000,54
06:02:28.02700,1928.000,5
06:02:29.96000,1928.000,10
06:02:30.76900,1928.000,22
06:02:30.83900,1928.000,8
06:02:31.12100,1928.000,39
06:02:32.64000,1928.000,1
06:02:33.51900,1928.000,1
06:02:38.82400,1927.750,2
06:02:40.64000,1927.750,1
06:02:42.91000,1928.000,2
06:02:43.49200,1928.000,5
06:02:43.62800,1927.750,1
06:02:45.27700,1928.000,1
06:02:46.36300,1927.500,130
06:02:47.66000,1927.750,1
06:02:49.19900,1927.500,21
06:02:50.28100,1927.500,31
06:02:52.57400,1927.500,5
06:02:53.33500,1927.750,81
06:02:55.49600,1927.750,5
06:02:56.49600,1927.500,18
06:03:00.93300,1927.750,78
06:03:02.38200,1927.750,5
06:03:06.77300,1927.750,23
06:03:10.08900,1927.750,14
06:03:10.91000,1928.000,9
06:03:11.91000,1927.750,17
06:03:13.55000,1927.750,1
06:03:17.07800,1927.500,18
06:03:20.55000,1927.500,37
06:03:20.82400,1927.750,1
06:03:21.36700,1927.500,2
06:03:22.21400,1927.500,18
06:03:23.93300,1927.500,11
06:03:25.26900,1927.750,9
06:03:25.43700,1927.500,3
06:03:26.89400,1927.500,21
06:03:32.48800,1927.500,17
06:03:34.59300,1927.500,12
06:03:36.13600,1927.750,4
06:03:37.62800,1927.500,18
06:03:39.72600,1927.500,1
06:03:42.10500,1928.000,214
06:03:44.43700,1928.000,1
06:03:47.90600,1927.750,18
06:03:48.58500,1928.000,38
06:03:51.25300,1927.750,1
06:03:53.12500,1927.750,18
06:03:55.18300,1927.750,1
06:03:58.20700,1927.750,18
06:03:59.48000,1927.750,1
06:04:01.88200,1927.750,62
06:04:03.34700,1927.500,17
06:04:05.20700,1927.750,136
06:04:05.28100,1928.000,1
06:04:05.73000,1927.750,3
06:04:08.48800,1927.500,18
06:04:12.22600,1927.750,1
06:04:12.40200,1927.750,68
06:04:12.56600,1928.000,9
06:04:12.81200,1928.000,2
06:04:12.86300,1928.000,1
06:04:13.29200,1928.000,31
06:04:13.57800,1928.000,2
06:04:13.80800,1928.000,4
06:04:14.05800,1928.000,5
06:04:15.46400,1928.000,1
06:04:16.32400,1928.250,2
06:04:18.25000,1928.000,2
06:04:18.80400,1928.000,20
06:04:20.49200,1928.250,149
06:04:23.90200,1928.000,17
06:04:24.25000,1928.000,1
06:04:29.06200,1928.000,19
06:04:29.52300,1928.250,5
06:04:29.77300,1928.250,5
06:04:29.90600,1928.250,5
06:04:33.00000,1928.000,10
06:04:34.28500,1928.250,22
06:04:39.33900,1928.000,18
06:04:39.57400,1928.000,1
06:04:41.52700,1928.000,1
06:04:44.55400,1928.000,64
06:04:46.15200,1927.750,97
06:04:46.23400,1927.750,1
06:04:47.29600,1927.750,27
06:04:49.61300,1928.000,1
06:04:51.64000,1928.000,5
06:04:54.86300,1927.750,22
06:04:55.81600,1927.750,14
06:04:56.13600,1928.250,326
06:04:57.63200,1928.000,6
06:04:58.62100,1928.000,77
06:04:59.89800,1927.750,17
06:05:05.05800,1927.750,122
06:05:07.17900,1927.750,1
06:05:07.46800,1928.000,5
06:05:09.51900,1928.000,1
06:05:09.96000,1928.000,5
06:05:10.19900,1927.750,17
06:05:12.15200,1928.000,5
06:05:15.33500,1927.750,18
06:05:19.16700,1928.000,5
06:05:19.30400,1928.000,5
06:05:19.43700,1928.000,5
06:05:20.48400,1928.000,25
06:05:21.19900,1928.000,1
06:05:22.20700,1928.000,16
06:05:25.60900,1927.750,18
06:05:26.93300,1928.000,2
06:05:30.03500,1927.750,1
06:05:30.75300,1927.750,17
06:05:31.12500,1928.000,5
06:05:33.85900,1928.000,5
06:05:33.96000,1928.000,5
06:05:34.01500,1928.000,5
06:05:35.88600,1927.750,18
06:05:38.85500,1927.750,4
06:05:39.87500,1928.000,30
06:05:41.05400,1928.000,45
06:05:45.46800,1927.750,20
06:05:46.19100,1927.750,20
06:05:48.35100,1928.000,5
06:05:48.75300,1927.750,2
06:05:49.29200,1927.750,2
06:05:49.45700,1927.750,12
06:05:51.33200,1927.750,17
06:05:55.80400,1927.750,1
06:05:56.46800,1927.750,18
06:05:59.71800,1927.750,40
06:06:00.36700,1927.750,3
06:06:01.62500,1927.500,18
06:06:04.20700,1927.500,56
06:06:05.12500,1927.500,56
06:06:05.19500,1927.500,40
06:06:05.39400,1927.250,1
06:06:05.81600,1927.250,1
06:06:06.00700,1927.500,11
06:06:06.16700,1927.500,9
06:06:06.33500,1927.250,1
06:06:06.76500,1927.250,19
06:06:07.03100,1927.250,2
06:06:08.14400,1927.250,1
06:06:08.41700,1927.500,1
06:06:11.88600,1927.250,17
06:06:12.86700,1927.500,1
06:06:15.35100,1927.250,8
06:06:16.41000,1927.250,2
06:06:17.04600,1927.250,18
06:06:18.85100,1927.500,20
06:06:21.15600,1927.750,32
06:06:21.29600,1927.750,1
06:06:21.73400,1927.750,10
06:06:23.41000,1927.500,10
06:06:24.77700,1927.750,10
06:06:27.32800,1927.500,19
06:06:29.10900,1927.500,1
06:06:29.42100,1927.500,3
06:06:32.46800,1927.250,17
06:06:34.55800,1927.500,40
06:06:39.52300,1927.250,1
06:06:41.44900,1927.250,1
06:06:42.74200,1927.250,19
06:06:42.76900,1927.500,5
06:06:43.49600,1927.500,4
06:06:44.92100,1927.500,8
06:06:45.87500,1927.250,1
06:06:47.88200,1927.250,18
06:06:49.22200,1927.500,10
06:06:50.01500,1927.500,18
06:06:52.06600,1927.500,3
06:06:53.18300,1927.500,2
06:06:54.86700,1927.500,1
06:06:56.33900,1927.500,4
06:06:56.84700,1927.500,1
06:06:59.96400,1927.500,5
06:07:00.21800,1927.500,3
06:07:00.87800,1927.500,1
06:07:01.97200,1927.500,1
06:07:02.91400,1927.500,8
06:07:04.35900,1927.250,1
06:07:05.62500,1927.250,1
06:07:06.51100,1927.750,83
06:07:06.58200,1927.750,10
06:07:08.31600,1927.750,1
06:07:08.81200,1928.000,27
06:07:08.84300,1928.000,5
06:07:09.00000,1928.000,10
06:07:09.13600,1928.000,11
06:07:10.20700,1928.000,10
06:07:10.89000,1927.750,1
06:07:11.69900,1927.750,38
06:07:12.75700,1927.500,1
06:07:13.84700,1927.750,5
06:07:15.06200,1928.000,157
06:07:15.55400,1928.000,21
06:07:17.52700,1928.000,1
06:07:17.77300,1928.000,1
06:07:19.68700,1927.750,1
06:07:20.34300,1927.750,5
06:07:21.39800,1927.750,18
06:07:21.66400,1927.750,12
06:07:22.15600,1927.750,2
06:07:23.16400,1927.750,2
06:07:23.80000,1928.000,8
06:07:24.84700,1927.750,21
06:07:26.28900,1927.750,5
06:07:26.92100,1927.750,2
06:07:27.42100,1927.750,2
06:07:28.19100,1928.000,1
06:07:30.60500,1927.750,1
06:07:31.15200,1927.750,10
06:07:32.15600,1927.750,2
06:07:33.87500,1927.750,30
06:07:34.38200,1927.500,1
06:07:35.23800,1927.750,3
06:07:37.07000,1927.750,2
06:07:38.66700,1927.750,2
06:07:40.47200,1927.750,2
06:07:45.22600,1927.750,4
06:07:46.82800,1928.000,1
06:07:49.46000,1927.750,6
06:07:49.55800,1928.000,54
06:07:50.10500,1928.250,3
06:07:50.58900,1928.250,2
06:07:50.76900,1928.250,43
06:07:52.77300,1928.250,1
06:07:53.40600,1928.250,8
06:07:56.12100,1928.250,1
06:07:56.22600,1928.250,31
06:07:58.16400,1928.250,9
06:08:00.22200,1928.250,1
06:08:02.19500,1928.000,63
06:08:06.00700,1928.250,1
06:08:07.03100,1928.000,1
06:08:08.27300,1928.250,1
06:08:09.11700,1928.250,7
06:08:10.24200,1928.250,1
06:08:10.96000,1928.250,1
06:08:16.91000,1928.250,1
06:08:19.82000,1928.250,1
06:08:20.16400,1928.500,5
06:08:21.21400,1928.500,5
06:08:21.84300,1928.250,3
06:08:22.02700,1928.500,3
06:08:22.82800,1928.500,5
06:08:25.87500,1928.500,1
06:08:29.25000,1928.500,3
06:08:29.45700,1928.500,9
06:08:29.82400,1928.500,1
06:08:30.18300,1928.500,1
06:08:30.52700,1928.250,1
06:08:31.76500,1928.250,1
06:08:32.31200,1928.250,1
06:08:32.69100,1928.500,1
06:08:34.01900,1928.500,6
06:08:35.12500,1928.500,76
06:08:35.20300,1928.250,8
06:08:36.94500,1928.250,1
06:08:38.78500,1928.500,7
06:08:39.10100,1928.500,13
06:08:39.72200,1928.500,2
06:08:40.53100,1928.500,12
06:08:42.13600,1928.500,1
06:08:42.48000,1928.500,7
06:08:42.82400,1928.500,2
06:08:43.29600,1928.250,4
06:08:43.62500,1928.750,11
06:08:44.00700,1928.750,1
06:08:44.34700,1928.750,1
06:08:44.63200,1928.500,19
06:08:45.49600,1928.500,25
06:08:46.42500,1928.500,2
06:08:47.89800,1928.500,20
06:08:48.14000,1928.500,1
06:08:48.24200,1928.500,1
06:08:48.85900,1928.750,1
06:08:49.71400,1928.250,20
06:08:51.75300,1928.500,15
06:08:52.44900,1928.500,1
06:08:52.88200,1928.750,3
06:08:54.07800,1928.500,1
06:08:57.33500,1928.500,1
06:08:59.50700,1928.750,4
06:09:00.80000,1928.750,9
06:09:01.51900,1928.750,5
06:09:01.94900,1928.750,16
06:09:04.86700,1928.750,2
06:09:05.62500,1928.750,1
06:09:06.54600,1929.000,151
06:09:06.62500,1929.000,12
06:09:06.72600,1929.000,27
06:09:06.80400,1928.750,1
06:09:06.89800,1928.750,5
06:09:06.94500,1928.750,4
06:09:07.11300,1928.750,20
06:09:07.39400,1928.750,16
06:09:09.42900,1928.750,1
06:09:09.54200,1928.750,30
06:09:11.24600,1928.750,4
06:09:13.04200,1928.750,15
06:09:18.32000,1928.750,13
06:09:18.96400,1928.750,2
06:09:19.27700,1928.750,3
06:09:20.79200,1928.750,34
06:09:21.06600,1928.750,3
06:09:25.33500,1928.750,1
06:09:26.08900,1928.750,1
06:09:26.76500,1928.750,1
06:09:26.96000,1928.750,1
06:09:27.42900,1928.750,2
06:09:27.56200,1928.750,1
06:09:30.30800,1928.750,1
06:09:32.81200,1928.750,1
06:09:41.51500,1928.750,2
06:09:42.68300,1928.750,44
06:09:44.38600,1928.750,2
06:09:44.56600,1928.500,2
06:09:45.54600,1928.750,1
06:09:47.26500,1928.750,6
06:09:49.03500,1928.750,43
06:09:50.34300,1928.750,61
06:09:50.80400,1928.750,2
06:09:51.84300,1928.750,30
06:09:53.44900,1928.750,1
06:09:53.64400,1928.750,6
06:09:54.12100,1928.750,2
06:09:54.97200,1928.750,1
06:09:55.57000,1928.750,1
06:09:57.09300,1928.750,13
06:09:57.42100,1928.750,10
06:09:57.56200,1929.000,7
06:09:59.15200,1929.000,140
06:09:59.41400,1929.000,4
06:09:59.79200,1929.000,1
06:10:01.72600,1929.250,79
06:10:01.96000,1929.000,2
06:10:02.16400,1929.000,6
06:10:03.00000,1929.250,5
06:10:03.50700,1929.250,5
06:10:03.89000,1929.000,1
06:10:03.93700,1929.000,2
06:10:04.19900,1929.250,2
06:10:04.60900,1929.250,3
06:10:05.12500,1929.000,1
06:10:05.26900,1929.000,8
06:10:06.74200,1929.000,21
06:10:07.03900,1928.750,2
06:10:08.75000,1928.750,1
06:10:09.10500,1929.000,8
06:10:09.68700,1929.000,1
06:10:10.92100,1929.000,1
06:10:11.09700,1929.000,1
06:10:13.16700,1928.750,1
06:10:13.51900,1929.000,3
06:10:16.50000,1929.000,5
06:10:18.74600,1928.750,1
06:10:22.10500,1928.750,3
06:10:22.67100,1929.000,5
06:10:24.21400,1928.750,42
06:10:24.41700,1928.750,1
06:10:24.57800,1928.750,1
06:10:25.40600,1928.750,17
06:10:25.80800,1928.500,2
06:10:29.34300,1928.750,1
06:10:30.96800,1928.750,6
06:10:34.50000,1928.750,36
06:10:35.77700,1928.750,11
06:10:39.33900,1928.500,2
06:10:43.64000,1928.750,3
06:10:45.69500,1928.500,3
06:10:45.78900,1928.750,1
06:10:45.97200,1928.500,10
06:10:48.68700,1928.750,1
06:10:50.10900,1928.750,5
06:10:50.67500,1928.500,1
06:10:54.27300,1928.750,4
06:10:54.96400,1928.500,1
06:10:57.65200,1928.500,15
06:10:58.77700,1928.750,14
06:10:58.95700,1928.500,16
06:11:04.28500,1928.750,16
06:11:04.42100,1928.500,4
06:11:07.03500,1928.500,1
06:11:08.95700,1928.750,2
06:11:09.73000,1928.500,1
06:11:11.74600,1928.750,5
06:11:13.13200,1928.750,1
06:11:13.52700,1928.750,22
06:11:18.13600,1929.000,1
06:11:21.54200,1929.000,1
06:11:22.18300,1928.750,10
06:11:24.11300,1928.750,1
06:11:28.34300,1929.000,3
06:11:30.72200,1929.000,1
06:11:30.88200,1929.000,1
06:11:31.88600,1928.750,1
06:11:32.37800,1928.750,20
06:11:34.92500,1929.000,1
06:11:36.44900,1928.750,5
06:11:37.02300,1928.750,23
06:11:37.41000,1929.000,1
06:11:38.19900,1928.750,1
06:11:41.56200,1928.750,2
06:11:44.33200,1928.750,1
06:11:45.11300,1928.750,14
06:11:45.28500,1928.750,3
06:11:46.05800,1928.750,1
06:11:47.07800,1928.750,1
06:11:49.26100,1929.000,5
06:11:49.75000,1929.000,4
06:11:51.12800,1929.000,28
06:11:51.21400,1929.000,5
06:11:51.29600,1928.750,1
06:11:51.75000,1929.000,6
06:11:51.88200,1928.750,1
06:11:52.80800,1929.000,5
06:11:54.51100,1929.250,7
06:11:55.22200,1929.000,11
06:11:55.87100,1929.000,2
06:12:02.01100,1929.000,10
06:12:02.19500,1929.000,13
06:12:03.34700,1929.000,9
06:12:03.58200,1929.000,1
06:12:03.75300,1928.750,1
06:12:03.87100,1928.750,2
06:12:09.77300,1928.750,1
06:12:10.15600,1928.750,1
06:12:11.01900,1928.750,1
06:12:12.37500,1928.750,15
06:12:13.42900,1928.500,1
06:12:16.81600,1928.500,2
06:12:22.82000,1928.750,45
06:12:22.95300,1928.500,1
06:12:24.12800,1928.750,2
06:12:31.16700,1928.500,1
06:12:33.21000,1928.750,5
06:12:34.51900,1929.000,5
06:12:37.79200,1928.750,16
06:12:38.46800,1928.750,4
06:12:38.92900,1928.750,22
06:12:42.53900,1928.750,5
06:12:44.54200,1928.750,11
06:12:45.32800,1928.750,9
06:12:49.21000,1928.750,51
06:12:53.44900,1929.000,1
06:12:54.04600,1929.000,5
06:12:55.28500,1928.750,5
06:12:56.91400,1928.750,10
06:12:59.03100,1928.750,61
06:12:59.19900,1928.750,5
06:12:59.53500,1928.500,1
06:12:59.83900,1928.750,10
06:13:00.33500,1928.750,5
06:13:01.27300,1928.750,34
06:13:01.90200,1928.500,1
06:13:02.15600,1928.750,11
06:13:03.12500,1928.750,1
06:13:06.67100,1928.750,1
06:13:12.00000,1928.750,1
06:13:22.07800,1928.750,1
06:13:22.57400,1928.750,27
06:13:24.10500,1928.500,2
06:13:26.18700,1928.500,2
06:13:26.44100,1928.500,285
06:13:27.42500,1928.500,21
06:13:31.52700,1928.750,7
06:13:33.02700,1928.750,1
06:13:35.63600,1928.750,1
06:13:37.49600,1928.500,1
06:13:38.24600,1928.750,14
06:13:40.64000,1929.000,23
06:13:42.12100,1929.000,6
06:13:47.03100,1928.750,1
06:13:49.36300,1928.750,1
06:13:50.32000,1929.000,1
06:13:51.15600,1929.000,1
06:13:51.24600,1929.000,19
06:13:52.10900,1929.250,31
06:13:53.25700,1929.250,28
06:13:54.22200,1929.250,9
06:13:55.61300,1929.500,38
06:13:56.01100,1929.250,2
06:13:56.18300,1929.250,2
06:13:56.50700,1929.500,1
06:13:57.39800,1929.250,10
06:13:58.02700,1929.500,1
06:14:02.16400,1929.000,14
06:14:03.24600,1929.250,6
06:14:04.85900,1929.250,15
06:14:05.39800,1929.250,1
06:14:05.74200,1929.500,5
06:14:06.14000,1929.250,1
06:14:06.58200,1929.250,1
06:14:08.56200,1929.250,1
06:14:09.96800,1929.250,2
06:14:10.72200,1929.250,18
06:14:12.02300,1929.250,4
06:14:12.83900,1929.250,3
06:14:13.17500,1929.250,5
06:14:14.42500,1929.250,8
06:14:17.93300,1929.250,1
06:14:18.29600,1929.250,2
06:14:19.96800,1929.500,2
06:14:23.12100,1929.500,4
06:14:26.34700,1929.250,22
06:14:26.86700,1929.250,3
06:14:32.48800,1929.250,2
06:14:33.45700,1929.000,1
06:14:35.74600,1929.250,2
06:14:37.65200,1929.000,1
06:14:38.64800,1929.250,6
06:14:39.60500,1929.250,16
06:14:40.84300,1929.250,1
06:14:41.71400,1929.250,1
06:14:43.55000,1929.500,2
06:14:47.10100,1929.500,217
06:14:47.15600,1929.500,13
06:14:47.94100,1929.500,9
06:14:48.31200,1929.500,3
06:14:48.87500,1929.500,3
06:14:49.63600,1929.500,2
06:14:50.06200,1929.500,4
06:14:50.26900,1929.500,1
06:14:51.05000,1929.250,2
06:14:52.44100,1929.250,1
06:14:53.59300,1929.250,1
06:14:54.42100,1929.500,2
06:14:56.83200,1929.500,11
06:14:57.03500,1929.500,5
06:14:59.26900,1929.500,1
06:15:02.49600,1929.250,2
06:15:06.79200,1929.250,1
06:15:08.50000,1929.250,4
06:15:09.65200,1929.000,42
06:15:10.09700,1929.250,12
06:15:11.63600,1929.250,2
06:15:13.29200,1929.250,6
06:15:14.58500,1929.250,5
06:15:16.01100,1929.250,15
06:15:17.79600,1929.250,1
06:15:19.59700,1929.000,2
06:15:20.28100,1929.000,1
06:15:24.96400,1929.250,2
06:15:25.06600,1929.250,3
06:15:25.46800,1929.500,3
06:15:28.73000,1929.750,57
06:15:28.79600,1929.750,3
06:15:30.90200,1929.500,1
06:15:31.44100,1929.500,19
06:15:32.38600,1929.750,5
06:15:33.09300,1929.500,1
06:15:35.40200,1929.750,5
06:15:35.62500,1929.750,1
06:15:36.94100,1929.500,1
06:15:43.11300,1929.750,115
06:15:43.36700,1929.750,49
06:15:43.74200,1930.000,24
06:15:44.00300,1930.250,125
06:15:44.16000,1930.250,1
06:15:44.20700,1930.250,1
06:15:44.77700,1930.000,24
06:15:45.09300,1930.000,8
06:15:46.86300,1930.000,12
06:15:46.92100,1929.750,1
06:15:47.26500,1930.000,98
06:15:48.26900,1930.000,1
06:15:48.50700,1930.000,4
06:15:49.04600,1930.000,2
06:15:49.35100,1930.250,10
06:15:50.42100,1930.250,2
06:15:50.65600,1930.250,1
06:15:50.91000,1930.250,2
06:15:51.00000,1930.250,2
06:15:51.60500,1930.000,2
06:15:52.11700,1930.250,6
06:15:52.95700,1930.000,1
06:15:53.49600,1930.000,1
06:15:54.14000,1930.250,1
06:15:54.69500,1930.250,10
06:15:54.94500,1930.250,1
06:15:57.88200,1930.000,5
06:15:58.81200,1930.000,5
06:15:59.05400,1930.250,1
06:15:59.67100,1930.000,1
06:16:00.63600,1930.000,11
06:16:01.21000,1930.250,1
06:16:02.49600,1930.250,138
06:16:02.78100,1930.250,6
06:16:02.92100,1930.000,50
06:16:03.69900,1930.250,10
06:16:05.10900,1930.250,4
06:16:05.56600,1930.250,5
06:16:05.93700,1930.250,6
06:16:06.32800,1930.500,16
06:16:06.76500,1930.250,3
06:16:07.80000,1930.250,19
06:16:08.09300,1930.250,2
06:16:08.22200,1930.250,5
06:16:08.28900,1930.250,1
06:16:08.58200,1930.250,3
06:16:09.13200,1930.250,32
06:16:09.93700,1930.250,22
06:16:10.01500,1930.250,4
06:16:10.21400,1930.250,4
06:16:10.73000,1930.250,6
06:16:11.15200,1930.250,3
06:16:12.04600,1930.250,1
06:16:12.25000,1930.250,1
06:16:13.19100,1930.250,1
06:16:13.56200,1930.250,1
06:16:15.01500,1930.250,5
06:16:15.81200,1930.250,1
06:16:20.26100,1930.000,1
06:16:20.65200,1930.250,1
06:16:22.08200,1930.250,3
06:16:29.80400,1930.250,1
06:16:30.12800,1930.250,19
06:16:31.00700,1930.250,7
06:16:33.39800,1930.000,1
06:16:33.69500,1930.250,4
06:16:35.09700,1930.250,1
06:16:35.34700,1930.250,1
06:16:36.39800,1930.000,214
06:16:36.90200,1929.750,2
06:16:37.58200,1929.750,1
06:16:38.26100,1930.000,1
06:16:40.82000,1930.000,7
06:16:41.02700,1930.000,15
06:16:41.59300,1930.000,1
06:16:42.25000,1930.000,2
06:16:43.61300,1930.000,2
06:16:43.92900,1930.000,1
06:16:44.63200,1930.250,2
06:16:45.41400,1930.000,25
06:16:46.11300,1930.000,2
06:16:46.80400,1930.000,3
06:16:47.63600,1930.250,1
06:16:48.39000,1930.000,6
06:16:48.76500,1930.000,7
06:16:48.79200,1930.000,1
06:16:50.32400,1930.000,10
06:16:50.67100,1930.000,1
06:16:53.82400,1930.000,23
06:16:53.84700,1930.000,3
06:16:54.85900,1930.000,13
06:16:55.12800,1930.250,1
06:16:58.70300,1930.000,1
06:17:02.80400,1930.000,126
06:17:02.83200,1930.250,1
06:17:06.23800,1930.000,1
06:17:09.32400,1930.250,41
06:17:09.41000,1930.500,1
06:17:09.67900,1930.500,1
06:17:10.16000,1930.250,15
06:17:10.54600,1930.250,1
06:17:10.89400,1930.250,4
06:17:11.80400,1930.250,5
06:17:12.23000,1930.250,28
06:17:12.88200,1930.000,15
06:17:14.87100,1930.000,3
06:17:15.03500,1930.000,1
06:17:16.46000,1930.250,5
06:17:17.03500,1930.250,4
06:17:18.87500,1930.000,1
06:17:20.92100,1930.000,1
06:17:22.42100,1930.250,1
06:17:24.26500,1930.000,1
06:17:24.43300,1930.250,4
06:17:29.95700,1930.000,1
06:17:31.64800,1930.250,58
06:17:34.17500,1930.250,9
06:17:34.79200,1930.250,5
06:17:35.78500,1930.250,56
06:17:36.44100,1930.250,3
06:17:38.95700,1930.500,2
06:17:39.26100,1930.250,1
06:17:41.28900,1930.250,135
06:17:41.32000,1930.500,1
06:17:41.41700,1930.500,5
06:17:41.57000,1930.500,6
06:17:41.75000,1930.500,5
06:17:42.52300,1930.250,1
06:17:43.52300,1930.250,6
06:17:44.35900,1930.250,59
06:17:44.65200,1930.500,2
06:17:44.79200,1930.500,7
06:17:46.01100,1930.500,2
06:17:46.56200,1930.750,13
06:17:46.88600,1930.500,3
06:17:47.14000,1930.500,2
06:17:47.35100,1930.750,1
06:17:47.73400,1930.750,2
06:17:48.93300,1930.750,3
06:17:51.56600,1930.750,3
06:17:51.84700,1930.750,1
06:17:52.22600,1930.750,1
06:17:52.52700,1930.750,1
06:17:52.84300,1930.750,97
06:17:52.88200,1930.750,1
06:17:53.16000,1930.750,33
06:17:54.71000,1930.750,1
06:17:55.12800,1930.750,10
06:17:55.68300,1930.750,1
06:17:55.87500,1930.750,1
06:17:56.11700,1930.500,15
06:17:58.08900,1930.750,3
06:17:58.55400,1930.750,2
06:17:58.63200,1930.500,1
06:18:00.29600,1930.500,4
06:18:00.38600,1930.500,2
06:18:00.53100,1930.500,26
06:18:00.87800,1930.500,12
06:18:02.82800,1930.500,1
06:18:04.83900,1930.500,3
06:18:05.63600,1930.250,2
06:18:06.52300,1930.250,26
06:18:06.96800,1930.500,15
06:18:07.72200,1930.250,1
06:18:09.67900,1930.250,2
06:18:10.35100,1930.750,71
06:18:10.74200,1930.250,177
06:18:10.82000,1930.250,47
06:18:11.21400,1930.250,14
06:18:11.89000,1930.250,1
06:18:12.48000,1930.250,3
06:18:13.22200,1930.250,1
06:18:13.39000,1930.250,1
06:18:15.81200,1930.500,10
06:18:16.48800,1930.500,25
06:18:17.15600,1930.500,1
06:18:18.25000,1930.500,26
06:18:20.45300,1930.500,1
06:18:21.67500,1930.750,32
06:18:22.17900,1930.750,1
06:18:23.03900,1930.750,1
06:18:25.91700,1930.500,22
06:18:26.81200,1930.750,26
06:18:27.72600,1930.500,1
06:18:32.32800,1930.750,5
06:18:35.69500,1930.500,1
06:18:36.74200,1930.500,2
06:18:38.69100,1930.500,12
06:18:40.24600,1930.500,1
06:18:42.06600,1930.750,4
06:18:43.59300,1930.750,2
06:18:44.14800,1930.750,1
06:18:44.62100,1930.750,2
06:18:47.32400,1930.750,2
06:18:47.71000,1930.750,13
06:18:47.77700,1930.750,5
06:18:48.72600,1930.750,3
06:18:49.75000,1930.500,1
06:18:49.84300,1930.500,1
06:18:52.24200,1930.500,44
06:18:53.46800,1930.500,2
06:18:54.08900,1930.500,1
06:18:56.29600,1930.250,16
06:18:56.68300,1930.250,1
06:19:02.11700,1930.250,69
06:19:02.24200,1930.000,4
06:19:02.71800,1930.250,14
06:19:02.90200,1930.250,5
06:19:03.10100,1930.250,5
06:19:04.09700,1930.250,4
06:19:04.75000,1930.250,7
06:19:07.59700,1930.250,3
06:19:08.57400,1930.250,1
06:19:08.73000,1930.500,2
06:19:08.92100,1930.250,8
06:19:11.00000,1930.500,1
06:19:13.01900,1930.500,38
06:19:13.90200,1930.500,2
06:19:14.72200,1930.750,23
06:19:15.01500,1930.500,1
06:19:15.10900,1930.500,6
06:19:15.37100,1930.500,5
06:19:16.03500,1930.500,4
06:19:16.59300,1930.500,1
06:19:17.58900,1930.500,1
06:19:18.73800,1930.500,1
06:19:25.09300,1930.500,10
06:19:25.31200,1930.250,2
06:19:26.14800,1930.500,5
06:19:28.25700,1930.500,5
06:19:28.43300,1930.500,5
06:19:28.77700,1930.500,20
06:19:29.69500,1930.500,3
06:19:30.41000,1930.500,4
06:19:30.89400,1930.750,7
06:19:31.26900,1930.500,2
06:19:34.66000,1930.500,26
06:19:35.38600,1930.750,4
06:19:35.87100,1930.250,10
06:19:35.96800,1930.500,1
06:19:37.29600,1930.500,13
06:19:42.05000,1930.500,5
06:19:42.33200,1930.500,5
06:19:42.50000,1930.500,5
06:19:43.51100,1930.750,11
06:19:44.69100,1930.500,17
06:19:49.71000,1930.500,1
06:19:49.85500,1930.250,1
06:19:51.46800,1930.750,46
06:19:51.63600,1930.500,2
06:19:54.40600,1930.500,1
06:19:54.91700,1930.500,2
06:19:57.48000,1930.500,52
06:19:59.16400,1930.500,6
06:20:05.58900,1930.250,62
06:20:07.84700,1930.250,6
06:20:08.07000,1930.250,23
06:20:08.13200,1930.250,5
06:20:08.48800,1930.500,5
06:20:08.64400,1930.250,1
06:20:08.91000,1930.250,6
06:20:09.14400,1930.250,1
06:20:14.25000,1930.500,67
06:20:14.34300,1930.500,10
06:20:14.89000,1930.500,8
06:20:16.58200,1930.500,22
06:20:18.42900,1930.500,8
06:20:28.59700,1930.500,13
06:20:28.85900,1930.500,5
06:20:29.17900,1930.500,8
06:20:29.85900,1930.250,1
06:20:30.14800,1930.250,5
06:20:34.17900,1930.500,1
06:20:35.50300,1930.250,46
06:20:35.88200,1930.250,8
06:20:37.40600,1930.250,2
06:20:37.91000,1930.250,3
06:20:39.16700,1930.250,4
06:20:40.72200,1930.250,15
06:20:42.85500,1930.000,2
06:20:44.65600,1930.250,1
06:20:45.62500,1930.250,15
06:20:48.17500,1930.250,5
06:20:48.70700,1930.000,2
06:20:50.35900,1930.250,1
06:20:51.01100,1930.000,6
06:20:52.50700,1930.000,148
06:20:53.92500,1930.000,1
06:20:54.66400,1930.000,32
06:20:55.13200,1930.000,1
06:20:55.78500,1930.000,5
06:20:56.28500,1930.000,5
06:20:56.81200,1930.250,7
06:21:01.03100,1930.250,5
06:21:01.65200,1930.000,5
06:21:04.55400,1930.000,2
06:21:07.16000,1930.250,1
06:21:07.40600,1930.250,1
06:21:10.93300,1930.250,1
06:21:13.77300,1930.250,1
06:21:17.69900,1930.000,1
06:21:18.66400,1930.250,1
06:21:19.81600,1930.250,26
06:21:20.41000,1930.250,2
06:21:21.63600,1930.250,12
06:21:22.71800,1930.500,2
06:21:24.32000,1930.250,3
06:21:25.16400,1930.250,5
06:21:25.33500,1930.500,1
06:21:26.30000,1930.500,5
06:21:28.78100,1930.250,1
06:21:28.86700,1930.500,13
06:21:29.85900,1930.500,1
06:21:32.07400,1930.250,2
06:21:37.08900,1930.500,1
06:21:37.63600,1930.500,6
06:21:38.10100,1930.500,1
06:21:40.69900,1930.750,2
06:21:44.87100,1930.750,5
06:21:45.26100,1930.500,1
06:21:46.35100,1930.500,1
06:21:47.14400,1930.500,15
06:21:50.58900,1930.750,39
06:21:50.69900,1930.500,2
06:21:50.77700,1930.500,1
06:21:52.65600,1930.500,87
06:21:55.47600,1930.500,1
06:21:56.50000,1930.500,6
06:22:02.63200,1930.500,3
06:22:03.23000,1930.500,1
06:22:05.68700,1930.250,1
06:22:09.00300,1930.750,122
06:22:11.94900,1930.500,42
06:22:14.54600,1930.500,6
06:22:14.78100,1930.500,19
06:22:16.56200,1930.500,10
06:22:17.26100,1930.500,5
06:22:18.81200,1930.500,10
06:22:20.76900,1930.500,5
06:22:22.36300,1930.500,1
06:22:26.94500,1930.250,1
06:22:30.71000,1930.250,1
06:22:31.91000,1930.500,32
06:22:32.82000,1930.500,2
06:22:33.83200,1930.500,1
06:22:35.04600,1930.500,45
06:22:36.20700,1930.250,199
06:22:36.78100,1930.250,20
06:22:36.85500,1930.500,3
06:22:37.23800,1930.250,1
06:22:38.89400,1930.500,10
06:22:39.13200,1930.250,2
06:22:39.90200,1930.500,2
06:22:46.65600,1930.250,1
06:22:49.21000,1930.250,1
06:22:49.66400,1930.500,39
06:22:49.96400,1930.500,3
06:22:52.00300,1930.500,2
06:22:53.04200,1930.500,4
06:22:54.06200,1930.500,1
06:22:54.23400,1930.500,5
06:22:59.23400,1930.500,20
06:22:59.74600,1930.750,40
06:23:00.16700,1930.750,7
06:23:00.62100,1930.750,4
06:23:01.36300,1930.750,4
06:23:01.63200,1930.750,32
06:23:01.78900,1930.750,7
06:23:02.31200,1930.750,1
06:23:04.33200,1931.000,160
06:23:04.90200,1931.000,74
06:23:05.58500,1931.250,85
06:23:05.75300,1931.250,1
06:23:06.14000,1931.250,1
06:23:06.46000,1931.500,15
06:23:06.50300,1931.250,1
06:23:06.59300,1931.500,1
06:23:07.05400,1931.500,5
06:23:07.31200,1931.250,30
06:23:08.32400,1931.250,2
06:23:08.46000,1931.250,3
06:23:08.80400,1931.250,9
06:23:09.17900,1931.250,10
06:23:09.73800,1931.500,116
06:23:11.18700,1931.500,10
06:23:11.28900,1931.500,5
06:23:11.44100,1931.500,2
06:23:11.49200,1931.500,2
06:23:11.63600,1931.250,1
06:23:11.85500,1931.500,3
06:23:13.21000,1931.250,1
06:23:15.69900,1931.250,105
06:23:16.63600,1931.250,11
06:23:17.02700,1931.250,5
06:23:17.55800,1931.250,3
06:23:17.94100,1931.250,1
06:23:18.52300,1931.500,2
06:23:18.89800,1931.250,1
06:23:19.45300,1931.250,2
06:23:20.14800,1931.500,4
06:23:20.43300,1931.250,5
06:23:21.73800,1931.250,1
06:23:22.45700,1931.500,1
06:23:23.61300,1931.500,1
06:23:24.06200,1931.500,1
06:23:24.22200,1931.500,3
06:23:24.80000,1931.250,1
06:23:24.91400,1931.500,3
06:23:28.06600,1931.500,57
06:23:28.63200,1931.500,1
06:23:28.84700,1931.500,2
06:23:29.47200,1932.500,968
06:23:29.48800,1932.250,195
06:23:30.47600,1932.250,569
06:23:30.56200,1932.250,2
06:23:30.76500,1932.500,2
06:23:30.87100,1932.500,3
06:23:31.10500,1932.500,1
06:23:31.88200,1932.500,4
06:23:32.14800,1932.500,19
06:23:32.35500,1932.250,5
06:23:32.62500,1932.250,1
06:23:32.77700,1932.250,1
06:23:33.00000,1932.250,4
06:23:33.01100,1932.250,1
06:23:34.12100,1932.500,10
06:23:34.75000,1932.250,61
06:23:35.32800,1932.000,1
06:23:35.96800,1932.250,2
06:23:36.28900,1932.000,2
06:23:36.79200,1932.250,1
06:23:37.33900,1932.000,2
06:23:37.74200,1932.250,59
06:23:38.31200,1932.000,1
06:23:39.42100,1932.250,2
06:23:39.73400,1932.000,7
06:23:40.36300,1932.000,2
06:23:41.14000,1932.000,1
06:23:42.00000,1932.000,12
06:23:43.70300,1932.000,3
06:23:43.89000,1932.000,5
06:23:44.67500,1932.000,76
06:23:45.49600,1932.250,57
06:23:45.74200,1932.250,6
06:23:46.35500,1932.250,29
06:23:46.47200,1932.250,1
06:23:47.81600,1932.500,1
06:23:48.60500,1932.250,5
06:23:49.01900,1932.250,15
06:23:49.66400,1932.500,81
06:23:50.19900,1932.500,4
06:23:50.28900,1932.500,1
06:23:50.44100,1932.500,4
06:23:50.76900,1932.500,1
06:23:51.05800,1932.750,7
06:23:51.47200,1932.500,2
06:23:51.57400,1932.500,1
06:23:51.67100,1932.750,1
06:23:52.37100,1932.500,1
06:23:52.81200,1932.750,1
06:23:52.92500,1932.750,2
06:23:53.33500,1932.750,2
06:23:54.45700,1932.500,1
06:23:55.11700,1932.500,108
06:23:55.61300,1932.500,72
06:23:56.47600,1932.250,1
06:23:57.09700,1932.250,2
06:23:57.39800,1932.250,1
06:23:57.58900,1932.500,1
06:23:58.78100,1932.500,1
06:23:58.96400,1932.250,1
06:24:00.39000,1932.250,4
06:24:00.49200,1932.250,2
06:24:02.52700,1932.250,1
06:24:02.82400,1932.250,1
06:24:03.57800,1932.500,73
06:24:03.57800,1932.500,1
06:24:03.69100,1932.500,5
06:24:04.39800,1932.500,1
06:24:04.92900,1932.500,3
06:24:05.39800,1932.250,2
06:24:06.58200,1932.500,4
06:24:07.78100,1932.250,1
06:24:08.75700,1932.250,1
06:24:09.02700,1932.250,5
06:24:09.54600,1932.250,1
06:24:10.51900,1932.500,1
06:24:11.73400,1932.250,92
06:24:11.77300,1932.250,10
06:24:12.05000,1932.000,5
06:24:12.32800,1932.000,1
06:24:12.91000,1932.250,2
06:24:13.70300,1932.250,2
06:24:14.76100,1932.250,83
06:24:15.72200,1932.250,4
06:24:16.44100,1932.500,3
06:24:17.24600,1932.500,1
06:24:18.35100,1932.500,3
06:24:18.56200,1932.250,1
06:24:19.11700,1932.250,6
06:24:20.11300,1932.250,2
06:24:20.41000,1932.250,28
06:24:20.63200,1932.250,8
06:24:20.85100,1932.500,2
06:24:21.11700,1932.250,1
06:24:21.53100,1932.250,3
06:24:22.71400,1932.250,1
06:24:23.94500,1932.000,1
06:24:25.41700,1932.000,26
06:24:26.23800,1932.250,4
06:24:26.63200,1932.500,1
06:24:27.91000,1932.250,7
06:24:28.19900,1932.250,1
06:24:28.83900,1932.250,1
06:24:30.07800,1932.250,1
06:24:30.24200,1932.500,51
06:24:30.75000,1932.500,25
06:24:30.85500,1932.250,1
06:24:31.73400,1932.250,1
06:24:34.72200,1932.250,3
06:24:34.80000,1932.250,5
06:24:36.14000,1932.500,1
06:24:38.23400,1932.250,14
06:24:38.48800,1932.250,4
06:24:39.00000,1932.250,1
06:24:39.69900,1932.250,1
06:24:39.91400,1932.250,10
06:24:40.66000,1932.250,1
06:24:42.67500,1932.250,5
06:24:43.57400,1932.500,29
06:24:44.05000,1932.500,2
06:24:44.52300,1932.500,3
06:24:46.05400,1932.250,1
06:24:46.30000,1932.250,1
06:24:48.08500,1932.250,1
06:24:48.54600,1932.500,2
06:24:50.82800,1932.500,1
06:24:51.25700,1932.250,1
06:24:51.55800,1932.500,13
06:24:52.17900,1932.750,1
06:24:52.66000,1932.500,17
06:24:53.67100,1932.500,2
06:24:55.06200,1932.500,5
06:24:55.50700,1932.750,2
06:24:56.74600,1932.500,9
06:24:57.17100,1932.500,6
06:24:58.00700,1932.500,2
06:24:58.28500,1932.500,9
06:24:58.53100,1932.500,6
06:24:59.44100,1932.500,1
06:24:59.71400,1932.500,1
06:24:59.81200,1932.500,1
06:25:00.47600,1932.250,13
06:25:01.03500,1932.250,2
06:25:02.00700,1932.500,67
06:25:02.28900,1932.500,3
06:25:03.07400,1932.500,15
06:25:03.90600,1932.500,11
06:25:04.60500,1932.500,5
06:25:04.68300,1932.500,1
06:25:06.05800,1932.750,50
06:25:06.21400,1932.750,2
06:25:06.87500,1932.750,8
06:25:06.95700,1932.750,1
06:25:07.06200,1932.750,1
06:25:08.17900,1932.750,1
06:25:10.13200,1932.750,14
06:25:10.58200,1932.750,13
06:25:11.01500,1932.500,62
06:25:11.42100,1932.500,10
06:25:12.08900,1932.500,1
06:25:12.65600,1932.500,46
06:25:12.84700,1932.250,2
06:25:13.71000,1932.500,3
06:25:17.06200,1932.250,1
06:25:17.76900,1932.500,10
06:25:20.65600,1932.250,9
06:25:23.08500,1932.500,4
06:25:27.84700,1932.500,32
06:25:29.51500,1932.500,1
06:25:30.83200,1932.250,1
06:25:31.97200,1932.250,1
06:25:35.69500,1932.250,1
06:25:36.94900,1932.250,1
06:25:38.30400,1932.500,44
06:25:38.78500,1932.500,2
06:25:38.91700,1932.500,10
06:25:41.34300,1932.250,1
06:25:42.81600,1932.500,8
06:25:43.08500,1932.500,1
06:25:46.71400,1932.500,1
06:25:47.16700,1932.500,4
06:25:47.47600,1932.750,5
06:25:47.65600,1932.750,5
06:25:47.96000,1932.500,2
06:25:48.26100,1932.750,6
06:25:51.39800,1932.750,1
06:25:51.63600,1932.500,10
06:25:53.77300,1932.500,45
06:25:54.13600,1932.500,2
06:25:57.84700,1932.250,1
06:25:58.82800,1932.500,1
06:25:59.68300,1932.500,2
06:26:01.77300,1932.500,10
06:26:02.34700,1932.250,20
06:26:02.91400,1932.500,2
06:26:04.01500,1932.500,79
06:26:04.35100,1932.500,15
06:26:04.58500,1932.750,1
06:26:05.42900,1932.500,36
06:26:05.94100,1932.250,1
06:26:07.67500,1932.250,2
06:26:09.21400,1932.500,1
06:26:09.57400,1932.500,1
06:26:10.11300,1932.500,1
06:26:10.62800,1932.500,4
06:26:10.78500,1932.500,2
06:26:13.18700,1932.500,22
06:26:15.70700,1932.500,10
06:26:17.77300,1932.500,6
06:26:18.96800,1932.500,1
06:26:19.31600,1932.500,3
06:26:19.78100,1932.250,1
06:26:20.87800,1932.500,1
06:26:21.62500,1932.500,11
06:26:22.29200,1932.500,12
06:26:23.44900,1932.500,21
06:26:24.70700,1932.750,30
06:26:25.56200,1932.750,1
06:26:27.92100,1932.750,5
06:26:28.12500,1932.750,6
06:26:28.25700,1932.500,1
06:26:28.31600,1932.750,5
06:26:29.91000,1932.500,10
06:26:31.75000,1932.500,2
06:26:31.96800,1932.750,65
06:26:32.11300,1932.750,16
06:26:32.36300,1932.750,53
06:26:33.12500,1932.500,1
06:26:34.22200,1932.500,27
06:26:34.55400,1932.750,6
06:26:34.78500,1932.750,1
06:26:34.96000,1932.500,1
06:26:35.32000,1932.750,30
06:26:35.79600,1932.750,1
06:26:36.03500,1932.750,1
06:26:38.10500,1932.750,1
06:26:38.40600,1932.500,1
06:26:41.70700,1932.750,1
06:26:42.62800,1932.750,3
06:26:44.37100,1932.500,1
06:26:44.85500,1932.750,3
06:26:46.27700,1932.750,2
06:26:46.43700,1932.500,1
06:26:48.57800,1932.750,1
06:26:50.89000,1932.750,5
06:26:52.94100,1932.750,24
06:26:53.04600,1932.500,5
06:26:53.36700,1932.500,2
06:26:53.71800,1932.750,3
06:26:54.32000,1932.500,1
06:26:54.83200,1932.750,1
06:26:55.16000,1932.750,20
06:26:55.48800,1932.750,4
06:26:56.35900,1933.000,81
06:26:56.52300,1933.000,2
06:26:57.82400,1932.750,11
06:26:58.03500,1932.750,1
06:26:58.72200,1932.750,6
06:26:59.55000,1933.000,4
06:27:02.11300,1933.000,2
06:27:02.49200,1932.500,26
06:27:02.93300,1932.750,1
06:27:03.69900,1932.750,1
06:27:04.59700,1932.500,2
06:27:05.14400,1932.750,20
06:27:05.59300,1932.500,1
06:27:06.37500,1932.750,1
06:27:07.30000,1932.750,12
06:27:08.66400,1932.750,3
06:27:08.85900,1932.500,1
06:27:09.06200,1932.750,2
06:27:09.51100,1932.750,1
06:27:09.68300,1932.500,1
06:27:11.08500,1932.750,7
06:27:11.44900,1932.750,1
06:27:11.89000,1932.750,3
06:27:12.25000,1932.750,2
06:27:12.92500,1932.750,10
06:27:13.69100,1932.750,1
06:27:14.00700,1932.750,14
06:27:15.01500,1933.000,4
06:27:15.95700,1933.000,1
06:27:17.80800,1932.750,2
06:27:18.82400,1933.000,2
06:27:19.18700,1932.750,13
06:27:19.58500,1933.250,177
06:27:19.92500,1933.000,4
06:27:20.09700,1933.000,1
06:27:21.00700,1933.250,3
06:27:22.41400,1933.250,2
06:27:22.89800,1933.000,1
06:27:23.26100,1933.250,10
06:27:23.86300,1933.000,1
06:27:26.70700,1933.250,30
06:27:26.94500,1933.500,11
06:27:27.04600,1933.500,2
06:27:27.24200,1933.250,43
06:27:27.44900,1933.250,3
06:27:28.08500,1933.250,12
06:27:28.39800,1933.250,5
06:27:28.58200,1933.500,2
06:27:29.16000,1933.250,8
06:27:29.33500,1933.250,1
06:27:29.53500,1933.250,116
06:27:30.35500,1933.500,1
06:27:31.39800,1933.500,10
06:27:32.16000,1933.500,10
06:27:32.17100,1933.500,2
06:27:33.18300,1933.500,3
06:27:33.38200,1933.500,3
06:27:33.56600,1933.500,1
06:27:34.23400,1933.250,4
06:27:35.19100,1933.500,2
06:27:36.37500,1933.250,5
06:27:37.77300,1933.500,9
06:27:38.80400,1933.500,1
06:27:39.68300,1933.250,1
06:27:40.10900,1933.250,4
06:27:41.45700,1933.250,1
06:27:42.41400,1933.250,10
06:27:42.59700,1933.250,85
06:27:44.76500,1933.000,49
06:27:44.87500,1933.000,1
06:27:45.10100,1933.250,1
06:27:47.92100,1933.000,1
06:27:48.60100,1933.250,3
06:27:49.83200,1933.000,1
06:27:51.70300,1933.000,5
06:27:54.96400,1933.000,20
06:27:56.49600,1933.000,1
06:27:56.64800,1933.000,1
06:27:56.91400,1932.750,42
06:27:57.12500,1932.750,14
06:27:57.32000,1932.750,4
06:27:57.62500,1932.750,9
06:27:57.92900,1932.750,1
06:27:58.34300,1932.750,5
06:27:58.61300,1932.750,1
06:28:01.67500,1932.750,12
06:28:02.15200,1932.750,11
06:28:03.06600,1932.750,15
06:28:03.58900,1932.750,16
06:28:03.89800,1932.750,1
06:28:04.03500,1932.500,1
06:28:04.83200,1932.750,1
06:28:06.28900,1932.750,2
06:28:06.62800,1932.750,1
06:28:08.52700,1932.750,21
06:28:09.01100,1932.750,1
06:28:09.75300,1932.750,1
06:28:11.44100,1932.750,1
06:28:12.69500,1932.750,22
06:28:12.74600,1932.750,11
06:28:13.17100,1932.750,2
06:28:14.32800,1932.500,1
06:28:14.53900,1932.750,2
06:28:14.74200,1932.500,1
06:28:15.08900,1932.500,1
06:28:15.32800,1932.750,6
06:28:15.88600,1933.000,1
06:28:16.16400,1932.750,1
06:28:16.40600,1932.750,1
06:28:16.64800,1932.750,1
06:28:16.83200,1932.750,1
06:28:17.12500,1932.750,1
06:28:19.14400,1933.000,13
06:28:19.42100,1933.000,11
06:28:19.48800,1932.750,1
06:28:19.66000,1933.000,43
06:28:20.32800,1933.000,1
06:28:20.93700,1933.000,1
06:28:21.52700,1933.000,4
06:28:22.54600,1933.000,5
06:28:24.39800,1932.750,1
06:28:25.67500,1933.250,4
06:28:26.00000,1933.000,4
06:28:27.33900,1933.000,1
06:28:27.64800,1932.750,44
06:28:30.71800,1932.750,1
06:28:31.91400,1932.750,27
06:28:32.12500,1932.750,3
06:28:32.30400,1932.750,3
06:28:33.56200,1932.500,2
06:28:35.77300,1932.500,2
06:28:36.43700,1932.750,20
06:28:37.63200,1932.500,15
06:28:38.32800,1932.500,1
06:28:38.58900,1932.500,1
06:28:38.95700,1932.500,1
06:28:39.21800,1932.500,1
06:28:39.33500,1932.500,1
06:28:40.16000,1932.750,30
06:28:41.73800,1932.750,1
06:28:41.89400,1932.750,1
06:28:42.71000,1932.750,1
06:28:42.95300,1932.750,1
06:28:43.45300,1932.750,114
06:28:43.94100,1932.500,2
06:28:45.32000,1932.500,1
06:28:45.55800,1932.500,1
06:28:45.82000,1932.500,1
06:28:45.95300,1932.500,2
06:28:47.61700,1932.750,8
06:28:49.14400,1932.750,15
06:28:54.15600,1932.750,12
06:28:54.40200,1932.500,2
06:28:56.11700,1932.500,2
06:28:56.71000,1932.500,2
06:28:57.06600,1932.750,8
06:28:58.69500,1932.750,1
06:29:00.60900,1932.500,9
06:29:00.81600,1932.500,26
06:29:01.02300,1932.500,46
06:29:02.58200,1932.750,1
06:29:02.80000,1932.750,1
06:29:03.77700,1932.750,1
06:29:04.33500,1932.750,1
06:29:04.84300,1932.750,128
06:29:05.13600,1932.750,43
06:29:05.37100,1932.750,1
06:29:06.02700,1932.750,15
06:29:06.48000,1933.000,1
06:29:06.66700,1933.000,1
06:29:06.89400,1933.000,1
06:29:07.82400,1933.000,1
06:29:08.11300,1932.750,2
06:29:08.27300,1933.000,1
06:29:08.73400,1933.000,1
06:29:08.92100,1932.750,80
06:29:09.06200,1932.750,29
06:29:10.33200,1932.500,1
06:29:11.92500,1932.500,17
06:29:12.50300,1932.500,6
06:29:13.73400,1932.500,29
06:29:16.16000,1932.500,2
06:29:20.53100,1932.500,1
06:29:21.44900,1932.750,3
06:29:22.07000,1932.750,22
06:29:24.16400,1932.750,1
06:29:25.07400,1933.000,28
06:29:26.28100,1932.750,1
06:29:27.15200,1932.750,1
06:29:27.75300,1932.750,5
06:29:32.70300,1933.000,20
06:29:35.31200,1933.000,1
06:29:36.25300,1932.750,5
06:29:37.08200,1933.000,154
06:29:38.01100,1933.000,1
06:29:38.65600,1933.000,11
06:29:38.97200,1933.000,1
06:29:40.39000,1933.000,5
06:29:40.53100,1933.000,2
06:29:40.62800,1933.000,1
06:29:42.15600,1933.000,1
06:29:42.54600,1933.000,1
06:29:42.73400,1932.750,4
06:29:43.33900,1932.750,1
06:29:43.60500,1933.000,31
06:29:44.12100,1933.000,11
06:29:45.26900,1933.000,1
06:29:46.50700,1933.000,1
06:29:46.97200,1933.000,6
06:29:47.81200,1933.000,3
06:29:48.58900,1933.000,3
06:29:49.03900,1933.000,1
06:29:49.54200,1933.000,15
06:29:51.48800,1932.750,40
06:29:53.82400,1932.750,1
06:29:59.28900,1932.500,1
06:30:01.67500,1932.750,5
06:30:02.23400,1932.750,2
06:30:03.00000,1932.500,63
06:30:03.19500,1932.750,2
06:30:04.76100,1932.750,1
06:30:06.05000,1932.500,1
06:30:06.96800,1932.500,2
06:30:07.37500,1932.500,15
06:30:11.00300,1932.500,1
06:30:17.45300,1932.500,1
06:30:21.06600,1932.750,6
06:30:21.69100,1932.500,1
06:30:22.60900,1932.750,1
06:30:24.31200,1932.750,1
06:30:24.92500,1932.750,61
06:30:25.59300,1932.750,2
06:30:26.08500,1932.750,1
06:30:26.64400,1932.750,1
06:30:27.94900,1932.500,3
06:30:37.77300,1932.500,41
06:30:38.46800,1932.250,7
06:30:39.10100,1932.250,3
06:30:39.45700,1932.250,1
06:30:39.82400,1932.250,1
06:30:40.71000,1932.250,1
06:30:42.30000,1932.500,2
06:30:48.03900,1932.250,12
06:30:49.05000,1932.250,1
06:30:49.37100,1932.250,3
06:30:50.80800,1932.250,87
06:30:52.24200,1932.000,3
06:30:53.00700,1932.250,16
06:30:54.52700,1932.000,1
06:30:55.01900,1932.000,2
06:30:56.72600,1932.000,38
06:30:58.01100,1932.000,5
06:30:58.69500,1932.000,1
06:30:59.20300,1932.000,21
06:31:00.59700,1932.000,75
06:31:02.18700,1932.250,3
06:31:04.08200,1932.250,51
06:31:04.25000,1932.250,4
06:31:05.70700,1932.500,1
06:31:07.42100,1932.500,1
06:31:08.96800,1932.250,15
06:31:09.90200,1932.500,107
06:31:10.04600,1932.500,4
06:31:11.02300,1932.500,29
06:31:12.13600,1932.250,1
06:31:13.00700,1932.500,11
06:31:13.25700,1932.250,1
06:31:16.10500,1932.500,2
06:31:17.16400,1932.250,2
06:31:18.00300,1932.500,49
06:31:18.17100,1932.250,2
06:31:21.36300,1932.250,2
06:31:24.70700,1932.250,4
06:31:28.64800,1932.250,107
06:31:31.64400,1932.250,13
06:31:31.87100,1932.250,3
06:31:33.32400,1932.250,3
06:31:37.32400,1932.250,2
06:31:38.41700,1932.500,2
06:31:38.90600,1932.250,64
06:31:39.00700,1932.250,1
06:31:41.42900,1932.250,1
06:31:41.58500,1932.250,22
06:31:47.23400,1932.500,2
06:31:52.97200,1932.250,2
06:31:53.87100,1932.250,1
06:31:56.05400,1932.250,6
06:31:57.12100,1932.000,20
06:31:57.25300,1932.000,1
06:31:58.60100,1932.000,1
06:31:58.66700,1932.000,1
06:31:59.03500,1932.000,1
06:31:59.54200,1932.000,28
06:32:05.47200,1932.250,25
06:32:05.82800,1932.250,21
06:32:06.26100,1932.250,5
06:32:06.69900,1932.250,2
06:32:08.01500,1932.250,13
06:32:08.25300,1932.250,1
06:32:09.14000,1932.000,66
06:32:09.69500,1931.750,19
06:32:09.76900,1932.500,301
06:32:10.05000,1932.750,177
06:32:10.83900,1932.500,1
06:32:11.40600,1932.500,1
06:32:11.56600,1932.500,221
06:32:11.86300,1932.500,72
06:32:12.14400,1932.500,5
06:32:12.44500,1932.500,20
06:32:14.06600,1932.500,10
06:32:14.39800,1932.500,4
06:32:14.72600,1932.500,8
06:32:18.84300,1932.500,54
06:32:18.91400,1932.500,18
06:32:19.15600,1932.500,3
06:32:19.76500,1932.500,5
06:32:20.29600,1932.500,1
06:32:20.67100,1932.500,118
06:32:20.96800,1932.500,11
06:32:21.81200,1932.250,1
06:32:25.12500,1932.500,1
06:32:26.23800,1932.250,1
06:32:26.51900,1932.500,1
06:32:29.00700,1932.500,1
06:32:30.38200,1932.250,36
06:32:31.59700,1932.250,1
06:32:35.38600,1932.000,47
06:32:35.87100,1932.000,2
06:32:38.29600,1932.000,7
06:32:39.33500,1931.750,7
06:32:40.19500,1932.000,1
06:32:40.61300,1931.750,8
06:32:42.08900,1931.750,1
06:32:42.48000,1932.000,3
06:32:43.13600,1931.750,1
06:32:43.69900,1932.000,8
06:32:43.78500,1931.750,1
06:32:44.57400,1932.000,103
06:32:45.41000,1932.000,2
06:32:45.67100,1932.000,31
06:32:46.00000,1931.750,1
06:32:46.90600,1931.750,10
06:32:47.26900,1931.750,1
06:32:48.84700,1932.000,28
06:32:48.95700,1931.750,10
06:32:49.71800,1931.750,1
06:32:50.70300,1931.750,23
06:32:50.92900,1931.500,1
06:32:51.46400,1931.750,2
06:32:53.05000,1931.750,25
06:32:55.01900,1931.500,5
06:32:55.50000,1931.500,1
06:32:56.32000,1931.500,1
06:32:57.45300,1931.500,1
06:32:57.76100,1931.500,6
06:32:58.62500,1931.500,1
06:33:00.48400,1931.500,3
06:33:00.82800,1931.750,1
06:33:01.37800,1931.500,1
06:33:01.70300,1931.500,88
06:33:02.26500,1931.500,5
06:33:02.82000,1931.750,1
06:33:04.26100,1931.750,1
06:33:05.75700,1931.500,5
06:33:07.19900,1931.500,1
06:33:10.55800,1931.500,1
06:33:10.74600,1931.500,7
06:33:10.79600,1931.500,1
06:33:12.42100,1931.500,62
06:33:13.69100,1931.500,1
06:33:14.94100,1931.500,1
06:33:15.26500,1931.500,1
06:33:16.62800,1931.500,5
06:33:16.96400,1931.500,6
06:33:17.15600,1931.500,2
06:33:17.85900,1931.500,1
06:33:18.23000,1931.500,1
06:33:18.94500,1931.500,1
06:33:19.18700,1931.500,2
06:33:20.33500,1931.500,5
06:33:21.70300,1931.500,1
06:33:22.43700,1931.500,23
06:33:24.13200,1931.500,8
06:33:26.86300,1931.500,51
06:33:29.37500,1931.500,1
06:33:30.82400,1931.750,41
06:33:30.94500,1931.750,1
06:33:31.96000,1931.750,10
06:33:32.25300,1932.000,1
06:33:34.45700,1931.750,25
06:33:38.56600,1931.750,19
06:33:39.10900,1931.750,1
06:33:39.51100,1931.750,2
06:33:41.64800,1931.750,1
06:33:43.64400,1931.750,1
06:33:44.71000,1931.750,11
06:33:54.29200,1931.500,1
06:33:55.28900,1931.500,15
06:34:03.67900,1931.500,1
06:34:05.95700,1931.750,1
06:34:08.66400,1931.500,5
06:34:08.93700,1931.500,11
06:34:09.48400,1931.250,5
06:34:09.61300,1931.250,5
06:34:10.04600,1931.500,1
06:34:11.66700,1931.250,1
06:34:12.16400,1931.250,1
06:34:12.44100,1931.500,1
06:34:12.94500,1931.500,21
06:34:13.86300,1931.500,7
06:34:14.09300,1931.500,2
06:34:14.33900,1931.500,8
06:34:14.53100,1931.500,8
06:34:14.83200,1931.250,1
06:34:16.78500,1931.250,1
06:34:17.93700,1931.500,11
06:34:18.28100,1931.500,1
06:34:18.43700,1931.500,2
06:34:19.14800,1931.500,18
06:34:19.67900,1931.500,15
06:34:20.33500,1931.500,2
06:34:22.00000,1931.250,20
06:34:24.95700,1931.500,2
06:34:27.11700,1931.500,7
06:34:36.37100,1931.500,1
06:34:37.94500,1931.250,3
06:34:38.60100,1931.500,1
06:34:38.97200,1931.250,1
06:34:39.44900,1931.250,1
06:34:47.13200,1931.250,1
06:34:47.78100,1931.250,1
06:34:48.17100,1931.500,2
06:34:51.46000,1931.500,53
06:34:54.04600,1931.500,22
06:34:56.52300,1931.500,2
06:34:57.26100,1931.250,6
06:34:57.46400,1931.750,2
06:34:59.39000,1931.750,29
06:35:04.61300,1932.000,36
06:35:05.66000,1932.000,1
06:35:06.10100,1932.000,11
06:35:06.79600,1931.750,1
06:35:07.32000,1932.000,2
06:35:08.12800,1932.250,1
06:35:08.47600,1931.750,12
06:35:10.12800,1931.750,9
06:35:12.14400,1931.750,1
06:35:13.21400,1932.000,78
06:35:13.43300,1932.000,1
06:35:14.01100,1932.000,1
06:35:14.54200,1932.000,1
06:35:16.87800,1932.000,55
06:35:19.62500,1931.750,15
06:35:20.95300,1931.750,1
06:35:25.71400,1931.750,2
06:35:26.31200,1931.750,26
06:35:27.46400,1931.500,2
06:35:27.66000,1931.750,44
06:35:29.83900,1931.750,8
06:35:35.69500,1932.000,2
06:35:38.04200,1931.750,9
06:35:43.44500,1931.750,2
06:35:43.57000,1931.750,1
06:35:44.21000,1931.750,1
06:35:46.64000,1931.750,105
06:35:46.93300,1931.750,66
06:35:49.82000,1932.000,45
06:35:50.29600,1932.000,17
06:35:51.17900,1932.000,5
06:35:51.68300,1932.250,1
06:35:52.19100,1932.000,26
06:35:52.26500,1932.000,1
06:35:52.85900,1932.000,8
06:35:53.86700,1932.000,1
06:35:58.42500,1932.000,5
06:36:05.67500,1932.000,2
06:36:08.33900,1932.000,120
06:36:09.05000,1932.000,83
06:36:11.95700,1932.000,102
06:36:13.25700,1931.750,6
06:36:13.50000,1931.750,1
06:36:14.85100,1931.750,1
06:36:16.50700,1932.000,16
06:36:16.69900,1931.750,1
06:36:17.91000,1931.750,1
06:36:19.93700,1932.000,4
06:36:21.96000,1932.000,13
06:36:22.16400,1932.000,2
06:36:23.12100,1932.000,1
06:36:24.73400,1932.000,8
06:36:29.56600,1932.000,2
06:36:30.76100,1932.000,2
06:36:31.66000,1932.000,6
06:36:35.50700,1931.750,1
06:36:36.49200,1932.000,3
06:36:40.54200,1931.750,1
06:36:42.74600,1931.750,1
06:36:44.27700,1931.750,16
06:36:44.70300,1931.750,4
06:36:45.85900,1932.000,3
06:36:47.07000,1931.750,1
06:36:49.00300,1932.000,3
06:36:50.08900,1931.750,1
06:36:52.19900,1931.750,8
06:36:52.50700,1931.750,3
06:36:55.71000,1931.500,1
06:36:57.17500,1931.500,1
06:36:57.41400,1931.500,1
06:36:57.65200,1931.500,1
06:36:59.60500,1931.500,26
06:37:04.16700,1931.750,58
06:37:08.87100,1932.000,9
06:37:10.29200,1932.000,38
06:37:10.88200,1932.000,1
06:37:12.66700,1932.000,21
06:37:18.16400,1931.750,2
06:37:18.41000,1931.250,250
06:37:18.85100,1931.750,31
06:37:19.78900,1931.500,46
06:37:20.12500,1931.750,30
06:37:21.31200,1931.750,1
06:37:24.02300,1931.500,1
06:37:28.20700,1931.750,57
06:37:29.71000,1931.750,2
06:37:34.23800,1931.750,6
06:37:35.26100,1932.000,1
06:37:35.69100,1932.000,30
06:37:37.20300,1932.000,4
06:37:40.78100,1932.000,4
06:37:41.07400,1932.000,62
06:37:42.23400,1932.000,1
06:37:43.68700,1932.000,8
06:37:45.23800,1932.000,4
06:37:45.74200,1932.000,1
06:37:46.13600,1932.000,2
06:37:46.40200,1932.250,1
06:37:47.73000,1932.250,1
06:37:50.08200,1932.250,4
06:37:50.94900,1932.000,13
06:37:51.12500,1931.750,12
06:37:52.80800,1931.750,304
06:37:53.02300,1931.500,32
06:37:57.10100,1932.000,3
06:38:01.72600,1932.000,20
06:38:03.75700,1932.000,3
06:38:19.16400,1931.500,210
06:38:19.21400,1931.750,1
06:38:21.39400,1931.500,1
06:38:22.04200,1931.750,28
06:38:27.81200,1931.500,2
06:38:39.53500,1931.500,2
06:38:41.08200,1931.500,1
06:38:53.53900,1931.500,16
06:39:00.41000,1931.500,1
06:39:02.44500,1931.250,2
06:39:04.88200,1931.250,1
06:39:05.69900,1931.250,10
06:39:06.78100,1931.250,1
06:39:08.65200,1931.500,11
06:39:09.80400,1931.250,1
06:39:18.55000,1931.500,21
06:39:22.73800,1931.500,1
06:39:23.30000,1931.500,23
06:39:28.92900,1931.500,2
06:39:30.10100,1931.500,5
06:39:31.69100,1931.500,12
06:39:32.97200,1931.500,1
06:39:33.19100,1931.500,1
06:39:33.62100,1931.500,11
06:39:36.75700,1931.500,6
06:39:37.72600,1931.500,1
06:39:39.02700,1931.500,1
06:39:44.00300,1931.500,3
06:39:47.75300,1931.500,1
06:39:48.38600,1931.500,4
06:39:57.54600,1931.250,6
06:39:58.96800,1931.250,1
06:40:02.94900,1931.500,3
06:40:10.49200,1931.250,5
06:40:14.88600,1931.250,1
06:40:15.86300,1931.500,6
06:40:16.92500,1931.500,1
06:40:20.59700,1931.500,2
06:40:20.74200,1931.250,1
06:40:20.88200,1931.500,1
06:40:25.21400,1931.250,15
06:40:25.65600,1931.250,28
06:40:28.17100,1931.250,1
06:40:28.88200,1931.250,12
06:40:29.12800,1931.250,1
06:40:29.21800,1931.250,1
06:40:29.42100,1931.250,3
06:40:30.16700,1931.250,8
06:40:31.21800,1931.000,32
06:40:31.47200,1931.250,1
06:40:34.77300,1931.000,1
06:40:37.48000,1931.250,5
06:40:39.73800,1931.250,12
06:40:42.11300,1931.250,9
06:40:44.49200,1931.250,2
06:40:44.53500,1931.000,51
06:40:47.50000,1931.250,33
06:40:52.10500,1931.250,1
06:40:52.79600,1931.250,1
06:40:57.71800,1931.500,102
06:40:58.96000,1931.250,53
06:40:59.50300,1931.250,25
06:41:01.19100,1931.750,101
06:41:01.30800,1931.750,1
06:41:03.44500,1931.500,1
06:41:09.17500,1931.500,2
06:41:10.14400,1931.500,1
06:41:13.60100,1931.500,2
06:41:20.80400,1931.750,45
06:41:21.43300,1931.500,39
06:41:25.79600,1931.500,1
06:41:26.03100,1931.500,12
06:41:26.80800,1931.500,4
06:41:27.00300,1931.500,6
06:41:29.95300,1931.750,1
06:41:30.76900,1931.750,1
06:41:32.31600,1931.750,1
06:41:33.17900,1931.500,1
06:41:34.60100,1931.500,5
06:41:40.53900,1931.500,1
06:41:41.10900,1931.500,1
06:41:44.30400,1931.750,2
06:41:45.76500,1931.500,1
06:41:47.92100,1931.500,2
06:41:52.62100,1931.500,3
06:41:56.97200,1931.500,17
06:42:01.19100,1931.500,52
06:42:01.94100,1931.500,1
06:42:09.22200,1931.750,1
06:42:11.28500,1931.500,34
06:42:16.32800,1931.250,36
06:42:17.26100,1931.250,4
06:42:17.69500,1931.250,1
06:42:19.73400,1931.000,41
06:42:20.78900,1931.250,12
06:42:21.61700,1931.500,2
06:42:21.74600,1931.250,1
06:42:23.68300,1931.000,2
06:42:24.25000,1931.000,1
06:42:24.64000,1931.250,1
06:42:29.14000,1931.000,51
06:42:29.53900,1931.000,67
06:42:29.66700,1931.000,8
06:42:31.62500,1930.750,8
06:42:32.12800,1930.750,1
06:42:32.58900,1930.750,1
06:42:33.76900,1930.750,81
06:42:33.86700,1930.750,1
06:42:34.13600,1930.500,8
06:42:34.59700,1930.750,1
06:42:36.08900,1930.750,41
06:42:36.46000,1930.750,1
06:42:36.89000,1930.750,10
06:42:37.34700,1930.750,1
06:42:38.46400,1931.000,3
06:42:39.53900,1930.750,2
06:42:40.06600,1930.750,17
06:42:40.24600,1930.500,10
06:42:42.05400,1930.500,2
06:42:42.46800,1930.750,2
06:42:44.18300,1930.750,3
06:42:45.69100,1930.750,21
06:42:46.52300,1930.500,2
06:42:48.85900,1930.500,10
06:42:49.27300,1930.500,1
06:42:51.65600,1930.750,21
06:42:52.67500,1930.750,1
06:42:54.67900,1930.750,1
06:42:56.85500,1930.750,1
06:42:58.05400,1930.750,1
06:42:58.11300,1930.750,1
06:42:58.77300,1930.750,17
06:43:00.02700,1930.750,15
06:43:07.37800,1930.750,1
06:43:09.26500,1930.750,1
06:43:18.53900,1930.500,57
06:43:19.39000,1930.500,41
06:43:19.54600,1930.750,1
06:43:20.92100,1930.500,1
06:43:24.41400,1930.500,1
06:43:25.00000,1930.500,1
06:43:25.65200,1930.500,1
06:43:28.47200,1930.500,1
06:43:33.78100,1930.500,1
06:43:34.38600,1930.500,2
06:43:37.18300,1930.500,2
06:43:39.51900,1930.500,1
06:43:43.71400,1930.750,3
06:43:44.58900,1930.500,1
06:43:45.28900,1930.500,1
06:43:51.02300,1930.500,5
06:43:52.62800,1930.750,2
06:43:54.29200,1930.500,10
06:43:58.03500,1930.500,1
06:43:58.59300,1930.500,18
06:43:59.07000,1930.500,24
06:44:00.58500,1930.500,2
06:44:00.95700,1930.250,10
06:44:03.80000,1930.250,1
06:44:05.78500,1930.250,2
06:44:06.50000,1930.500,2
06:44:08.57400,1930.250,1
06:44:08.65600,1930.250,2
06:44:12.20300,1930.500,1
06:44:14.37500,1930.250,2
06:44:14.81200,1930.500,16
06:44:15.76500,1930.500,1
06:44:17.38600,1930.750,1
06:44:19.63600,1930.750,1
06:44:19.79200,1930.750,35
06:44:20.85500,1930.750,38
06:44:23.96800,1930.500,1
06:44:30.60100,1930.500,10
06:44:33.28900,1930.750,2
06:44:37.13200,1930.750,31
06:44:38.21000,1930.750,1
06:44:38.43700,1930.750,6
06:44:39.00700,1930.750,2
06:44:39.37800,1930.500,1
06:44:43.04200,1930.500,52
06:44:44.82800,1930.500,14
06:44:47.21000,1930.500,5
06:44:55.58900,1930.750,2
06:45:03.62100,1930.750,75
06:45:04.32800,1930.750,33
06:45:05.63200,1930.750,6
06:45:06.30400,1930.750,2
06:45:08.08200,1930.750,1
06:45:11.89400,1930.750,4
06:45:22.37500,1930.500,21
06:45:24.76500,1930.750,105
06:45:28.28500,1930.750,4
06:45:30.10900,1931.000,127
06:45:30.21000,1931.250,14
06:45:30.44500,1931.000,1
06:45:32.67100,1931.000,43
06:45:32.80800,1930.750,1
06:45:34.53100,1931.000,11
06:45:34.59700,1931.000,3
06:45:36.39800,1931.000,17
06:45:36.70300,1931.250,4
06:45:38.06600,1931.000,1
06:45:39.09700,1931.000,1
06:45:39.27300,1931.000,1
06:45:40.25700,1931.000,2
06:45:42.27300,1931.000,29
06:45:42.67500,1931.000,1
06:45:45.42900,1931.000,1
06:45:46.05000,1931.000,16
06:45:47.13600,1931.000,2
06:45:47.80400,1931.000,1
06:45:48.04600,1931.250,4
06:45:50.14800,1931.250,5
06:45:51.18700,1931.000,2
06:45:53.49200,1931.250,2
06:45:55.87500,1931.250,5
06:45:56.19900,1931.250,1
06:45:58.93300,1931.000,1
06:46:03.51100,1931.250,2
06:46:06.44500,1931.250,1
06:46:07.48400,1931.000,1
06:46:07.71800,1931.000,29
06:46:08.16400,1931.000,15
06:46:12.61300,1931.000,16
06:46:14.10100,1931.250,1
06:46:16.47200,1931.000,2
06:46:17.41400,1931.000,2
06:46:18.32000,1931.000,1
06:46:21.91400,1931.250,4
06:46:25.67100,1931.000,10
06:46:26.88200,1931.000,1
06:46:27.50300,1931.000,15
06:46:29.56200,1931.000,1
06:46:30.33900,1931.000,1
06:46:30.85500,1931.000,1
06:46:35.28100,1931.000,23
06:46:36.02700,1930.750,1
06:46:39.32800,1931.000,1
06:46:39.55800,1931.000,72
06:46:45.72200,1930.750,46
06:46:48.45300,1930.500,5
06:46:49.26100,1930.500,5
06:46:51.62100,1930.750,2
06:46:54.75000,1930.750,1
06:46:55.25300,1930.750,1
06:46:59.41000,1930.750,5
06:47:04.78100,1930.750,15
06:47:09.51900,1930.750,50
06:47:15.00700,1931.000,2
06:47:31.24200,1930.750,1
06:47:35.53500,1930.750,2
06:47:36.13200,1930.750,9
06:47:46.55400,1931.000,33
06:47:46.83900,1931.000,1
06:47:50.14000,1931.000,26
06:47:51.92900,1931.000,1
06:47:52.03500,1931.000,7
06:47:52.53900,1931.000,112
06:47:55.26100,1931.000,1
06:47:58.71000,1931.250,29
06:47:59.27300,1931.250,18
06:48:03.49200,1931.250,39
06:48:04.14000,1931.250,1
06:48:04.91400,1931.250,1
06:48:06.32800,1931.000,42
06:48:07.47200,1931.000,24
06:48:09.24600,1931.000,6
06:48:09.51100,1931.000,5
06:48:10.43700,1931.000,8
06:48:17.74600,1931.250,4
06:48:19.63200,1931.250,3
06:48:33.44500,1931.250,1
06:48:38.07800,1931.000,1
06:48:40.65200,1931.000,170
06:48:42.58500,1931.000,10
06:48:48.11700,1931.000,1
06:48:48.84300,1931.000,18
06:48:49.03500,1931.000,1
06:48:50.33900,1931.000,346
06:48:52.63600,1931.000,22
06:48:53.62500,1931.000,5
06:48:54.34700,1931.000,19
06:48:54.94500,1930.750,2
06:49:07.81200,1930.750,2
06:49:08.51900,1930.750,3
06:49:09.58500,1930.750,1
06:49:18.45700,1931.000,2
06:49:28.49200,1931.000,68
06:49:40.78900,1931.000,33
06:49:42.86700,1931.000,8
06:49:44.31600,1931.000,6
06:49:44.79200,1931.000,2
06:49:47.57800,1931.250,46
06:49:50.70300,1931.500,1
06:49:52.78100,1931.250,27
06:49:53.46800,1931.250,14
06:49:57.36300,1931.250,1
06:49:57.68300,1931.250,10
06:50:01.03900,1931.250,10
06:50:05.33900,1931.000,2
06:50:06.58900,1930.750,252
06:50:07.23000,1930.750,37
06:50:10.39000,1930.750,1
06:50:14.96000,1930.750,4
06:50:15.26500,1930.750,1
06:50:16.16700,1930.750,4
06:50:16.57400,1930.750,1
06:50:18.17100,1930.750,59
06:50:19.08900,1930.750,9
06:50:20.15200,1930.500,1
06:50:22.49600,1930.750,9
06:50:23.06600,1931.000,3
06:50:30.67900,1930.500,45
06:50:30.79600,1930.500,1
06:50:32.46800,1930.500,5
06:50:33.71400,1930.500,1
06:50:41.26100,1930.500,32
06:50:42.76900,1930.500,3
06:50:44.78100,1930.250,55
06:50:45.23000,1930.250,24
06:50:45.51900,1930.250,19
06:50:46.12800,1930.500,1
06:50:46.28500,1930.500,1
06:50:48.00000,1930.250,1
06:50:49.39800,1930.250,1
06:50:50.08900,1930.250,12
06:50:51.22600,1930.250,20
06:50:56.65200,1930.250,2
06:51:03.23000,1930.250,7
06:51:03.96000,1930.500,20
06:51:04.23800,1930.500,1
06:51:05.44900,1930.500,4
06:51:08.22200,1930.500,1
06:51:09.19500,1930.250,1
06:51:10.74600,1930.250,1
06:51:11.44900,1930.250,3
06:51:12.49200,1930.500,4
06:51:16.14000,1930.500,1
06:51:16.65200,1930.250,29
06:51:18.27700,1930.250,1
06:51:18.67900,1930.250,8
06:51:18.83200,1930.250,15
06:51:19.06200,1930.250,15
06:51:20.16400,1930.250,1
06:51:21.34700,1930.250,14
06:51:25.95300,1930.250,10
06:51:26.17100,1930.250,1
06:51:33.19500,1930.250,5
06:51:34.42100,1930.250,26
06:51:36.51500,1930.250,4
06:51:37.19900,1930.250,1
06:51:43.16700,1930.500,27
06:51:46.57400,1930.500,1
06:51:53.00000,1930.500,10
06:51:55.01900,1930.250,1
06:51:55.48800,1930.250,5
06:51:57.41400,1930.500,3
06:52:11.95700,1930.500,10
06:52:12.89800,1930.500,42
06:52:15.84300,1930.250,7
06:52:16.01900,1930.250,18
06:52:21.81200,1930.250,24
06:52:22.06200,1930.250,1
06:52:24.41000,1930.250,1
06:52:25.85900,1930.250,13
06:52:26.46000,1930.000,10
06:52:26.53900,1930.000,3
06:52:27.90200,1930.250,3
06:52:32.35100,1930.250,1
06:52:33.91700,1930.000,1
06:52:34.17900,1930.250,2
06:52:36.12800,1930.250,3
06:52:42.40600,1930.250,10
06:52:47.11300,1930.250,10
06:52:48.19500,1930.250,2
06:52:49.19500,1930.000,1
06:52:49.64400,1930.000,3
06:52:54.07400,1930.000,2
06:52:54.29600,1930.000,2
06:52:54.68300,1930.000,103
06:53:00.34700,1929.500,98
06:53:00.42500,1929.750,1
06:53:00.66000,1929.500,1
06:53:01.85900,1929.500,1
06:53:02.64400,1929.500,1
06:53:03.80000,1929.500,118
06:53:04.29200,1929.500,2
06:53:04.38200,1929.500,6
06:53:04.48400,1929.500,1
06:53:04.66000,1929.500,1
06:53:05.69100,1929.500,1
06:53:06.13200,1929.750,42
06:53:06.22200,1929.750,1
06:53:07.60900,1929.750,1
06:53:08.44100,1929.750,12
06:53:09.40600,1929.750,17
06:53:10.12800,1929.750,1
06:53:15.45300,1929.750,1
06:53:15.96400,1929.750,1
06:53:19.41000,1929.750,2
06:53:20.48000,1929.750,1
06:53:20.65600,1929.750,4
06:53:23.71000,1929.500,26
06:53:26.47600,1929.500,4
06:53:27.13600,1929.500,1
06:53:28.21800,1929.500,2
06:53:28.59300,1929.500,2
06:53:37.33500,1929.750,41
06:53:39.38600,1929.750,1
06:53:39.83500,1929.750,19
06:53:40.84300,1929.750,25
06:53:43.62800,1930.000,5
06:53:48.13200,1929.750,8
06:53:49.05800,1929.750,7
06:53:55.72200,1930.000,39
06:53:56.49200,1929.750,2
06:54:13.42100,1929.750,74
06:54:16.80400,1929.750,5
06:54:19.04600,1929.500,1
06:54:20.05800,1929.500,1
06:54:22.94500,1929.500,40
06:54:26.32000,1929.500,1
06:54:28.39400,1929.750,10
06:54:30.94500,1929.500,1
06:54:40.16000,1929.500,1
06:54:44.74600,1929.500,3
06:54:46.83900,1929.500,18
06:54:47.39800,1929.500,1
06:54:47.78900,1929.500,51
06:54:47.80400,1929.250,26
06:54:50.53100,1929.250,1
06:54:52.73400,1929.500,47
06:54:54.54200,1929.500,20
06:54:55.39000,1929.250,20
06:54:56.78500,1929.500,5
06:54:57.15200,1929.500,9
06:54:58.07400,1929.500,1
06:54:59.63200,1929.500,2
06:55:03.50700,1929.500,30
06:55:04.58900,1929.500,13
06:55:04.89800,1929.500,15
06:55:05.82400,1929.500,7
06:55:06.04600,1929.500,1
06:55:08.32400,1929.500,3
06:55:08.48400,1929.500,8
06:55:09.71400,1929.500,1
06:55:11.40200,1929.500,1
06:55:13.03100,1929.250,1
06:55:13.28100,1929.500,1
06:55:19.80800,1929.250,1
06:55:20.42900,1929.250,25
06:55:21.78500,1929.250,1
06:55:22.35900,1929.250,42
06:55:22.51100,1929.250,2
06:55:22.60500,1929.250,1
06:55:23.28900,1929.250,3
06:55:24.03500,1929.250,1
06:55:24.25300,1929.500,1
06:55:25.25000,1929.500,1
06:55:26.33200,1929.500,1
06:55:29.07400,1929.500,1
06:55:31.83500,1929.500,1
06:55:31.92500,1929.250,3
06:55:34.60100,1929.250,1
06:55:34.90600,1929.500,45
06:55:35.34700,1929.500,6
06:55:38.30000,1929.500,28
06:55:38.64400,1929.250,1
06:55:39.35900,1929.500,11
06:55:39.37800,1929.500,5
06:55:42.53500,1929.500,11
06:55:44.05800,1929.250,2
06:55:48.84300,1929.500,5
06:55:51.20700,1929.500,3
06:55:51.50700,1929.500,17
06:55:52.06200,1929.500,4
06:55:53.40200,1929.500,1
06:55:54.57800,1929.500,2
06:55:58.30400,1929.500,1
06:55:59.27300,1929.500,1
06:56:03.11700,1929.750,5
06:56:03.18300,1929.750,1
06:56:03.76100,1929.750,97
06:56:03.87500,1929.750,4
06:56:04.71000,1929.750,27
06:56:08.07000,1929.750,13
06:56:09.12500,1929.750,3
06:56:10.12800,1929.750,5
06:56:11.92900,1929.750,7
06:56:12.39000,1929.750,1
06:56:13.95700,1930.000,1
06:56:14.91000,1930.000,1
06:56:27.02700,1929.750,1
06:56:28.45700,1930.000,2
06:56:30.73000,1930.000,1
06:56:33.03500,1930.000,1
06:56:35.39000,1929.750,51
06:56:36.72200,1929.750,51
06:56:38.89400,1929.500,65
06:56:45.01900,1929.500,8
06:56:46.05400,1929.750,1
06:56:50.46800,1929.500,1
06:56:50.81200,1929.500,6
06:56:51.73800,1929.500,2
06:56:53.44900,1929.500,3
06:56:57.58900,1929.500,3
06:57:01.22200,1929.500,10
06:57:01.94500,1929.500,6
06:57:03.40600,1929.500,6
06:57:07.53900,1929.750,2
06:57:09.72200,1929.500,2
06:57:16.03900,1929.500,13
06:57:26.19100,1929.500,1
06:57:28.71000,1929.500,1
06:57:29.92500,1929.500,1
06:57:34.59300,1929.750,1
06:57:35.78500,1929.750,36
06:57:36.08200,1929.750,1
06:57:36.47200,1929.750,1
06:57:38.19500,1929.750,11
06:57:48.53900,1929.750,1
06:57:49.45700,1930.000,20
06:57:51.55800,1930.000,1
06:57:52.46800,1929.750,1
06:57:52.87100,1930.000,5
06:57:56.61300,1929.750,1
06:57:59.74600,1929.750,1
06:58:11.94500,1930.000,3
06:58:13.87100,1930.000,1
06:58:15.72600,1930.000,2
06:58:16.07400,1930.000,62
06:58:16.19500,1930.000,28
06:58:16.84700,1930.000,2
06:58:17.71400,1930.250,3
06:58:18.73800,1930.250,1
06:58:22.78500,1930.000,21
06:58:26.27300,1930.000,9
06:58:28.39800,1930.000,1
06:58:29.18700,1930.250,1
06:58:30.48000,1930.250,1
06:58:31.69100,1930.000,1
06:58:32.00300,1930.000,1
06:58:40.14800,1930.000,19
06:58:40.28500,1930.000,1
06:58:41.52700,1930.000,2
06:58:45.04200,1930.000,9
06:58:50.04600,1929.750,1
06:58:51.63600,1929.750,21
06:58:52.55400,1929.750,2
06:58:53.31600,1929.750,34
06:58:54.53100,1929.750,5
06:58:54.84300,1929.750,1
06:58:56.00700,1929.750,1
06:58:58.62100,1929.750,14
06:58:59.95300,1929.750,21
06:59:00.73800,1929.750,1
06:59:02.53100,1929.750,1
06:59:05.90600,1929.750,1
06:59:06.53100,1929.750,26
06:59:15.26900,1929.500,29
06:59:17.62500,1929.750,32
06:59:22.40600,1929.500,15
06:59:29.02300,1929.750,45
06:59:29.39000,1929.750,1
06:59:32.02300,1929.750,52
06:59:33.03900,1929.750,5
06:59:34.44500,1929.500,22
06:59:36.02300,1929.750,21
06:59:39.64800,1930.000,67
06:59:40.03900,1930.000,1
06:59:40.41000,1929.750,116
06:59:40.89400,1929.750,2
06:59:42.39000,1929.750,1
06:59:42.53500,1929.750,1
06:59:43.60900,1929.750,5
06:59:44.14000,1929.750,5
06:59:44.65200,1929.500,60
06:59:45.03900,1929.500,12
06:59:45.29600,1929.500,1
06:59:45.51100,1929.500,1
06:59:46.51900,1929.500,6
06:59:47.82800,1929.500,4
06:59:48.04200,1929.500,4
06:59:50.19900,1929.750,1
06:59:51.87800,1929.500,9
06:59:53.12100,1929.500,17
06:59:55.32800,1929.500,10
06:59:55.52300,1929.500,15
06:59:57.13600,1929.250,1
06:59:59.05800,1929.500,38
07:00:00.33200,1929.750,0
07:00:00.76100,1929.750,2
07:00:01.42900,1929.500,2
07:00:01.86700,1929.500,1
07:00:04.07000,1929.500,14
07:00:05.44100,1929.500,1
07:00:07.28900,1929.500,20
07:00:09.61700,1929.750,1
07:00:10.44900,1929.750,1
07:00:10.89000,1929.750,1
07:00:14.17500,1929.500,1
07:00:15.18300,1930.000,68
07:00:15.47200,1929.750,6
07:00:16.68700,1930.000,1
07:00:16.88600,1929.750,1
07:00:17.14800,1930.000,1
07:00:17.69900,1929.750,31
07:00:18.66000,1929.750,2
07:00:19.03100,1930.000,25
07:00:19.23800,1929.750,4
07:00:24.37100,1930.000,11
07:00:26.80000,1929.750,1
07:00:29.19500,1930.000,1
07:00:30.77300,1930.000,6
07:00:36.14800,1930.000,22
07:00:39.85900,1930.000,1
07:00:42.03500,1930.000,1
07:00:42.19900,1930.250,102
07:00:43.60100,1930.000,133
07:00:45.10100,1930.250,25
07:00:45.69100,1930.250,1
07:00:46.01100,1930.250,5
07:00:47.12100,1930.250,1
07:00:47.64400,1930.250,48
07:00:47.80800,1930.250,3
07:00:47.87100,1930.250,24
07:00:49.33500,1930.250,26
07:00:51.03100,1930.250,11
07:00:54.48000,1930.000,10
07:00:55.91400,1930.250,4
07:00:56.06600,1930.250,5
07:00:56.25300,1930.250,12
07:00:56.69100,1930.250,7
07:00:56.96400,1930.250,1
07:01:01.70300,1930.250,4
07:01:02.69500,1930.250,1
07:01:04.89000,1930.250,11
07:01:05.41700,1930.250,1
07:01:07.07800,1930.250,1
07:01:08.25700,1930.500,3
07:01:08.36700,1930.250,1
07:01:08.56600,1930.500,1
07:01:09.39000,1930.250,4
07:01:10.34300,1930.250,15
07:01:11.16000,1930.250,1
07:01:15.10100,1930.250,2
07:01:17.35500,1930.000,66
07:01:20.01100,1929.750,29
07:01:21.00000,1930.000,69
07:01:21.37800,1930.000,10
07:01:21.65600,1930.000,10
07:01:25.79200,1930.000,7
07:01:28.75000,1930.000,1
07:01:30.64800,1930.000,48
07:01:30.80400,1930.000,29
07:01:35.86700,1930.000,5
07:01:36.57400,1930.000,1
07:01:37.16000,1930.000,1
07:01:37.25000,1930.000,2
07:01:37.72200,1930.000,1
07:01:38.37100,1930.000,2
07:01:40.97200,1930.000,29
07:01:41.05000,1930.000,5
07:01:41.37100,1930.000,1
07:01:42.07800,1929.750,2
07:01:45.78500,1929.750,1
07:01:46.64800,1930.000,28
07:01:49.21400,1930.000,11
07:01:51.26900,1930.000,1
07:01:52.13600,1929.750,61
07:01:54.37800,1929.500,101
07:01:54.79200,1929.500,1
07:01:55.25300,1929.500,1
07:01:55.83500,1929.500,6
07:01:56.41400,1929.250,20
07:01:57.06200,1929.250,136
07:01:58.61700,1929.500,2
07:01:59.24200,1929.250,20
07:01:59.40600,1929.500,1
07:01:59.62800,1929.250,1
07:02:01.67100,1929.250,8
07:02:01.92100,1929.250,68
07:02:02.31600,1929.000,28
07:02:02.50700,1929.250,2
07:02:03.23400,1929.000,2
07:02:03.73400,1929.000,2
07:02:04.23800,1929.000,20
07:02:04.29600,1929.250,1
07:02:04.87800,1929.000,1
07:02:05.08200,1929.250,39
07:02:05.14800,1929.250,1
07:02:05.39800,1929.000,25
07:02:05.66700,1929.000,8
07:02:05.73800,1929.000,3
07:02:07.01100,1929.000,188
07:02:07.42900,1929.000,14
07:02:07.92500,1929.000,3
07:02:09.87500,1929.000,1
07:02:11.35900,1929.250,27
07:02:11.58900,1929.250,1
07:02:11.73400,1929.250,91
07:02:12.90600,1929.000,10
07:02:13.13200,1929.000,25
07:02:13.28900,1929.250,7
07:02:13.49200,1929.000,1
07:02:14.32000,1929.000,1
07:02:15.93300,1929.250,5
07:02:16.87800,1929.250,39
07:02:17.15600,1929.250,7
07:02:17.51500,1929.250,1
07:02:18.26500,1929.250,2
07:02:18.84300,1929.250,2
07:02:19.25300,1929.250,1
07:02:20.19900,1929.000,11
07:02:23.03500,1929.250,1
07:02:23.14800,1929.250,8
07:02:23.51100,1929.250,9
07:02:23.81200,1929.250,1
07:02:25.77300,1929.250,1
07:02:25.94900,1929.250,19
07:02:27.40600,1929.250,3
07:02:28.29600,1929.250,33
07:02:28.47200,1929.250,9
07:02:28.68700,1929.250,13
07:02:28.94100,1929.250,6
07:02:29.58500,1929.250,1
07:02:29.67100,1929.000,53
07:02:29.79200,1929.000,7
07:02:30.17500,1929.250,8
07:02:31.96000,1929.000,7
07:02:32.12100,1928.750,166
07:02:32.26900,1928.500,3
07:02:32.39000,1928.750,5
07:02:32.89400,1928.500,1
07:02:33.40600,1928.750,15
07:02:34.03100,1928.750,6
07:02:37.15600,1928.750,48
07:02:37.30400,1928.750,6
07:02:37.38200,1928.750,1
07:02:37.82400,1928.750,1
07:02:38.27300,1928.750,19
07:02:38.84300,1928.750,1
07:02:39.70300,1928.750,5
07:02:41.79200,1929.000,3
07:02:41.96000,1929.000,117
07:02:42.21800,1929.000,5
07:02:45.54200,1929.500,89
07:02:46.06600,1929.250,78
07:02:46.43300,1929.000,20
07:02:46.86300,1929.000,55
07:02:46.86300,1929.000,16
07:02:47.08900,1929.000,5
07:02:47.36700,1928.750,50
07:02:52.96000,1928.750,161
07:02:53.00300,1928.750,1
07:02:53.13200,1928.750,4
07:02:54.26900,1928.750,5
07:02:54.76100,1928.750,3
07:02:55.37800,1928.750,1
07:02:55.73800,1928.750,1
07:02:56.38200,1928.750,1
07:02:58.28100,1928.500,27
07:02:58.49200,1928.500,23
07:02:58.73800,1928.250,5
07:02:58.96800,1928.250,14
07:02:59.96000,1928.500,34
07:03:02.10900,1928.500,2
07:03:02.91700,1928.500,1
07:03:03.39400,1928.500,17
07:03:04.19900,1928.500,28
07:03:04.41700,1928.500,1
07:03:04.70300,1928.500,10
07:03:05.28900,1928.500,1
07:03:05.61300,1928.500,5
07:03:07.60500,1928.250,1
07:03:08.24600,1928.500,3
07:03:08.80800,1928.750,17
07:03:10.78100,1928.500,1
07:03:11.21000,1928.500,2
07:03:12.12500,1928.500,11
07:03:14.84700,1928.500,19
07:03:15.11300,1928.500,1
07:03:16.34300,1928.750,2
07:03:20.55800,1928.500,1
07:03:22.04200,1928.500,60
07:03:22.31200,1928.500,8
07:03:23.09300,1928.500,4
07:03:23.65600,1928.500,3
07:03:25.11700,1928.500,7
07:03:25.96000,1928.500,3
07:03:26.16000,1928.250,6
07:03:26.89400,1928.500,1
07:03:29.31200,1928.250,1
07:03:30.41700,1928.250,2
07:03:31.38200,1928.250,25
07:03:33.61700,1928.500,1
07:03:34.28900,1928.250,1
07:03:34.85500,1928.250,1
07:03:35.42900,1928.500,1
07:03:36.33200,1928.500,2
07:03:37.20700,1928.500,17
07:03:38.20700,1928.250,116
07:03:38.40600,1928.250,1
07:03:38.50000,1928.250,1
07:03:39.03500,1928.250,27
07:03:40.23400,1928.250,36
07:03:40.83200,1928.250,6
07:03:41.30400,1928.250,1
07:03:41.96400,1928.250,1
07:03:42.22200,1928.250,4
07:03:43.39800,1928.250,4
07:03:43.79200,1928.250,16
07:03:44.56200,1928.250,1
07:03:45.12100,1928.250,8
07:03:45.66400,1928.250,4
07:03:47.96800,1928.250,1
07:03:48.17100,1928.500,25
07:03:49.58500,1928.500,11
07:03:50.46400,1928.500,2
07:03:51.08900,1928.500,13
07:03:51.54600,1928.500,11
07:03:51.87100,1928.500,3
07:03:54.92500,1928.500,1
07:03:55.27700,1928.250,1
07:03:59.35900,1928.500,1
07:04:01.53100,1928.500,58
07:04:02.32000,1928.500,43
07:04:03.34700,1928.500,2
07:04:04.12100,1928.250,5
07:04:05.19500,1928.500,1
07:04:05.39400,1928.250,5
07:04:06.89400,1928.500,55
07:04:07.41000,1928.500,1
07:04:08.39800,1928.250,15
07:04:10.64400,1928.500,5
07:04:11.18700,1928.500,4
07:04:12.03100,1928.750,25
07:04:15.05000,1928.750,37
07:04:15.43700,1928.750,10
07:04:15.50700,1928.750,1
07:04:19.78500,1928.750,1
07:04:20.68700,1928.750,23
07:04:27.25000,1928.750,10
07:04:27.68300,1928.750,16
07:04:27.96400,1928.750,1
07:04:30.18700,1928.750,6
07:04:30.92100,1928.750,1
07:04:34.04200,1928.500,12
07:04:35.20700,1928.500,5
07:04:36.17900,1928.750,28
07:04:38.21400,1928.750,5
07:04:38.37800,1928.750,3
07:04:38.96800,1928.750,10
07:04:40.67900,1928.750,31
07:04:43.60500,1928.750,1
07:04:43.87800,1929.000,6
07:04:44.76500,1929.000,1
07:04:45.13600,1929.000,3
07:04:45.51100,1929.000,77
07:04:45.88200,1928.750,51
07:04:46.63600,1928.750,24
07:04:48.09300,1928.750,31
07:04:50.81600,1929.000,1
07:04:51.51100,1928.750,23
07:04:51.76900,1928.500,1
07:04:52.11700,1928.750,3
07:04:52.76100,1928.750,2
07:04:54.38200,1928.750,2
07:04:56.77700,1928.750,27
07:04:58.91400,1928.750,1
07:05:01.16000,1928.750,7
07:05:01.69100,1928.750,2
07:05:03.54200,1928.750,42
07:05:04.12500,1929.000,2
07:05:04.35500,1929.000,2
07:05:04.48400,1929.000,21
07:05:05.06200,1929.000,3
07:05:06.12500,1929.000,8
07:05:07.30400,1929.000,1
07:05:10.92900,1928.750,55
07:05:11.52300,1928.750,3
07:05:14.60100,1928.750,33
07:05:15.17500,1928.750,3
07:05:17.26500,1928.500,4
07:05:17.64400,1928.500,1
07:05:18.91700,1928.750,51
07:05:21.61300,1929.000,1
07:05:23.10100,1928.750,10
07:05:23.17500,1928.750,5
07:05:23.52300,1928.750,1
07:05:23.92500,1928.750,5
07:05:24.81600,1929.000,2
07:05:25.89400,1928.750,2
07:05:26.83200,1928.750,17
07:05:28.62100,1929.000,1
07:05:31.35900,1929.000,50
07:05:32.33200,1929.000,2
07:05:33.02700,1928.750,52
07:05:34.78900,1928.750,6
07:05:37.49600,1928.750,6
07:05:38.59700,1928.750,12
07:05:38.64000,1928.750,1
07:05:40.27300,1928.750,1
07:05:40.68300,1928.750,22
07:05:41.46400,1928.750,7
07:05:42.94900,1928.750,3
07:05:45.25000,1928.750,42
07:05:49.91400,1928.500,4
07:05:51.37800,1928.500,59
07:05:53.93300,1928.500,5
07:05:54.25300,1928.750,1
07:05:54.82800,1928.500,65
07:05:58.86300,1928.250,6
07:06:00.78500,1928.500,6
07:06:03.21800,1928.500,1
07:06:04.06600,1928.250,6
07:06:05.34700,1928.500,13
07:06:05.45300,1928.500,2
07:06:06.41400,1928.500,1
07:06:06.84700,1928.500,1
07:06:07.02300,1928.500,2
07:06:08.12500,1928.500,1
07:06:08.68300,1928.500,1
07:06:12.00300,1928.250,10
07:06:14.93700,1928.250,2
07:06:15.71800,1928.500,91
07:06:17.09300,1928.500,1
07:06:19.83200,1928.750,1
07:06:21.39000,1928.500,4
07:06:23.17900,1928.750,1
07:06:29.08900,1928.750,67
07:06:30.01900,1928.750,13
07:06:31.52700,1928.750,2
07:06:34.03500,1929.000,2
07:06:35.55400,1929.000,20
07:06:35.75700,1929.000,2
07:06:36.57400,1929.000,1
07:06:38.69900,1929.000,2
07:06:39.21000,1929.000,37
07:06:39.26100,1929.000,10
07:06:39.56600,1929.000,4
07:06:40.05000,1929.000,8
07:06:40.48800,1929.250,2
07:06:40.75700,1929.250,1
07:06:41.55400,1929.250,1
07:06:43.32000,1929.000,2
07:06:45.43300,1929.250,78
07:06:50.73400,1929.250,1
07:06:51.34300,1929.500,48
07:06:51.75000,1929.500,1
07:06:53.65200,1929.500,112
07:06:54.30000,1929.500,1
07:06:55.07400,1929.500,50
07:06:55.42900,1929.750,28
07:06:56.46400,1929.750,1
07:06:57.07000,1929.500,1
07:06:57.89400,1929.750,2
07:06:58.48000,1929.750,47
07:06:59.77300,1929.750,41
07:07:00.03500,1929.750,16
07:07:00.12500,1929.750,2
07:07:00.60100,1929.750,3
07:07:00.89800,1929.750,1
07:07:01.24200,1929.750,2
07:07:01.41400,1929.750,1
07:07:01.67100,1929.750,1
07:07:03.61700,1929.250,65
07:07:05.18300,1929.500,2
07:07:05.69500,1929.250,2
07:07:13.92500,1929.250,2
07:07:14.55400,1929.250,143
07:07:14.63600,1929.250,1
07:07:15.71400,1929.250,1
07:07:16.41700,1929.500,25
07:07:17.41000,1929.500,1
07:07:17.64800,1929.250,43
07:07:19.59300,1929.250,12
07:07:20.16700,1929.250,6
07:07:20.25700,1929.250,2
07:07:20.39000,1929.250,3
07:07:20.92500,1929.000,2
07:07:27.01100,1929.250,13
07:07:27.49600,1929.500,1
07:07:27.92100,1929.250,12
07:07:27.94100,1929.000,21
07:07:28.83500,1929.500,41
07:07:29.89000,1929.500,2
07:07:32.26100,1929.250,16
07:07:32.83900,1929.250,1
07:07:33.20300,1929.250,2
07:07:34.61300,1929.250,1
07:07:36.05800,1929.000,1
07:07:36.68300,1929.250,23
07:07:39.92100,1929.250,2
07:07:42.23400,1929.000,2
07:07:44.42500,1929.250,1
07:07:48.47200,1929.250,45
07:07:53.17900,1929.250,2
07:07:54.23000,1929.250,12
07:07:54.31600,1929.250,11
07:07:54.91400,1929.250,3
07:07:59.44100,1929.250,24
07:07:59.89000,1929.250,14
07:08:00.20300,1929.250,1
07:08:00.82400,1929.250,1
07:08:03.07400,1929.000,28
07:08:03.69900,1929.000,133
07:08:07.79200,1929.000,1
07:08:13.48000,1928.750,2
07:08:15.96400,1928.750,24
07:08:17.41400,1928.750,12
07:08:17.47200,1929.000,3
07:08:18.10100,1928.750,14
07:08:18.16700,1928.750,1
07:08:18.32400,1928.750,1
07:08:19.68700,1928.750,7
07:08:21.35500,1928.750,2
07:08:22.05800,1928.750,12
07:08:23.21400,1928.750,2
07:08:24.57400,1928.500,50
07:08:25.32400,1928.750,34
07:08:25.50700,1929.000,22
07:08:25.76900,1929.000,1
07:08:31.19500,1929.000,38
07:08:31.34300,1929.250,15
07:08:34.93700,1929.250,26
07:08:35.48400,1929.250,9
07:08:36.58900,1929.000,1
07:08:37.02300,1929.000,20
07:08:37.45700,1929.000,38
07:08:37.53500,1929.000,1
07:08:42.19900,1929.250,30
07:08:45.00700,1929.250,8
07:08:47.00700,1929.250,8
07:08:48.23400,1929.250,3
07:08:49.01100,1929.250,18
07:08:49.22600,1929.250,6
07:08:49.86700,1929.250,1
07:08:51.00700,1929.250,8
07:08:52.48000,1929.250,1
07:08:53.01100,1929.250,22
07:08:53.71000,1929.000,1
07:08:54.14800,1929.000,48
07:08:55.01100,1929.000,10
07:08:55.49200,1929.000,9
07:08:55.63200,1929.000,1
07:08:56.35500,1929.250,2
07:08:57.01100,1929.250,8
07:08:59.01100,1929.250,23
07:08:59.50300,1929.000,5
07:09:00.00000,1928.750,52
07:09:00.07800,1929.000,15
07:09:06.55800,1929.000,1
07:09:09.68700,1929.000,1
07:09:10.35900,1929.000,30
07:09:10.37500,1929.000,21
07:09:11.06200,1929.000,2
07:09:11.56200,1928.750,1
07:09:16.79600,1929.000,15
07:09:18.67100,1929.000,1
07:09:21.86700,1928.750,5
07:09:22.29600,1929.000,1
07:09:23.64800,1929.000,4
07:09:24.07000,1929.000,11
07:09:25.31600,1928.750,2
07:09:31.10100,1928.750,5
07:09:36.45700,1929.000,1
07:09:36.94900,1929.000,19
07:09:37.80400,1929.250,30
07:09:43.05000,1929.250,1
07:09:45.17900,1929.250,1
07:09:48.25700,1929.500,10
07:09:50.26900,1929.500,40
07:09:50.52300,1929.500,4
07:09:51.88200,1929.750,24
07:09:55.77700,1929.750,27
07:09:55.86700,1929.750,1
07:09:57.08900,1930.000,8
07:09:57.51500,1930.000,1
07:09:57.66700,1929.750,1
07:09:58.37800,1930.000,5
07:09:59.81200,1930.000,2
07:09:59.86700,1930.000,7
07:10:00.31200,1930.000,6
07:10:01.48400,1929.750,73
07:10:01.91400,1929.750,7
07:10:02.39400,1929.750,1
07:10:02.94500,1930.000,2
07:10:03.74200,1929.750,9
07:10:04.13200,1929.750,3
07:10:06.73800,1929.750,20
07:10:07.21400,1929.500,10
07:10:07.56600,1929.750,3
07:10:09.02300,1929.750,20
07:10:09.14800,1929.750,28
07:10:09.26100,1929.750,7
07:10:10.14800,1929.500,15
07:10:10.36300,1929.750,9
07:10:11.54200,1929.750,2
07:10:11.66400,1929.750,1
07:10:13.61700,1929.750,1
07:10:14.52700,1929.750,1
07:10:14.91000,1929.750,1
07:10:15.16400,1929.750,1
07:10:15.52700,1930.000,1
07:10:15.72600,1930.000,1
07:10:16.06600,1929.750,1
07:10:16.46800,1929.750,7
07:10:17.61700,1930.000,1
07:10:18.07400,1929.750,1
07:10:18.67100,1929.750,1
07:10:18.94900,1929.750,8
07:10:19.35100,1929.750,5
07:10:19.60900,1929.750,6
07:10:20.23800,1929.750,1
07:10:22.18700,1930.000,61
07:10:24.62500,1930.000,53
07:10:24.93700,1929.750,20
07:10:26.73000,1930.000,27
07:10:27.64000,1930.250,23
07:10:27.90600,1930.000,5
07:10:29.29200,1930.000,2
07:10:29.83900,1930.000,1
07:10:30.29600,1930.000,16
07:10:31.31600,1930.000,12
07:10:31.86300,1930.000,4
07:10:31.96800,1930.000,3
07:10:33.02300,1930.250,53
07:10:33.05000,1930.250,91
07:10:34.58900,1930.250,286
07:10:34.71000,1930.250,1
07:10:34.89400,1930.250,1
07:10:35.17900,1930.250,3
07:10:35.53100,1930.250,1
07:10:35.75300,1930.250,1
07:10:35.84300,1930.250,1
07:10:36.71400,1930.000,1
07:10:37.87500,1930.250,43
07:10:38.32400,1930.000,14
07:10:40.72600,1930.000,19
07:10:41.09700,1930.000,1
07:10:43.86300,1930.250,2
07:10:44.42100,1930.250,2
07:10:44.58900,1930.250,1
07:10:47.14000,1930.000,38
07:10:51.30400,1930.250,1
07:10:53.23400,1930.000,5
07:10:54.67500,1930.000,1
07:10:55.08500,1930.250,10
07:11:00.94100,1930.000,5
07:11:01.75300,1930.000,15
07:11:02.08500,1930.000,4
07:11:02.36700,1930.000,1
07:11:08.02700,1930.000,1
07:11:11.14800,1930.250,2
07:11:13.71000,1930.250,1
07:11:16.03500,1930.000,1
07:11:16.82400,1930.000,2
07:11:16.93300,1930.000,2
07:11:17.17900,1930.250,1
07:11:24.76100,1930.250,7
07:11:28.53900,1930.000,1
07:11:37.61300,1930.250,1
07:11:39.66400,1930.000,1
07:11:40.17500,1930.250,1
07:11:40.81600,1930.250,30
07:11:41.82000,1930.250,14
07:11:42.73000,1929.750,277
07:11:42.89400,1929.750,7
07:11:43.04200,1930.250,374
07:11:43.16700,1930.000,20
07:11:43.34300,1930.250,6
07:11:44.39000,1930.250,20
07:11:45.10100,1930.000,5
07:11:45.60900,1930.250,6
07:11:48.04600,1930.000,16
07:11:50.51100,1930.000,1
07:11:50.70300,1930.000,1
07:11:51.09700,1929.750,140
07:11:53.26100,1930.000,271
07:11:53.35100,1929.750,12
07:11:55.25000,1930.000,4
07:11:56.38200,1930.000,13
07:11:57.61300,1930.000,118
07:12:05.14800,1930.000,2
07:12:05.53500,1930.250,1
07:12:05.82000,1930.250,1
07:12:06.35900,1930.250,5
07:12:07.66000,1930.250,1
07:12:09.41400,1930.000,1
07:12:11.05400,1930.000,4
07:12:12.78100,1930.250,28
07:12:13.44100,1930.000,130
07:12:15.46400,1930.000,3
07:12:18.56600,1930.000,3
07:12:21.28100,1929.750,86
07:12:21.57400,1929.750,3
07:12:22.02300,1929.750,28
07:12:22.23400,1930.000,1
07:12:23.32800,1929.750,1
07:12:24.36700,1929.750,1
07:12:24.94900,1929.750,2
07:12:26.63200,1930.000,1
07:12:39.37100,1930.000,1
07:12:39.84300,1929.750,22
07:12:41.33200,1929.750,1
07:12:43.28100,1929.750,7
07:12:48.91700,1929.750,35
07:12:50.12800,1930.000,1
07:12:50.24600,1929.750,4
07:12:51.80800,1929.750,1
07:12:53.65600,1929.750,3
07:12:54.27700,1929.750,9
07:12:54.55800,1929.750,18
07:12:55.82400,1930.000,309
07:12:55.93300,1929.750,1
07:12:56.11700,1929.750,3
07:12:56.33900,1929.750,3
07:12:56.62500,1929.750,1
07:12:57.56200,1929.750,1
07:13:02.40600,1930.000,27
07:13:04.56600,1930.000,7
07:13:05.42500,1930.000,1
07:13:06.88200,1930.250,10
07:13:07.86300,1930.000,1
07:13:08.57000,1930.000,4
07:13:15.67500,1930.000,15
07:13:16.43700,1930.000,9
07:13:17.43300,1930.000,8
07:13:18.51900,1930.000,1
07:13:30.26500,1929.750,36
07:13:30.47200,1930.000,1
07:13:34.07800,1930.000,3
07:13:38.48800,1930.000,1
07:13:39.54600,1930.000,10
07:13:51.53500,1930.000,1
07:13:52.15200,1930.000,27
07:13:53.54200,1930.000,11
07:13:55.20700,1929.750,8
07:13:59.63600,1929.750,1
07:14:04.64000,1930.000,20
07:14:07.00000,1930.000,9
07:14:08.14400,1930.000,3
07:14:12.77300,1930.000,13
07:14:12.90200,1930.000,3
07:14:16.01500,1930.000,1
07:14:16.42500,1930.000,6
07:14:17.82400,1930.250,5
07:14:19.07400,1930.000,1
07:14:19.66700,1930.000,4
07:14:20.17100,1930.250,1
07:14:24.60900,1930.000,3
07:14:24.77700,1930.000,12
07:14:30.05000,1930.250,6
07:14:33.73000,1930.250,149
07:14:34.92500,1930.250,7
07:14:35.72600,1930.250,3
07:14:36.66400,1930.000,2
07:14:36.77300,1930.000,25
07:14:43.51100,1930.250,2
07:14:49.92900,1930.250,1
07:14:52.51500,1930.000,27
07:14:53.90600,1930.000,1
07:15:07.09700,1930.000,25
07:15:10.31200,1929.750,25
07:15:21.50000,1929.750,55
07:15:22.11700,1929.750,8
07:15:23.74200,1930.000,10
07:15:24.18700,1929.750,9
07:15:26.92900,1930.000,71
07:15:27.72200,1930.000,7
07:15:28.36300,1930.000,3
07:15:30.43700,1930.250,2
07:15:30.66000,1930.250,26
07:15:32.41700,1930.250,1
07:15:33.91400,1930.250,57
07:15:35.25300,1930.250,27
07:15:39.12500,1930.250,1
07:15:39.64000,1930.000,38
07:15:39.89400,1930.000,1
07:15:41.54600,1930.000,1
07:15:43.94500,1930.250,1
07:15:45.88200,1930.250,10
07:15:57.39400,1930.000,5
07:16:01.84300,1930.000,7
07:16:02.64400,1930.250,5
07:16:05.19100,1930.000,29
07:16:05.74600,1929.750,5
07:16:05.90600,1930.000,7
07:16:08.87500,1930.000,9
07:16:10.82800,1930.000,1
07:16:17.83900,1930.000,4
07:16:20.45300,1929.750,1
07:16:23.32000,1929.750,30
07:16:27.36300,1929.750,20
07:16:28.09700,1929.750,1
07:16:30.43700,1929.750,1
07:16:31.42500,1929.750,6
07:16:33.12800,1929.750,11
07:16:34.27700,1929.750,1
07:16:36.04600,1929.750,5
07:16:41.72200,1929.750,5
07:16:43.91400,1929.750,26
07:16:54.26100,1929.750,3
07:17:02.75300,1929.750,2
07:17:03.89800,1929.750,10
07:17:09.83500,1929.750,27
07:17:10.19100,1929.500,1
07:17:14.40600,1929.750,6
07:17:17.09700,1929.500,1
07:17:21.17100,1929.500,1
07:17:21.25000,1929.500,40
07:17:21.76900,1929.500,1
07:17:22.94100,1929.500,3
07:17:23.50000,1929.500,12
07:17:25.82400,1929.500,1
07:17:32.89800,1929.250,68
07:17:33.89400,1929.250,50
07:17:35.08900,1929.250,1
07:17:35.32000,1929.250,2
07:17:36.12800,1929.250,1
07:17:42.53100,1929.500,28
07:17:44.87800,1929.500,34
07:17:49.74600,1929.750,1
07:17:52.21800,1929.750,1
07:17:52.66000,1929.750,1
07:17:53.89000,1929.750,2
07:17:54.37100,1929.750,51
07:17:54.70300,1929.750,1
07:17:59.30800,1929.750,17
07:17:59.60900,1929.750,1
07:18:01.87100,1929.750,4
07:18:05.05000,1929.750,1
07:18:06.83200,1929.750,1
07:18:08.07800,1930.000,74
07:18:11.14800,1930.250,23
07:18:11.73000,1930.000,97
07:18:15.32800,1930.250,1
07:18:17.65200,1930.000,11
07:18:20.33200,1930.000,11
07:18:21.94900,1930.000,1
07:18:25.88600,1929.750,26
07:18:25.96000,1930.000,48
07:18:40.09700,1930.000,54
07:18:49.85900,1930.000,33
07:18:53.74200,1930.000,59
07:18:54.32800,1930.000,6
07:18:55.16700,1930.000,5
07:18:57.05400,1930.000,8
07:18:59.96800,1929.750,23
07:18:59.97200,1929.750,30
07:19:08.29600,1930.000,9
07:19:08.68700,1930.000,12
07:19:09.00700,1930.000,5
07:19:09.72600,1930.000,8
07:19:10.88600,1930.000,4
07:19:12.23800,1929.750,29
07:19:16.51900,1929.750,1
07:19:16.64800,1930.000,1
07:19:18.72200,1930.000,2
07:19:22.92900,1929.750,1
07:19:37.76100,1929.750,2
07:19:43.96000,1929.750,2
07:19:46.18300,1929.750,2
07:19:47.80800,1929.750,3
07:19:49.59700,1929.750,27
07:19:49.85900,1929.750,7
07:19:50.89800,1929.750,1
07:19:53.19500,1929.750,1
07:19:53.52700,1929.750,20
07:19:57.52700,1929.750,20
07:19:57.96400,1929.750,1
07:19:58.25300,1930.000,1
07:19:58.42500,1929.750,6
07:19:58.89800,1929.750,4
07:20:00.80800,1930.000,6
07:20:06.46800,1929.750,9
07:20:09.33900,1929.750,9
07:20:10.10900,1930.000,2
07:20:11.78900,1929.750,6
07:20:13.23400,1929.750,1
07:20:14.16400,1929.500,5
07:20:14.93700,1929.500,1
07:20:15.46000,1929.500,5
07:20:18.47200,1929.500,4
07:20:20.37500,1929.500,1
07:20:21.67500,1929.750,143
07:20:22.50300,1929.750,4
07:20:25.67500,1929.500,21
07:20:28.20700,1929.500,6
07:20:28.30400,1929.750,4
07:20:30.81600,1929.750,1
07:20:33.08900,1929.500,126
07:20:38.12100,1929.500,1
07:20:38.34700,1929.500,19
07:20:40.17900,1929.500,23
07:20:40.73400,1929.750,33
07:20:45.14000,1930.000,65
07:20:45.23000,1930.000,3
07:20:45.48000,1930.250,3
07:20:45.82800,1930.000,1
07:20:47.04600,1930.000,1
07:20:52.14800,1930.000,2
07:20:52.35500,1930.000,58
07:20:53.48800,1930.000,1
07:20:59.10100,1929.750,41
07:20:59.75700,1929.750,16
07:21:11.70700,1929.750,2
07:21:12.08900,1930.000,16
07:21:15.85100,1930.000,1
07:21:16.54200,1930.000,1
07:21:16.85900,1930.000,1
07:21:20.84300,1930.500,538
07:21:27.16700,1930.500,2
07:21:27.66700,1930.250,49
07:21:28.46000,1930.250,23
07:21:29.00000,1930.250,2
07:21:29.48400,1930.250,7
07:21:33.22600,1930.250,6
07:21:34.03900,1930.250,4
07:21:37.51500,1930.250,2
07:21:45.31600,1930.500,10
07:21:47.25000,1930.250,1
07:21:53.31200,1930.250,25
07:21:55.26100,1930.500,1
07:21:59.41700,1930.250,1
07:22:01.29200,1930.750,161
07:22:01.55400,1931.000,12
07:22:01.78100,1930.750,1
07:22:02.02300,1931.000,1
07:22:03.42500,1931.000,1
07:22:03.81600,1931.000,1
07:22:05.27300,1930.750,2
07:22:05.47200,1930.750,5
07:22:06.91700,1931.000,2
07:22:08.06600,1931.000,1
07:22:08.85100,1931.000,44
07:22:08.95700,1931.000,1
07:22:10.23000,1931.000,59
07:22:10.64800,1931.000,3
07:22:12.29600,1931.000,2
07:22:12.60100,1931.000,28
07:22:12.91400,1931.250,18
07:22:13.24200,1931.000,1
07:22:16.52300,1931.250,2
07:22:17.62500,1931.250,1
07:22:17.85500,1931.000,1
07:22:20.23800,1931.250,2
07:22:20.51900,1931.250,2
07:22:22.24200,1931.000,11
07:22:22.49200,1931.250,1
07:22:23.21000,1931.000,1
07:22:25.11300,1931.000,1
07:22:26.59300,1931.000,1
07:22:27.80800,1931.000,1
07:22:29.05400,1931.250,2
07:22:33.62500,1931.250,85
07:22:33.85500,1931.250,13
07:22:34.48400,1931.500,9
07:22:34.58200,1931.500,1
07:22:34.69500,1931.500,1
07:22:34.91000,1931.500,1
07:22:35.46800,1931.500,1
07:22:35.90200,1931.500,1
07:22:36.24600,1931.500,1
07:22:36.41700,1931.500,1
07:22:36.78500,1931.250,1
07:22:37.08200,1931.500,41
07:22:38.08900,1931.250,6
07:22:38.76500,1931.250,15
07:22:39.82800,1931.250,1
07:22:40.53500,1931.250,1
07:22:40.70700,1931.000,1
07:22:41.01900,1931.250,2
07:22:41.57800,1931.250,16
07:22:42.01900,1931.250,7
07:22:42.15200,1931.500,1
07:22:42.59300,1931.500,1
07:22:44.12800,1931.250,4
07:22:45.89000,1931.500,17
07:22:46.50700,1931.500,76
07:22:46.73400,1931.500,2
07:22:47.09300,1931.250,1
07:22:47.78100,1931.250,1
07:22:48.21800,1931.500,1
07:22:49.83500,1931.250,2
07:22:50.67500,1931.500,10
07:22:51.80000,1931.250,32
07:22:52.41400,1931.250,1
07:22:52.79200,1931.000,2
07:22:54.64400,1931.000,3
07:22:57.50300,1931.250,2
07:22:58.90600,1931.000,30
07:22:59.78100,1930.750,1
07:23:04.61300,1931.000,12
07:23:07.14400,1931.000,26
07:23:07.39000,1930.750,1
07:23:07.60500,1931.000,1
07:23:07.96000,1931.000,2
07:23:08.44500,1930.750,108
07:23:08.64000,1930.750,36
07:23:08.72600,1930.750,8
07:23:09.13200,1930.750,1
07:23:09.55800,1930.750,3
07:23:10.00300,1930.750,5
07:23:10.09700,1930.750,1
07:23:11.00300,1930.750,2
07:23:12.29200,1930.750,4
07:23:16.10900,1930.500,11
07:23:17.65200,1930.750,2
07:23:19.78900,1930.500,1
07:23:19.95300,1930.750,9
07:23:20.39000,1930.750,5
07:23:22.85900,1930.500,1
07:23:25.37500,1930.750,27
07:23:25.94500,1930.750,4
07:23:27.03500,1930.750,9
07:23:30.42500,1930.500,1
07:23:32.83900,1930.500,25
07:23:32.93700,1930.750,25
07:23:39.28100,1931.000,7
07:23:40.08900,1930.750,1
07:23:40.91700,1930.750,8
07:23:45.87100,1930.750,1
07:23:48.33900,1930.750,5
07:23:49.16000,1930.750,5
07:23:49.71400,1930.750,5
07:23:51.33200,1930.750,35
07:23:51.63200,1930.750,1
07:23:53.67100,1930.750,1
07:23:55.03500,1930.750,1
07:23:55.82000,1930.750,4
07:23:58.46400,1930.750,8
07:23:58.56600,1930.750,1
07:23:59.08200,1930.750,2
07:23:59.28500,1930.750,5
07:23:59.96000,1930.750,5
07:24:01.89400,1930.750,15
07:24:02.35100,1930.750,19
07:24:02.83200,1930.750,1
07:24:06.48000,1931.000,1
07:24:09.71000,1930.750,10
07:24:12.05400,1930.750,1
07:24:14.89800,1930.750,10
07:24:26.52700,1930.750,1
07:24:27.68300,1930.750,31
07:24:28.00700,1930.750,12
07:24:32.13200,1930.750,1
07:24:34.89400,1930.750,1
07:24:37.10900,1930.750,21
07:24:38.48400,1930.750,16
07:24:49.84700,1930.750,4
07:24:55.05400,1930.750,24
07:24:58.21000,1930.750,20
07:25:00.43300,1930.750,7
07:25:00.82400,1930.750,1
07:25:21.65200,1930.750,1
07:25:27.68700,1930.750,27
07:25:29.22200,1930.750,11
07:25:29.51500,1930.750,8
07:25:30.25300,1930.750,5
07:25:30.86300,1930.750,16
07:25:34.16000,1930.750,24
07:25:34.51100,1930.750,6
07:25:35.22600,1930.750,5
07:25:44.85900,1930.750,2
07:25:45.05000,1930.500,5
07:25:46.82800,1930.750,17
07:25:47.91400,1930.500,2
07:25:48.28100,1930.750,4
07:25:50.04600,1930.750,3
07:25:52.26100,1930.500,5
07:25:53.93300,1930.750,1
07:25:54.38600,1930.750,10
07:25:54.66700,1930.500,2
07:25:56.63200,1930.500,70
07:25:57.95700,1930.500,1
07:26:02.44100,1930.500,19
07:26:04.11700,1930.500,3
07:26:05.52300,1930.500,1
07:26:05.88200,1930.250,3
07:26:07.58200,1930.250,1
07:26:11.51900,1930.500,14
07:26:12.92500,1930.500,14
07:26:14.33900,1930.500,10
07:26:16.03900,1930.500,15
07:26:19.24200,1930.500,21
07:26:20.01900,1930.250,1
07:26:20.24600,1930.500,4
07:26:33.24200,1930.500,4
07:26:36.25700,1930.250,1
07:26:41.10100,1930.500,2
07:26:43.33200,1930.250,2
07:26:45.48400,1930.250,96
07:26:47.57400,1930.250,1
07:26:47.81200,1930.000,1
07:26:48.66400,1930.250,7
07:26:51.85500,1930.250,1
07:26:54.30400,1930.250,2
07:26:55.14000,1930.250,3
07:26:55.70300,1930.250,1
07:26:59.62100,1930.000,165
07:26:59.87100,1930.000,4
07:27:00.64800,1930.000,12
07:27:02.60500,1929.750,3
07:27:03.93300,1930.000,1
07:27:04.42500,1929.750,1
07:27:05.09300,1930.000,1
07:27:08.70700,1929.750,2
07:27:09.50000,1930.000,6
07:27:10.73400,1930.000,36
07:27:11.09300,1930.000,4
07:27:11.35500,1930.000,11
07:27:11.69100,1930.000,9
07:27:13.05800,1929.750,1
07:27:16.17100,1930.000,15
07:27:16.89800,1929.750,1
07:27:19.85500,1929.750,1
07:27:23.40200,1930.000,94
07:27:25.70300,1930.000,20
07:27:26.37500,1930.000,9
07:27:27.53500,1930.000,11
07:27:29.85900,1930.000,5
07:27:30.31200,1930.000,1
07:27:38.60500,1930.000,3
07:27:42.58500,1930.000,1
07:27:43.91000,1929.750,1
07:27:45.70700,1929.750,69
07:27:48.85100,1929.750,31
07:27:50.10100,1929.750,11
07:27:50.32800,1929.750,12
07:27:51.15200,1929.750,1
07:27:52.47600,1929.500,10
07:27:56.66400,1929.500,2
07:27:57.76500,1929.750,1
07:28:09.35900,1929.750,60
07:28:10.56200,1929.750,12
07:28:12.89800,1929.500,20
07:28:14.42500,1929.500,39
07:28:18.31200,1929.250,71
07:28:19.10100,1929.000,6
07:28:19.21400,1929.000,8
07:28:24.01500,1929.000,76
07:28:24.23400,1929.000,5
07:28:25.65600,1929.250,1
07:28:25.78900,1929.250,12
07:28:27.10100,1929.250,101
07:28:28.38200,1929.250,12
07:28:29.24600,1929.250,1
07:28:30.14000,1929.250,3
07:28:31.02300,1929.250,1
07:28:35.16400,1929.250,1
07:28:38.81200,1929.500,58
07:28:41.25300,1929.500,15
07:28:41.54200,1929.500,5
07:28:42.25000,1929.500,5
07:28:42.56600,1929.500,5
07:28:43.41400,1929.250,102
07:28:44.80400,1929.250,13
07:28:45.03900,1929.250,3
07:28:46.12800,1929.000,8
07:28:48.00700,1929.250,66
07:28:49.00300,1929.250,13
07:28:49.31600,1929.250,15
07:28:49.96800,1929.250,2
07:28:51.00000,1929.250,1
07:28:53.78500,1929.500,127
07:28:54.47200,1929.750,1
07:28:55.71800,1929.500,11
07:29:03.11700,1929.500,8
07:29:06.02700,1929.250,1
07:29:08.71800,1929.250,1
07:29:10.24600,1929.500,1
07:29:11.19500,1929.250,3
07:29:11.90600,1929.250,1
07:29:12.38600,1929.500,1
07:29:15.23400,1929.250,55
07:29:16.62800,1929.250,5
07:29:20.53500,1929.000,74
07:29:21.19100,1929.000,1
07:29:21.29600,1929.000,13
07:29:23.74200,1929.000,1
07:29:26.31200,1929.000,1
07:29:28.36700,1929.000,1
07:29:28.74200,1929.000,1
07:29:31.07800,1928.750,6
07:29:31.24600,1928.750,1
07:29:33.72200,1928.750,22
07:29:35.05400,1928.750,58
07:29:35.15600,1928.500,47
07:29:36.24200,1928.500,1
07:29:37.23000,1928.750,1
07:29:37.76100,1928.500,1
07:29:38.18700,1928.500,2
07:29:38.92900,1928.750,38
07:29:39.28900,1928.750,53
07:29:39.92100,1928.750,4
07:29:40.40200,1928.750,11
07:29:41.18300,1928.500,1
07:29:42.13600,1928.500,1
07:29:43.48800,1928.500,1
07:29:43.70700,1928.500,7
07:29:44.30800,1928.500,1
07:29:45.10900,1928.500,2
07:29:45.52300,1928.750,44
07:29:45.92100,1928.500,4
07:29:52.01900,1928.500,1
07:29:52.57000,1928.500,1
07:29:53.03100,1928.750,1
07:29:54.10500,1928.500,14
07:29:54.25700,1928.500,10
07:29:54.77700,1928.500,5
07:29:55.23400,1928.500,31
07:29:55.35900,1928.500,1
07:29:55.85500,1928.250,26
07:29:56.41700,1928.250,1
07:29:57.65200,1928.250,13
07:29:58.03500,1928.500,1
07:29:59.78500,1928.250,1
07:30:00.79200,1928.500,16
07:30:00.92900,1928.500,5
07:30:01.00300,1928.500,7
07:30:01.12100,1928.500,16
07:30:01.49600,1928.500,1
07:30:03.92100,1928.500,4
07:30:04.12100,1928.500,8
07:30:04.18700,1928.500,10
07:30:05.89800,1928.500,2
07:30:06.05800,1928.500,1
07:30:08.00300,1928.500,41
07:30:08.42900,1928.750,1
07:30:09.81600,1928.750,37
07:30:12.01900,1929.000,1
07:30:13.02300,1929.000,25
07:30:15.42900,1928.750,5
07:30:16.33200,1929.000,58
07:30:16.80000,1928.750,5
07:30:18.78100,1929.000,5
07:30:22.44900,1929.000,1
07:30:26.13200,1928.750,40
07:30:30.24200,1928.500,18
07:30:30.73800,1928.500,1
07:30:31.78100,1928.250,1
07:30:32.03900,1928.250,54
07:30:32.91400,1928.250,11
07:30:32.95300,1928.250,1
07:30:33.30800,1928.250,6
07:30:33.63600,1928.500,1
07:30:34.31200,1928.250,1
07:30:36.61700,1928.250,3
07:30:37.28900,1928.250,1
07:30:38.29200,1928.250,1
07:30:39.19500,1928.500,1
07:30:39.42500,1928.250,1
07:30:41.92900,1928.500,26
07:30:42.06600,1928.500,2
07:30:42.17900,1928.500,3
07:30:43.24600,1928.500,3
07:30:44.36300,1928.500,11
07:30:45.06200,1928.500,8
07:30:48.34300,1928.500,9
07:30:48.46000,1928.500,13
07:30:48.72200,1928.500,9
07:30:51.27300,1928.500,5
07:30:55.79600,1928.500,20
07:30:56.60900,1928.500,6
07:30:56.71000,1928.500,4
07:31:03.10900,1928.250,3
07:31:03.83200,1928.250,4
07:31:05.83200,1928.250,1
07:31:08.66700,1928.250,59
07:31:10.19100,1928.500,6
07:31:10.69100,1928.500,9
07:31:11.54600,1928.250,2
07:31:14.62800,1928.500,31
07:31:15.69500,1928.250,1
07:31:15.92500,1928.250,1
07:31:18.66700,1928.500,1
07:31:20.14800,1928.500,8
07:31:26.01500,1928.500,1
07:31:26.40600,1928.500,1
07:31:27.06200,1928.750,1
07:31:30.78100,1928.500,5
07:31:31.55000,1928.500,2
07:31:32.39800,1928.500,6
07:31:32.58900,1928.500,2
07:31:33.56200,1928.250,25
07:31:40.94100,1928.250,38
07:31:43.42500,1928.250,45
07:31:44.58500,1928.500,4
07:31:44.70700,1928.500,17
07:31:45.02700,1928.500,10
07:31:46.87500,1928.500,13
07:31:48.43300,1928.750,15
07:31:48.70300,1929.000,2
07:31:49.02300,1928.750,1
07:31:56.50000,1929.000,9
07:31:58.83200,1929.000,30
07:32:01.41000,1928.750,11
07:32:03.07400,1929.000,1
07:32:05.52300,1928.750,1
07:32:05.82800,1929.000,14
07:32:06.16700,1929.000,15
07:32:10.48400,1928.750,1
07:32:10.85100,1928.750,1
07:32:12.10500,1928.750,15
07:32:12.18700,1928.750,1
07:32:13.21400,1928.750,2
07:32:14.15200,1928.750,1
07:32:14.54200,1928.750,4
07:32:15.48000,1928.750,1
07:32:17.69500,1928.750,12
07:32:18.06200,1928.750,1
07:32:19.90600,1928.750,12
07:32:20.69500,1928.750,1
07:32:21.46400,1928.750,13
07:32:21.96400,1928.750,1
07:32:25.78900,1928.750,1
07:32:27.15600,1928.750,1
07:32:28.47600,1928.750,1
07:32:31.21000,1928.750,32
07:32:32.33200,1928.500,3
07:32:34.31600,1928.750,1
07:32:35.06600,1928.750,2
07:32:35.90200,1928.750,1
07:32:36.70700,1928.750,14
07:32:44.04600,1928.500,71
07:32:45.17100,1928.500,1
07:32:45.77700,1928.250,42
07:32:45.80400,1928.250,9
07:32:45.84700,1928.250,1
07:32:46.45300,1928.250,8
07:32:49.74200,1928.250,40
07:32:50.08500,1928.250,21
07:32:50.53100,1928.500,1
07:32:51.12100,1928.250,14
07:32:52.36700,1928.250,11
07:32:56.14800,1928.250,1
07:32:58.20300,1928.000,116
07:32:58.21800,1928.000,8
07:32:58.70700,1928.000,1
07:32:59.06200,1928.250,3
07:32:59.26500,1928.000,11
07:32:59.41700,1928.000,4
07:33:00.00300,1927.750,12
07:33:00.30400,1928.000,1
07:33:00.48800,1927.750,1
07:33:01.13200,1927.750,1
07:33:01.57800,1928.000,2
07:33:02.96800,1928.000,58
07:33:03.30400,1928.000,1
07:33:03.64800,1928.000,11
07:33:03.82400,1928.000,1
07:33:04.58500,1928.000,1
07:33:05.05000,1928.000,43
07:33:05.25700,1928.000,1
07:33:06.18300,1928.000,6
07:33:07.53100,1928.000,1
07:33:08.41000,1928.000,16
07:33:08.91400,1928.000,6
07:33:09.78900,1927.750,1
07:33:09.97200,1927.750,20
07:33:10.67500,1927.750,1
07:33:11.88200,1927.750,1
07:33:12.38200,1927.750,2
07:33:13.44900,1927.750,1
07:33:13.59700,1927.750,21
07:33:14.59700,1927.750,1
07:33:15.18700,1928.000,24
07:33:15.19100,1928.000,10
07:33:17.66000,1928.250,1
07:33:17.95300,1928.000,1
07:33:18.39000,1928.000,1
07:33:18.86700,1928.000,31
07:33:19.71400,1928.000,5
07:33:26.50300,1928.000,1
07:33:27.05800,1928.000,1
07:33:31.02300,1927.750,4
07:33:32.01500,1928.000,22
07:33:32.76500,1928.000,4
07:33:33.28900,1928.000,7
07:33:34.07000,1928.000,7
07:33:34.76100,1928.000,7
07:33:35.27700,1928.000,1
07:33:36.55000,1928.000,1
07:33:37.36300,1928.250,54
07:33:37.58200,1928.000,1
07:33:38.60900,1928.250,6
07:33:40.33500,1928.250,4
07:33:41.66400,1928.000,53
07:33:42.79600,1927.750,1
07:33:43.13600,1928.000,24
07:33:44.37800,1928.000,18
07:33:45.85900,1927.500,165
07:33:46.31200,1927.500,1
07:33:46.51100,1927.500,2
07:33:48.12500,1927.500,1
07:33:48.64800,1927.500,1
07:33:48.96800,1927.750,36
07:33:54.04600,1927.750,1
07:33:54.66700,1927.750,1
07:33:54.94900,1927.750,1
07:33:55.06200,1927.750,1
07:33:55.21400,1927.750,1
07:33:55.47200,1927.750,2
07:33:55.62500,1927.750,1
07:33:55.88600,1927.750,1
07:33:56.09300,1927.750,1
07:33:56.23000,1927.750,1
07:33:56.45700,1927.750,1
07:33:56.68700,1927.750,1
07:33:56.82000,1927.750,20
07:34:00.46400,1927.750,1
07:34:01.49200,1927.750,10
07:34:04.88600,1927.750,5
07:34:05.67500,1927.750,1
07:34:07.43300,1928.000,23
07:34:07.94500,1928.000,31
07:34:09.52700,1928.000,12
07:34:11.11700,1928.000,9
07:34:11.29200,1927.750,20
07:34:12.78900,1928.000,5
07:34:14.96000,1927.750,21
07:34:15.51100,1928.000,13
07:34:16.47200,1927.750,1
07:34:17.79200,1927.750,1
07:34:18.86300,1928.000,4
07:34:19.89000,1927.750,1
07:34:22.30000,1928.000,1
07:34:24.38600,1927.750,6
07:34:25.40600,1927.750,2
07:34:25.84300,1928.000,1
07:34:28.66000,1927.750,1
07:34:33.73000,1928.000,1
07:34:37.71800,1927.750,2
07:34:42.48800,1927.750,1
07:34:49.50300,1927.750,45
