06:00:00.16700,1930.500,0
06:00:00.76100,1930.500,4
06:00:02.49200,1930.500,36
06:00:02.61300,1930.500,2
06:00:04.22200,1930.500,4
06:00:05.25700,1930.500,4
06:00:05.70700,1930.750,1
06:00:07.04600,1930.500,1
06:00:07.37800,1930.500,6
06:00:08.01900,1930.500,1
06:00:10.68700,1930.500,16
06:00:12.00000,1930.250,1
06:00:12.08900,1930.250,6
06:00:13.34300,1930.250,9
06:00:14.26500,1930.250,2
06:00:14.44500,1930.250,3
06:00:15.91400,1930.250,16
06:00:18.37500,1930.250,15
06:00:19.51100,1930.250,4
06:00:20.35100,1930.250,9
06:00:23.39800,1930.250,10
06:00:23.77700,1930.250,4
06:00:25.19100,1930.250,3
06:00:25.83200,1930.000,1
06:00:29.65200,1930.250,28
06:00:33.90200,1930.250,3
06:00:38.29200,1930.250,15
06:00:38.74600,1930.250,4
06:00:47.87100,1930.500,20
06:00:49.04600,1930.500,6
06:00:50.00000,1930.500,12
06:00:51.73400,1930.500,18
06:00:52.83500,1930.500,1
06:00:54.17500,1930.500,1
06:00:59.35100,1930.500,10
06:01:03.83900,1930.250,6
06:01:05.06600,1930.000,12
06:01:07.49200,1929.750,2
06:01:08.58200,1929.750,1
06:01:08.78500,1929.750,1
06:01:11.67500,1930.000,45
06:01:14.81200,1930.000,1
06:01:14.93700,1930.000,15
06:01:18.71800,1930.000,1
06:01:25.10900,1930.000,1
06:01:25.82400,1930.000,14
06:01:26.05800,1930.000,7
06:01:28.21400,1929.750,1
06:01:29.13600,1929.750,1
06:01:32.77300,1930.000,42
06:01:33.53100,1930.000,13
06:01:34.56200,1930.000,3
06:01:34.92100,1930.000,7
06:01:36.05400,1930.000,11
06:01:40.73000,1930.000,4
06:01:42.76900,1930.000,1
06:01:43.02700,1930.000,19
06:01:49.58500,1930.000,1
06:01:57.69100,1930.000,1
06:02:05.55800,1930.250,15
06:02:05.68700,1930.250,6
06:02:06.10900,1930.000,10
06:02:06.19900,1930.000,1
06:02:09.62800,1930.250,1
06:02:24.69100,1930.250,11
06:02:24.97200,1930.250,1
06:02:29.08500,1930.000,1
06:02:39.11300,1930.000,1
06:02:40.22200,1930.000,10
06:02:40.37100,1930.000,31
06:02:45.30800,1930.000,1
06:02:45.64000,1930.250,15
06:02:50.84700,1930.250,1
06:02:58.41400,1930.250,12
06:02:58.46000,1930.250,3
06:02:59.59300,1930.250,4
06:02:59.82400,1930.500,6
06:03:01.25000,1930.250,10
06:03:02.22600,1930.000,173
06:03:02.28500,1930.000,18
06:03:02.74200,1930.000,9
06:03:04.32400,1929.750,5
06:03:06.10900,1930.000,1
06:03:19.73800,1929.750,1
06:03:20.73000,1930.000,1
06:03:29.13600,1930.000,16
06:03:29.26900,1930.000,1
06:03:35.83900,1930.000,13
06:03:36.14400,1930.000,1
06:03:36.46000,1930.000,7
06:03:39.89000,1930.250,1
06:03:43.48400,1930.000,2
06:03:43.97200,1930.000,3
06:03:49.16000,1930.000,7
06:03:50.48400,1930.000,40
06:03:52.43700,1930.000,1
06:03:52.61700,1930.000,13
06:04:05.18700,1930.000,2
06:04:09.37800,1929.750,17
06:04:11.12800,1929.500,28
06:04:12.00700,1929.500,23
06:04:12.94500,1929.500,3
06:04:15.01100,1929.500,1
06:04:17.31600,1929.000,95
06:04:17.64000,1929.250,24
06:04:17.76100,1929.250,1
06:04:18.69900,1929.250,3
06:04:19.05400,1929.250,3
06:04:19.16700,1929.250,9
06:04:19.44900,1929.250,2
06:04:21.31600,1929.250,7
06:04:22.24200,1929.250,10
06:04:22.55000,1929.250,5
06:04:23.16700,1929.250,1
06:04:23.55400,1929.250,1
06:04:24.06600,1929.250,6
06:04:25.09700,1929.250,1
06:04:25.48800,1929.250,1
06:04:27.29600,1929.250,5
06:04:27.75300,1929.250,1
06:04:28.93700,1929.000,2
06:04:30.35100,1929.000,1
06:04:31.27700,1929.000,3
06:04:33.15600,1929.000,47
06:04:35.15600,1929.000,16
06:04:35.49600,1929.000,5
06:04:36.01100,1929.000,1
06:04:36.12500,1929.000,2
06:04:40.56600,1929.000,1
06:04:40.86700,1929.000,2
06:04:41.39000,1929.000,1
06:04:46.31200,1928.750,36
06:04:46.46400,1928.750,18
06:04:46.95700,1928.750,6
06:04:51.37100,1928.750,8
06:04:53.29600,1928.750,1
06:04:54.40600,1928.500,2
06:04:54.92500,1928.500,2
06:04:55.21800,1928.500,8
06:04:56.83200,1928.500,10
06:04:57.14400,1928.500,1
06:04:57.60900,1928.750,1
06:04:57.76900,1928.500,2
06:05:05.48400,1928.750,37
06:05:05.89000,1928.750,2
06:05:07.78100,1928.750,11
06:05:08.50700,1928.750,1
06:05:10.67900,1928.750,6
06:05:11.02300,1928.500,1
06:05:11.47200,1928.750,12
06:05:12.42900,1928.500,1
06:05:13.92500,1928.500,1
06:05:14.14000,1928.750,2
06:05:18.49600,1928.750,19
06:05:21.60900,1929.000,28
06:05:22.23000,1929.000,7
06:05:22.43300,1928.750,20
06:05:23.03100,1929.000,1
06:05:31.32400,1929.000,1
06:05:31.41700,1929.000,8
06:05:33.67900,1929.000,5
06:05:35.70300,1929.000,8
06:05:42.15200,1929.000,16
06:05:44.00000,1929.000,2
06:05:45.74200,1928.750,20
06:05:54.67100,1929.000,5
06:05:55.64800,1929.000,1
06:06:09.02700,1928.750,15
06:06:11.13600,1928.750,12
06:06:13.66000,1928.750,15
06:06:13.86700,1928.750,1
06:06:16.39000,1928.500,1
06:06:18.10900,1928.750,6
06:06:18.17500,1928.750,8
06:06:19.17100,1928.750,5
06:06:20.00300,1928.750,1
06:06:28.76500,1928.750,8
06:06:30.59700,1928.750,11
06:06:31.53500,1928.750,9
06:06:32.10500,1928.750,1
06:06:42.85900,1928.750,17
06:06:46.51500,1928.500,1
06:06:47.85100,1928.750,4
06:06:53.11700,1929.000,25
06:06:53.61700,1929.000,3
06:06:58.28100,1929.000,28
06:06:58.42900,1929.000,5
06:07:01.55800,1929.000,7
06:07:02.28900,1929.000,1
06:07:02.70700,1929.250,1
06:07:03.69100,1929.250,1
06:07:08.54600,1929.000,1
06:07:11.48400,1929.000,3
06:07:14.71800,1929.250,2
06:07:15.50000,1929.250,21
06:07:19.04200,1929.500,2
06:07:21.06600,1929.250,20
06:07:25.50700,1929.500,22
06:07:32.67900,1929.500,10
06:07:34.76100,1929.250,27
06:07:37.22600,1929.250,1
06:07:43.73800,1929.000,1
06:07:46.11700,1929.000,22
06:07:47.16400,1928.750,2
06:07:48.55800,1929.000,5
06:07:49.08200,1929.000,3
06:07:53.85100,1929.000,1
06:07:59.23400,1928.750,2
06:08:06.47600,1929.000,13
06:08:07.52700,1929.000,1
06:08:09.04600,1929.000,7
06:08:10.12500,1929.000,2
06:08:14.09700,1928.750,1
06:08:16.33500,1928.750,2
06:08:16.58500,1929.000,5
06:08:22.37800,1929.000,1
06:08:25.83200,1929.250,5
06:08:27.16000,1929.250,1
06:08:29.76100,1929.000,1
06:08:32.23400,1929.250,6
06:08:32.58200,1929.250,15
06:08:32.83900,1929.250,3
06:08:39.18300,1929.250,8
06:08:39.50300,1929.250,1
06:08:39.57000,1929.250,19
06:08:40.14000,1929.250,1
06:08:41.74200,1929.250,10
06:08:42.03500,1929.250,1
06:08:44.32000,1929.250,1
06:08:45.26500,1929.250,30
06:08:46.92900,1929.250,2
06:08:47.51500,1929.250,2
06:08:49.32000,1929.250,1
06:08:54.31200,1929.500,3
06:08:57.33500,1929.500,3
06:09:10.08900,1929.250,22
06:09:12.46800,1929.250,3
06:09:12.59300,1929.250,11
06:09:13.68300,1929.250,25
06:09:16.24600,1929.250,1
06:09:18.92100,1929.000,16
06:09:20.40200,1928.750,2
06:09:24.71400,1928.750,5
06:09:25.80000,1928.750,12
06:09:27.32400,1928.750,1
06:09:27.62100,1929.000,61
06:09:31.83500,1929.000,10
06:09:32.61300,1929.000,1
06:09:34.42100,1928.750,25
06:09:42.60900,1928.750,1
06:09:43.26100,1928.500,29
06:09:44.58500,1928.500,1
06:09:48.32800,1928.750,35
06:09:52.51900,1929.000,13
06:09:53.65600,1929.000,8
06:09:55.86300,1929.000,3
06:09:57.06600,1929.000,1
06:09:59.38600,1929.000,12
06:10:01.60500,1928.750,21
06:10:03.68700,1928.750,11
06:10:04.23000,1928.750,4
06:10:04.53900,1928.750,8
06:10:04.53900,1928.750,1
06:10:05.35500,1928.750,6
06:10:06.04600,1928.750,1
06:10:07.12800,1928.750,11
06:10:10.04200,1929.000,92
06:10:10.39000,1929.000,11
06:10:14.14800,1929.000,6
06:10:17.33200,1929.000,32
06:10:20.00000,1929.000,2
06:10:21.57800,1929.000,16
06:10:22.69900,1929.000,2
06:10:34.80400,1929.250,30
06:10:36.37100,1929.250,4
06:10:39.95700,1929.500,2
06:10:41.81600,1929.250,1
06:10:42.28900,1929.250,1
06:10:42.48000,1929.500,38
06:10:43.76500,1929.500,17
06:10:44.07800,1929.750,16
06:10:45.28100,1929.750,1
06:10:47.58900,1929.500,19
06:10:49.69900,1929.500,1
06:10:51.42100,1929.500,2
06:10:51.94500,1929.500,1
06:10:56.43700,1929.000,42
06:10:57.26900,1929.000,1
06:10:57.79200,1929.000,7
06:10:58.84700,1929.250,1
06:11:05.85900,1929.250,3
06:11:06.75700,1929.000,25
06:11:08.28900,1929.000,3
06:11:11.50700,1928.750,51
06:11:12.45700,1928.500,1
06:11:17.19500,1928.500,1
06:11:17.47200,1928.500,1
06:11:18.63200,1928.500,1
06:11:20.82000,1928.750,36
06:11:21.88600,1928.750,1
06:11:26.53500,1928.750,30
06:11:28.34700,1928.500,1
06:11:29.48000,1928.500,1
06:11:29.96800,1928.750,15
06:11:31.26500,1928.500,17
06:11:31.56600,1928.500,82
06:11:33.02300,1928.500,6
06:11:36.79600,1928.500,12
06:11:41.05400,1928.500,2
06:11:41.89400,1928.500,1
06:11:44.69500,1928.750,2
06:11:51.30000,1928.500,25
06:11:51.90200,1928.500,2
06:11:59.25000,1928.500,1
06:12:02.96400,1928.500,3
06:12:04.50700,1928.250,12
06:12:07.40200,1928.500,13
06:12:07.82400,1928.500,20
06:12:08.96000,1928.500,3
06:12:10.28100,1928.500,4
06:12:11.69100,1928.500,3
06:12:12.36300,1928.500,31
06:12:12.92900,1928.500,9
06:12:14.23400,1928.750,1
06:12:15.38600,1928.500,1
06:12:15.85100,1928.250,1
06:12:16.15200,1928.500,1
06:12:17.39800,1928.250,1
06:12:18.31200,1928.250,1
06:12:27.82000,1928.500,29
06:12:35.10500,1928.750,31
06:12:36.46000,1928.750,7
06:12:46.71400,1928.750,2
06:12:47.67500,1928.750,8
06:12:47.85900,1928.750,3
06:12:49.70300,1928.500,1
06:12:55.15600,1928.500,17
06:12:55.33500,1928.500,11
06:12:56.12100,1928.500,27
06:13:01.00700,1928.750,3
06:13:02.95300,1928.750,36
06:13:03.75000,1928.750,2
06:13:04.18300,1928.750,1
06:13:14.47200,1928.500,2
06:13:15.41000,1928.750,8
06:13:23.83200,1928.500,131
06:13:24.35500,1928.500,1
06:13:28.33900,1928.500,32
06:13:38.88600,1928.500,2
06:13:39.08200,1928.250,1
06:13:39.59700,1928.500,2
06:13:45.33900,1928.500,1
06:13:47.11300,1928.250,1
06:13:48.51500,1928.250,1
06:13:48.77300,1928.250,44
06:13:48.87500,1928.250,24
06:13:49.12500,1928.250,2
06:13:50.54600,1928.250,1
06:13:52.14800,1928.000,6
06:13:52.17500,1928.250,1
06:13:56.19900,1928.250,1
06:14:01.36300,1928.250,19
06:14:02.46000,1928.250,10
06:14:02.72600,1928.250,2
06:14:03.15200,1928.250,3
06:14:09.71400,1928.250,1
06:14:11.07800,1928.000,2
06:14:14.01100,1928.250,1
06:14:16.04200,1928.250,6
06:14:19.34300,1928.250,4
06:14:20.62100,1928.000,1
06:14:21.03900,1928.000,3
06:14:22.86700,1928.250,67
06:14:23.53100,1928.000,30
06:14:25.88200,1928.000,4
06:14:28.56600,1928.000,32
06:14:35.41700,1928.000,10
06:14:35.65600,1928.000,36
06:14:36.64800,1928.000,2
06:14:40.51100,1928.250,1
06:14:41.40200,1928.250,4
06:14:45.09700,1928.250,16
06:14:46.71400,1928.500,33
06:14:47.05400,1928.500,9
06:14:48.34300,1928.500,2
06:14:48.53900,1928.750,1
06:14:54.77300,1928.500,3
06:14:57.81600,1928.500,1
06:15:01.47200,1928.500,9
06:15:03.38200,1928.500,12
06:15:08.71400,1928.500,8
06:15:10.85100,1928.250,48
06:15:12.50000,1928.250,10
06:15:13.55800,1928.250,8
06:15:17.35100,1928.500,31
06:15:21.20700,1928.500,4
06:15:22.09300,1928.500,3
06:15:25.10100,1928.750,26
06:15:27.51100,1928.750,1
06:15:38.86300,1928.500,2
06:15:41.48000,1928.750,16
06:15:44.01900,1929.000,3
06:15:45.37500,1929.000,1
06:15:48.10100,1929.000,1
06:15:49.91000,1928.750,7
06:15:52.96400,1928.750,5
06:16:12.61700,1928.750,16
06:16:18.07800,1928.500,40
06:16:18.32400,1928.500,9
06:16:18.56600,1928.750,1
06:16:25.24200,1928.500,8
06:16:26.26500,1928.750,19
06:16:29.81600,1928.500,1
06:16:38.75300,1928.500,24
06:16:40.15200,1928.500,1
06:16:40.86700,1928.500,18
06:16:42.23400,1928.500,5
06:16:43.40600,1928.500,1
06:16:45.17900,1928.250,1
06:16:46.83500,1928.250,2
06:16:48.87800,1928.250,27
06:16:50.05800,1928.250,12
06:16:51.25300,1928.250,24
06:16:52.38200,1928.250,5
06:17:10.44500,1928.250,5
06:17:10.71400,1928.250,5
06:17:14.03500,1928.500,1
06:17:16.95700,1928.500,25
06:17:17.00000,1928.500,3
06:17:18.55000,1928.500,1
06:17:20.10500,1928.500,3
06:17:23.66400,1928.250,6
06:17:24.38600,1928.250,1
06:17:33.73000,1928.250,1
06:17:37.55800,1928.750,30
06:17:39.74600,1928.500,1
06:17:40.75000,1928.500,14
06:17:48.41000,1928.250,11
06:17:50.44500,1928.000,1
06:17:51.85500,1928.000,1
06:17:59.17900,1928.250,27
06:18:11.42100,1928.250,29
06:18:12.75700,1928.250,16
06:18:13.06600,1928.250,1
06:18:14.36300,1928.250,31
06:18:17.84300,1928.500,1
06:18:18.69900,1928.500,17
06:18:20.08500,1928.750,1
06:18:20.23000,1928.500,1
06:18:21.09300,1928.750,25
06:18:22.60900,1929.000,1
06:18:24.55800,1929.000,2
06:18:25.21400,1929.000,1
06:18:26.33500,1929.000,1
06:18:26.87800,1929.000,1
06:18:27.80800,1929.000,1
06:18:29.09300,1928.750,1
06:18:29.19100,1928.750,21
06:18:30.87500,1928.750,6
06:18:40.01900,1928.750,1
06:18:43.16000,1928.500,13
06:18:45.37800,1928.750,14
06:18:46.51100,1929.000,1
06:18:48.44500,1929.000,6
06:18:54.37100,1928.750,5
06:18:58.15200,1928.750,12
06:19:04.22200,1928.500,17
06:19:06.06600,1928.500,1
06:19:08.23000,1928.500,23
06:19:12.85100,1928.500,3
06:19:14.96400,1928.750,17
06:19:16.87100,1928.750,14
06:19:17.82800,1929.000,1
06:19:27.29600,1929.000,48
06:19:27.87800,1929.000,5
06:19:29.42100,1929.000,6
06:19:31.66700,1929.000,1
06:19:32.93300,1929.250,1
06:19:34.08900,1929.000,4
06:19:36.71800,1929.000,5
06:19:37.62500,1928.750,1
06:19:38.21000,1929.000,19
06:19:39.42900,1929.000,4
06:19:39.67100,1929.000,1
06:19:40.71400,1929.000,1
06:19:42.82400,1929.000,4
06:19:43.66400,1929.250,1
06:19:49.21000,1929.250,1
06:19:58.56600,1929.000,1
06:20:12.48800,1929.500,54
06:20:12.60500,1929.500,1
06:20:13.21800,1929.250,1
06:20:14.33900,1929.250,1
06:20:15.65200,1929.250,1
06:20:16.42900,1929.500,1
06:20:17.10500,1929.250,1
06:20:17.57400,1929.500,1
06:20:20.16400,1929.500,3
06:20:22.00000,1929.750,36
06:20:22.25000,1929.500,18
06:20:22.67900,1929.500,1
06:20:23.03500,1929.500,1
06:20:24.21000,1929.500,1
06:20:26.96000,1929.500,1
06:20:28.06600,1929.500,1
06:20:29.31200,1929.500,13
06:20:29.51500,1929.750,1
06:20:32.26100,1929.750,11
06:20:34.05400,1929.500,1
06:20:38.80400,1929.750,14
06:20:40.88600,1929.500,1
06:20:41.03500,1929.500,19
06:20:44.01900,1929.500,2
06:20:44.87100,1929.500,1
06:20:45.32000,1929.250,15
06:20:45.81600,1929.500,10
06:20:48.18700,1929.250,21
06:20:49.45700,1929.250,1
06:20:49.97200,1929.250,1
06:20:50.85900,1929.250,36
06:20:52.31200,1929.250,3
06:20:53.25700,1929.250,8
06:20:54.43300,1929.250,1
06:20:56.89000,1929.250,12
06:20:59.13600,1929.500,10
06:21:01.46400,1929.250,3
06:21:02.19100,1929.250,9
06:21:13.60500,1929.250,13
06:21:13.80800,1929.250,26
06:21:17.39800,1929.250,8
06:21:19.59700,1929.250,2
06:21:21.41000,1929.500,8
06:21:23.21000,1929.250,5
06:21:24.25700,1929.000,3
06:21:24.96000,1929.250,1
06:21:30.19100,1929.000,121
06:21:34.67900,1929.000,58
06:21:37.45300,1929.000,18
06:21:41.60900,1929.000,20
06:21:42.25700,1929.000,3
06:21:45.14800,1929.000,7
06:21:49.22600,1928.750,73
06:21:54.34300,1928.750,37
06:21:55.20700,1928.750,9
06:22:02.16000,1928.500,75
06:22:02.66400,1928.500,1
06:22:05.35900,1928.750,3
06:22:13.11300,1929.000,4
06:22:15.14800,1928.750,1
06:22:16.31600,1929.000,16
06:22:16.51100,1929.250,1
06:22:16.73800,1929.250,2
06:22:19.18300,1929.000,10
06:22:27.26100,1929.250,1
06:22:29.66400,1929.000,17
06:22:29.86700,1929.250,2
06:22:34.64800,1929.250,12
06:22:35.58500,1929.250,9
06:22:36.52700,1929.250,4
06:22:38.70300,1929.250,19
06:22:39.89800,1929.250,15
06:22:52.13200,1929.000,1
06:23:10.51900,1929.250,46
06:23:10.75700,1929.250,2
06:23:11.39800,1929.250,2
06:23:17.28100,1929.250,8
06:23:21.66000,1929.250,1
06:23:23.42100,1929.250,22
06:23:30.42900,1929.250,1
06:23:31.96800,1929.250,1
06:23:34.64400,1929.000,1
06:23:43.07000,1929.000,2
06:23:45.03100,1929.000,1
06:23:47.87800,1929.000,22
06:23:48.10900,1929.000,1
06:23:54.53900,1929.000,1
06:24:02.37800,1929.000,47
06:24:04.32400,1929.250,25
06:24:05.41000,1929.500,34
06:24:06.03100,1929.500,6
06:24:06.55800,1929.500,5
06:24:12.60500,1929.750,2
06:24:12.84300,1929.750,34
06:24:12.91000,1929.750,4
06:24:12.96400,1929.750,3
06:24:14.03100,1929.750,2
06:24:14.74600,1929.750,7
06:24:15.73400,1929.750,6
06:24:17.33500,1929.750,3
06:24:19.40600,1929.750,5
06:24:21.78100,1929.750,20
06:24:27.75700,1930.000,3
06:24:29.41400,1929.750,1
06:24:36.96400,1929.750,4
06:24:37.11700,1929.750,2
06:24:37.21400,1929.750,4
06:24:38.47600,1930.000,1
06:24:40.29200,1929.750,31
06:24:40.94100,1929.750,6
06:24:42.67900,1929.750,7
06:24:42.85500,1930.000,10
06:24:45.45700,1930.000,1
06:24:52.08900,1930.250,58
06:24:52.12100,1930.250,1
06:24:52.30800,1930.250,1
06:24:55.89400,1930.000,55
06:24:55.91400,1930.000,4
06:24:56.25300,1930.250,2
06:24:57.30000,1930.250,2
06:24:57.50300,1930.000,4
06:24:58.06200,1930.000,1
06:25:06.07000,1930.250,3
06:25:07.87800,1930.000,1
06:25:09.85900,1930.000,1
06:25:13.00300,1930.250,1
06:25:13.36300,1930.250,1
06:25:15.39400,1930.000,30
06:25:17.03100,1929.750,1
06:25:17.68700,1930.000,1
06:25:18.57800,1930.000,1
06:25:19.00000,1930.000,1
06:25:23.24600,1930.000,1
06:25:31.39400,1930.000,10
06:25:31.80000,1930.250,1
06:25:32.84300,1930.000,1
06:25:34.71400,1930.000,19
06:25:35.12800,1930.000,10
06:25:36.63200,1930.000,2
06:25:38.51900,1930.000,1
06:25:40.16000,1930.250,1
06:25:41.30800,1930.000,11
06:25:41.44500,1930.000,3
06:25:41.60100,1930.000,2
06:25:43.27300,1930.000,1
06:25:45.64000,1930.000,77
06:25:45.70300,1930.000,3
06:25:48.41000,1930.000,3
06:25:52.22600,1929.750,4
06:25:52.50000,1930.000,36
06:25:52.51500,1930.000,12
06:25:53.23000,1930.000,1
06:25:58.27700,1930.000,19
06:25:59.32400,1930.000,13
06:26:00.09700,1930.000,39
06:26:01.75700,1930.000,18
06:26:02.34700,1930.000,1
06:26:09.70300,1930.000,1
06:26:12.82400,1930.000,1
06:26:20.00700,1930.250,68
06:26:26.16700,1930.250,20
06:26:27.00000,1930.500,1
06:26:27.24200,1930.500,1
06:26:32.50300,1930.250,53
06:26:34.88200,1930.000,11
06:26:36.53900,1930.000,3
06:26:37.93300,1930.250,2
06:26:38.25000,1930.250,1
06:26:40.44100,1930.250,18
06:26:40.58900,1930.500,1
06:26:43.97200,1930.250,13
06:26:44.31600,1930.500,1
06:26:44.39800,1930.250,3
06:26:44.75300,1930.500,3
06:26:45.17500,1930.250,1
06:26:45.53500,1930.250,3
06:26:45.85500,1930.250,13
06:26:46.21800,1930.000,19
06:26:47.55800,1930.000,10
06:26:56.64400,1929.750,23
06:26:57.57400,1929.750,6
06:26:59.39000,1929.750,9
06:27:03.54600,1929.750,18
06:27:06.25700,1929.750,15
06:27:07.20300,1930.000,1
06:27:08.35500,1930.000,10
06:27:13.31200,1930.000,1
06:27:14.69500,1929.750,19
06:27:21.34300,1929.750,1
06:27:25.92900,1929.750,5
06:27:35.02700,1929.750,1
06:27:37.27300,1930.000,1
06:27:38.69100,1930.000,3
06:27:39.07000,1930.000,4
06:27:39.92500,1930.000,4
06:27:40.86300,1930.000,4
06:27:41.76100,1930.000,3
06:27:41.94100,1930.000,1
06:27:42.14400,1930.000,20
06:27:48.80800,1930.250,2
06:27:51.37500,1930.250,1
06:27:52.42900,1930.250,88
06:27:52.60500,1930.250,3
06:27:53.19900,1930.250,5
06:27:57.25300,1930.250,5
06:27:57.46800,1930.250,4
06:27:58.41400,1930.500,2
06:27:58.55800,1930.500,2
06:27:59.70700,1930.250,5
06:28:00.43300,1930.000,3
06:28:01.06200,1930.000,3
06:28:02.95700,1930.250,1
06:28:05.57800,1930.500,78
06:28:06.52700,1930.500,85
06:28:09.12800,1930.500,63
06:28:09.21000,1931.000,8
06:28:09.32400,1931.000,1
06:28:09.96400,1931.000,1
06:28:10.32000,1931.250,96
06:28:11.05000,1931.000,58
06:28:11.14800,1931.250,1
06:28:11.35100,1931.250,2
06:28:12.47600,1931.250,89
06:28:13.27700,1931.250,1
06:28:16.60100,1931.500,6
06:28:17.07800,1931.500,1
06:28:18.05800,1931.500,3
06:28:18.21000,1931.500,11
06:28:18.52300,1931.250,1
06:28:18.79600,1931.500,3
06:28:18.88600,1931.500,1
06:28:20.07800,1931.250,1
06:28:21.35900,1931.250,30
06:28:22.08500,1931.250,30
06:28:22.28900,1931.250,10
06:28:23.70300,1931.250,3
06:28:24.59700,1931.250,12
06:28:24.91400,1931.250,2
06:28:25.76500,1931.000,4
06:28:28.64400,1931.000,1
06:28:29.07000,1931.250,1
06:28:32.43300,1931.250,5
06:28:32.88200,1931.250,61
06:28:34.85900,1931.000,1
06:28:37.87800,1931.250,1
06:28:39.88200,1931.000,34
06:28:40.53500,1931.000,1
06:28:40.74200,1931.000,27
06:28:41.31200,1931.000,1
06:28:42.14000,1931.000,1
06:28:48.03100,1931.000,2
06:28:50.55400,1931.000,23
06:28:51.12100,1931.250,4
06:28:54.40600,1931.250,51
06:28:56.64800,1931.250,1
06:28:58.60900,1931.000,1
06:28:58.73400,1931.250,10
06:29:00.06200,1931.250,1
06:29:00.35900,1931.000,1
06:29:02.87500,1931.250,17
06:29:03.21000,1931.250,1
06:29:06.18700,1931.250,23
06:29:06.30000,1931.250,4
06:29:06.71400,1931.250,2
06:29:10.06600,1931.250,12
06:29:12.26900,1931.000,2
06:29:13.17500,1931.000,41
06:29:14.12800,1931.000,1
06:29:14.55800,1931.000,13
06:29:22.84700,1931.250,2
06:29:27.94100,1931.250,1
06:29:33.30800,1931.000,1
06:29:33.66400,1931.250,20
06:29:34.28900,1931.250,11
06:29:34.49600,1931.250,5
06:29:34.95300,1931.250,27
06:29:35.40600,1931.250,1
06:29:35.91400,1931.000,1
06:29:36.16400,1931.250,4
06:29:36.73000,1931.250,9
06:29:39.19500,1931.250,10
06:29:39.32800,1931.250,5
06:29:39.44900,1931.250,5
06:29:40.46800,1931.250,8
06:29:41.74600,1931.250,1
06:29:49.16400,1931.250,37
06:29:49.24200,1931.000,5
06:29:52.80400,1931.000,1
06:29:54.06200,1931.250,2
06:30:00.19900,1931.250,1
06:30:00.34300,1931.250,12
06:30:00.49600,1931.250,10
06:30:03.51900,1931.000,44
06:30:07.46800,1931.000,61
06:30:09.21000,1931.000,3
06:30:09.62100,1931.000,17
06:30:11.23800,1931.000,1
06:30:11.59700,1931.000,1
06:30:11.89000,1931.000,14
06:30:13.75000,1931.000,18
06:30:14.93300,1931.000,2
06:30:16.85900,1931.000,3
06:30:17.41400,1931.000,3
06:30:20.61700,1930.750,3
06:30:20.81600,1931.000,1
06:30:22.20700,1931.000,38
06:30:24.05800,1931.000,3
06:30:30.33500,1931.000,1
06:30:31.41400,1931.000,1
06:30:33.73000,1931.000,1
06:30:34.47200,1931.000,1
06:30:35.78100,1931.250,10
06:30:37.63600,1931.000,14
06:30:40.78100,1931.250,29
06:30:42.35100,1931.250,5
06:30:46.19100,1931.250,20
06:30:51.13200,1931.250,20
06:30:51.23800,1931.250,4
06:30:54.02300,1931.000,1
06:30:56.81600,1931.000,1
06:30:58.55000,1931.250,5
06:31:00.22600,1931.000,89
06:31:01.73000,1931.000,9
06:31:02.09300,1931.000,5
06:31:08.10900,1930.750,4
06:31:16.42100,1930.750,10
06:31:21.29200,1930.750,61
06:31:21.61700,1930.750,11
06:31:22.51500,1930.750,18
06:31:24.58200,1930.750,5
06:31:24.79600,1931.000,2
06:31:25.17500,1930.750,12
06:31:25.48000,1930.750,2
06:31:27.30800,1930.750,1
06:31:27.56600,1931.000,5
06:31:28.11700,1930.750,2
06:31:36.67500,1930.750,30
06:31:42.35100,1931.000,1
06:31:42.56200,1931.000,3
06:31:46.41000,1930.750,37
06:31:50.75300,1930.750,1
06:31:52.14000,1930.750,15
06:31:53.60100,1930.750,6
06:31:55.37800,1930.750,6
06:31:57.52300,1930.750,3
06:31:59.78500,1930.500,11
06:32:04.39000,1930.500,3
06:32:05.34700,1930.750,8
06:32:08.69100,1930.750,16
06:32:10.94100,1930.750,5
06:32:11.31200,1930.750,1
06:32:13.34700,1930.750,3
06:32:15.96400,1930.750,1
06:32:17.37800,1930.750,1
06:32:19.07400,1930.750,11
06:32:20.31200,1930.750,31
06:32:20.94900,1931.000,75
06:32:22.24200,1931.000,1
06:32:22.36700,1931.000,4
06:32:27.35100,1931.000,1
06:32:29.85900,1931.250,1
06:32:34.51500,1931.000,2
06:32:35.32000,1931.000,4
06:32:35.52300,1931.000,4
06:32:36.58200,1931.000,1
06:32:38.31600,1931.000,34
06:32:39.62100,1931.000,16
06:32:40.46800,1931.000,22
06:32:42.21000,1931.000,5
06:32:43.00000,1931.000,1
06:32:43.27700,1931.000,1
06:32:45.46800,1931.000,11
06:32:56.08900,1931.250,1
06:32:57.06200,1931.250,1
06:33:02.36300,1931.250,2
06:33:03.41700,1931.000,6
06:33:04.02700,1931.250,1
06:33:04.28900,1931.000,6
06:33:06.00700,1931.000,5
06:33:08.28100,1931.000,4
06:33:08.64000,1931.000,9
06:33:14.82000,1931.250,50
06:33:14.97200,1931.250,46
06:33:16.09300,1931.250,1
06:33:17.21000,1931.250,5
06:33:28.14400,1931.250,23
06:33:29.06200,1931.250,1
06:33:33.35500,1931.250,1
06:33:35.41700,1931.250,15
06:33:38.21400,1931.250,2
06:33:39.39000,1931.250,7
06:33:43.03100,1931.000,1
06:33:49.97200,1931.000,1
06:33:50.74200,1931.000,18
06:33:50.87800,1931.000,5
06:33:51.21800,1931.000,1
06:33:51.43700,1931.000,2
06:33:52.52300,1931.000,1
06:33:57.56600,1931.250,2
06:33:57.70700,1931.250,4
06:34:02.74200,1931.250,29
06:34:09.73000,1931.250,4
06:34:11.71400,1931.500,85
06:34:11.76500,1931.250,1
06:34:13.02300,1931.250,12
06:34:15.25000,1931.250,7
06:34:17.16700,1931.250,13
06:34:17.46800,1931.250,1
06:34:20.19500,1931.500,8
06:34:20.41700,1931.500,1
06:34:20.66700,1931.500,37
06:34:22.26900,1931.500,13
06:34:23.88600,1932.000,100
06:34:23.92100,1932.000,3
06:34:24.10900,1931.750,3
06:34:24.41000,1931.750,1
06:34:24.64000,1932.000,2
06:34:24.75300,1931.750,1
06:34:24.92500,1932.000,1
06:34:26.53900,1931.750,2
06:34:28.58200,1932.000,1
06:34:31.16400,1932.000,10
06:34:33.53500,1932.000,1
06:34:36.35900,1932.000,5
06:34:37.08500,1931.750,1
06:34:37.21800,1931.750,37
06:34:37.55000,1931.750,1
06:34:38.63600,1931.750,4
06:34:39.16700,1931.750,1
06:34:40.76900,1931.750,9
06:34:41.23000,1932.000,1
06:34:42.07000,1931.750,28
06:34:43.12800,1931.750,4
06:34:44.39000,1931.750,8
06:34:46.80000,1931.750,5
06:34:47.22200,1931.750,16
06:34:48.69500,1931.750,7
06:34:54.74200,1931.750,14
06:34:55.02300,1931.500,1
06:34:55.45700,1931.500,3
06:35:01.37800,1931.250,53
06:35:10.83500,1931.500,23
06:35:16.71800,1931.250,2
06:35:19.01500,1931.250,26
06:35:20.29200,1931.000,2
06:35:20.95300,1931.000,1
06:35:22.32000,1931.000,2
06:35:23.81200,1931.250,1
06:35:24.87800,1931.250,5
06:35:27.13600,1931.250,1
06:35:32.05000,1931.250,47
06:35:33.16700,1931.250,33
06:35:38.69500,1931.250,22
06:35:43.47200,1931.250,9
06:35:45.40200,1931.250,2
06:35:50.62100,1931.250,5
06:36:10.61300,1931.500,33
06:36:10.67900,1931.500,3
06:36:12.40200,1931.500,1
06:36:21.42100,1931.500,61
06:36:22.54200,1931.500,21
06:36:24.38600,1931.500,1
06:36:25.03900,1931.500,2
06:36:27.40200,1931.500,3
06:36:27.78100,1931.500,3
06:36:28.42500,1931.500,2
06:36:31.65600,1931.750,128
06:36:33.47200,1931.750,1
06:36:35.23800,1931.750,17
06:36:39.10100,1932.000,1
06:36:47.19100,1931.750,1
06:36:49.60100,1932.000,2
06:36:53.58200,1932.000,41
06:36:53.71800,1932.000,19
06:36:54.42900,1932.250,72
06:36:54.53500,1932.250,3
06:36:54.73400,1932.250,1
06:36:56.35100,1932.000,1
06:36:57.54200,1932.000,1
06:36:57.69900,1932.250,8
06:36:57.94900,1932.250,26
06:36:58.47200,1932.250,9
06:36:58.49200,1932.250,1
06:36:59.55400,1932.250,1
06:37:00.05400,1932.500,104
06:37:00.31600,1932.250,1
06:37:00.50300,1932.250,2
06:37:00.57800,1932.250,1
06:37:00.75700,1932.250,7
06:37:02.37100,1932.500,1
06:37:03.59300,1932.500,1
06:37:04.37100,1932.500,24
06:37:05.66700,1932.750,8
06:37:05.95300,1932.750,1
06:37:06.41000,1932.500,2
06:37:06.64000,1932.500,1
06:37:06.79200,1932.500,2
06:37:07.93700,1932.500,2
06:37:09.25700,1932.500,1
06:37:09.33500,1932.750,9
06:37:10.45300,1932.750,3
06:37:10.89400,1932.750,2
06:37:11.85100,1932.750,56
06:37:12.14800,1933.250,342
06:37:12.25000,1933.250,3
06:37:12.32800,1933.250,1
06:37:12.39800,1933.000,7
06:37:12.70700,1933.000,10
06:37:12.85500,1933.000,1
06:37:13.64800,1933.000,1
06:37:15.12100,1933.250,2
06:37:15.46000,1933.000,1
06:37:15.63600,1933.000,1
06:37:16.35900,1933.250,1
06:37:18.23000,1933.250,6
06:37:18.42900,1933.250,47
06:37:18.60100,1933.500,12
06:37:18.73800,1933.500,3
06:37:19.08200,1933.500,14
06:37:19.21000,1933.250,1
06:37:19.83200,1933.250,3
06:37:20.55000,1933.250,1
06:37:21.51900,1933.500,153
06:37:21.60500,1933.500,44
06:37:21.69900,1933.500,1
06:37:21.81200,1933.500,1
06:37:22.03900,1933.500,2
06:37:22.43700,1933.500,10
06:37:23.06600,1933.500,8
06:37:23.27700,1933.500,9
06:37:23.44500,1933.500,2
06:37:23.57400,1933.500,1
06:37:24.47200,1933.500,67
06:37:24.70300,1933.500,1
06:37:25.46400,1933.500,54
06:37:28.02700,1933.500,1
06:37:28.87500,1933.250,215
06:37:29.01900,1933.250,1
06:37:29.72200,1933.250,4
06:37:30.93700,1933.000,1
06:37:31.59300,1933.250,3
06:37:33.29200,1933.250,5
06:37:34.17100,1933.250,6
06:37:34.57400,1933.250,8
06:37:36.42100,1933.250,2
06:37:36.96800,1933.250,13
06:37:38.19900,1933.250,2
06:37:40.70700,1933.250,1
06:37:41.75300,1933.250,1
06:37:43.12800,1933.500,56
06:37:43.57400,1933.500,1
06:37:44.34300,1934.000,479
06:37:44.51100,1934.000,83
06:37:44.62800,1934.000,1
06:37:44.89400,1933.750,3
06:37:45.32800,1933.750,1
06:37:45.49600,1933.750,1
06:37:45.57400,1934.000,5
06:37:46.89400,1934.000,5
06:37:47.58200,1934.000,2
06:37:48.02700,1933.750,2
06:37:48.25700,1934.000,10
06:37:49.51500,1934.000,16
06:37:50.06200,1934.000,1
06:37:50.29600,1933.750,95
06:37:50.88200,1933.750,10
06:37:52.00000,1933.500,109
06:37:52.28100,1933.500,1
06:37:52.48800,1933.750,46
06:37:52.90200,1933.750,5
06:37:55.67100,1933.750,1
06:37:55.91400,1933.750,11
06:37:56.14800,1933.750,1
06:37:56.33900,1933.750,1
06:37:56.95700,1933.750,25
06:37:57.13600,1933.750,12
06:37:57.77700,1934.000,1
06:37:59.35900,1934.000,2
06:38:02.11700,1933.750,4
06:38:03.20700,1934.000,2
06:38:03.39400,1933.750,1
06:38:04.60500,1933.750,4
06:38:04.77700,1934.000,26
06:38:05.07800,1933.750,4
06:38:05.82800,1934.000,10
06:38:07.18300,1934.000,10
06:38:08.61300,1934.000,1
06:38:09.14400,1933.750,1
06:38:09.96400,1934.000,32
06:38:10.10900,1934.000,1
06:38:10.67500,1934.000,22
06:38:11.48800,1933.750,4
06:38:14.47200,1933.750,2
06:38:16.15200,1933.750,132
06:38:16.22200,1933.750,1
06:38:18.08900,1933.750,3
06:38:23.76100,1933.750,37
06:38:24.32400,1933.500,1
06:38:25.45700,1933.750,1
06:38:27.54200,1933.500,5
06:38:32.17100,1933.500,1
06:38:32.37500,1933.750,5
06:38:32.72200,1933.750,2
06:38:33.14400,1933.750,1
06:38:38.00700,1933.750,3
06:38:40.82400,1933.750,50
06:38:41.25300,1933.750,14
06:38:42.45300,1933.750,2
06:38:43.06600,1933.500,3
06:38:43.19100,1933.500,2
06:38:45.14400,1933.750,1
06:38:46.70300,1933.750,2
06:38:47.85500,1933.500,1
06:38:49.12100,1933.500,1
06:38:50.25000,1933.500,20
06:38:51.26100,1934.000,49
06:38:51.40200,1934.000,61
06:38:51.51500,1933.750,1
06:38:52.31200,1933.750,11
06:38:53.75700,1933.750,21
06:38:56.73400,1933.750,32
06:38:57.85100,1933.750,6
06:38:59.65600,1933.750,2
06:39:00.95700,1933.750,17
06:39:03.60500,1933.500,1
06:39:04.77300,1933.750,24
06:39:05.20700,1933.750,1
06:39:06.16700,1933.750,2
06:39:06.19500,1933.750,7
06:39:06.70300,1933.750,4
06:39:07.60100,1933.750,25
06:39:09.06200,1933.750,13
06:39:10.73000,1933.750,1
06:39:14.17100,1933.750,2
06:39:14.57400,1934.000,6
06:39:16.00300,1933.750,1
06:39:16.65200,1934.000,10
06:39:19.81200,1933.750,1
06:39:20.10100,1933.750,21
06:39:20.39400,1934.000,293
06:39:20.50000,1934.250,16
06:39:22.67500,1933.750,6
06:39:23.07800,1934.000,1
06:39:23.27300,1934.000,23
06:39:23.61700,1934.000,1
06:39:25.03900,1934.000,30
06:39:25.73400,1933.750,1
06:39:26.29600,1934.000,1
06:39:26.79200,1934.000,37
06:39:31.62800,1934.000,2
06:39:32.08500,1934.000,5
06:39:32.75300,1934.000,1
06:39:33.52300,1934.000,17
06:39:33.78100,1934.000,13
06:39:35.04600,1934.000,1
06:39:41.53900,1933.750,38
06:39:46.35100,1933.750,6
06:39:50.02700,1933.750,4
06:39:51.05000,1934.000,10
06:39:59.88600,1933.750,29
06:40:00.49200,1933.500,12
06:40:00.68300,1933.500,1
06:40:02.00000,1933.750,2
06:40:05.70300,1933.750,1
06:40:11.93300,1934.000,51
06:40:12.17500,1933.750,2
06:40:13.48400,1933.750,1
06:40:13.75000,1933.750,19
06:40:15.87800,1933.750,8
06:40:17.04600,1933.750,5
06:40:18.02700,1933.750,6
06:40:19.90600,1933.750,10
06:40:23.25700,1933.750,1
06:40:23.48800,1933.750,16
06:40:25.19100,1934.000,1
06:40:25.62800,1933.750,1
06:40:29.41700,1933.750,1
06:40:29.92900,1933.750,1
06:40:30.49200,1933.750,1
06:40:33.75000,1933.750,20
06:40:34.10900,1933.750,8
06:40:36.77700,1933.750,2
06:40:38.14400,1933.500,1
06:40:42.25300,1933.500,1
06:40:43.39000,1933.750,4
06:40:43.65200,1933.750,3
06:40:45.25300,1933.750,5
06:40:45.52700,1933.750,5
06:40:46.58500,1933.750,1
06:40:47.97200,1933.750,1
06:40:49.58500,1933.750,1
06:40:51.58200,1933.750,1
06:40:52.29200,1933.750,18
06:40:53.32400,1933.750,9
06:40:53.67900,1933.750,1
06:40:54.75000,1933.750,7
06:40:56.42100,1933.500,4
06:40:56.93300,1933.750,6
06:40:58.95700,1933.750,2
06:40:59.90200,1933.750,1
06:41:01.72200,1933.500,127
06:41:02.78100,1933.500,12
06:41:03.09700,1933.750,25
06:41:03.58200,1933.500,28
06:41:04.39800,1933.500,1
06:41:07.27700,1933.500,6
06:41:08.90200,1933.500,6
06:41:09.26500,1933.500,4
06:41:09.65200,1933.500,5
06:41:10.51900,1933.250,7
06:41:11.31200,1933.250,2
06:41:12.16400,1933.250,3
06:41:13.69900,1933.250,3
06:41:16.29600,1933.250,5
06:41:19.06200,1933.500,16
06:41:20.32800,1933.500,2
06:41:21.88200,1933.250,1
06:41:22.23400,1933.500,1
06:41:23.22600,1933.250,91
06:41:23.86300,1933.250,3
06:41:24.78900,1933.250,10
06:41:32.03100,1933.250,1
06:41:32.82000,1933.250,1
06:41:34.82400,1933.500,3
06:41:35.36300,1933.250,21
06:41:35.74200,1933.500,75
06:41:35.87800,1933.500,3
06:41:38.84300,1933.250,50
06:41:41.23800,1933.500,1
06:41:46.12800,1933.500,57
06:41:48.30000,1933.500,15
06:41:48.60500,1933.500,1
06:41:49.96000,1933.500,3
06:41:52.61300,1933.500,5
06:41:53.83200,1933.500,1
06:41:56.62500,1933.250,235
06:41:57.22600,1933.250,3
06:42:00.42500,1933.500,16
06:42:01.30800,1933.750,2
06:42:01.46000,1933.750,46
06:42:01.56200,1933.750,1
06:42:01.77300,1933.500,10
06:42:02.17900,1933.500,1
06:42:02.30800,1933.500,3
06:42:02.73400,1933.500,1
06:42:03.46000,1933.500,30
06:42:05.40200,1933.750,66
06:42:05.56200,1933.750,3
06:42:06.63600,1933.750,12
06:42:09.45700,1933.750,27
06:42:11.68700,1934.000,1
06:42:17.40600,1933.750,2
06:42:17.80800,1934.000,1
06:42:18.09700,1934.000,2
06:42:18.67100,1933.750,5
06:42:21.59300,1933.750,9
06:42:22.11700,1934.000,2
06:42:23.31600,1934.000,2
06:42:30.80000,1933.750,8
06:42:31.35100,1933.750,2
06:42:31.66700,1933.750,1
06:42:31.69900,1934.000,10
06:42:32.03100,1933.750,1
06:42:32.78100,1934.000,7
06:42:34.38200,1933.750,40
06:42:38.08900,1933.500,1
06:42:38.58900,1933.500,23
06:42:41.88200,1933.750,138
06:42:42.03900,1933.750,3
06:42:46.94100,1933.750,5
06:42:49.95700,1933.750,22
06:42:50.51100,1933.750,1
06:42:51.45300,1933.750,1
06:42:51.87500,1933.750,11
06:42:53.41000,1933.750,4
06:42:54.12500,1933.750,11
06:42:57.91000,1933.500,1
06:42:58.55800,1933.750,1
06:43:01.26500,1933.750,12
06:43:02.67900,1933.750,4
06:43:04.54600,1933.750,1
06:43:04.70700,1933.750,14
06:43:05.35900,1933.750,4
06:43:06.51100,1933.750,1
06:43:06.66400,1933.750,1
06:43:09.07800,1934.000,2
06:43:11.57800,1934.000,5
06:43:12.78100,1934.000,37
06:43:14.14400,1934.000,1
06:43:14.68300,1934.000,9
06:43:15.43700,1933.750,1
06:43:20.84300,1934.000,1
06:43:22.49600,1933.750,1
06:43:24.18300,1933.750,57
06:43:25.05400,1933.750,2
06:43:25.94500,1933.500,15
06:43:26.30800,1933.500,7
06:43:33.65200,1933.750,1
06:43:33.83200,1933.750,19
06:43:34.10900,1933.750,4
06:43:34.71000,1933.500,1
06:43:38.14400,1933.750,7
06:43:39.21400,1933.500,1
06:43:46.95300,1933.750,3
06:43:48.18300,1933.500,1
06:43:48.79600,1933.750,10
06:43:49.76100,1933.750,2
06:43:50.80400,1933.750,21
06:43:55.18700,1933.750,41
06:43:55.52300,1933.750,2
06:43:55.88200,1934.000,2
06:43:58.53900,1933.750,1
06:44:07.50300,1934.000,3
06:44:08.38600,1933.750,22
06:44:09.73800,1933.750,1
06:44:15.38200,1933.750,1
06:44:16.94900,1933.750,18
06:44:19.10100,1933.750,2
06:44:20.05400,1933.750,10
06:44:21.55000,1933.750,8
06:44:21.60100,1933.750,1
06:44:21.85100,1933.750,6
06:44:23.06600,1933.750,4
06:44:24.19900,1933.750,7
06:44:24.91000,1934.000,6
06:44:25.50700,1933.750,1
06:44:27.88600,1933.750,1
06:44:28.55400,1933.750,10
06:44:28.66700,1933.750,3
06:44:29.02300,1933.500,25
06:44:31.51900,1933.500,1
06:44:31.79200,1933.500,2
06:44:31.88200,1933.500,1
06:44:32.11700,1933.500,1
06:44:32.32000,1933.500,1
06:44:33.13600,1933.500,1
06:44:34.88600,1933.500,17
06:44:35.89400,1933.500,12
06:44:36.16700,1933.250,1
06:44:36.40200,1933.250,1
06:44:36.56600,1933.250,1
06:44:36.82000,1933.250,4
06:44:37.88600,1933.250,1
06:44:41.80400,1933.250,1
06:44:45.41400,1933.500,3
06:44:45.80400,1933.500,10
06:44:47.83900,1933.500,1
06:44:49.69100,1933.500,1
06:44:50.22600,1933.500,2
06:44:51.35900,1933.500,1
06:44:53.83200,1933.250,57
06:44:53.93700,1933.250,1
06:44:54.19900,1933.250,2
06:44:56.11300,1933.250,6
06:44:59.05800,1933.000,6
06:44:59.28100,1933.250,1
06:45:01.51900,1933.000,2
06:45:03.58200,1933.250,3
06:45:03.76500,1933.250,3
06:45:05.74200,1933.250,1
06:45:08.48800,1933.250,1
06:45:08.71000,1933.000,2
06:45:09.10500,1933.250,6
06:45:10.10100,1933.250,1
06:45:10.89000,1933.250,6
06:45:14.27700,1933.250,1
06:45:19.87100,1933.250,1
06:45:21.81600,1933.250,1
06:45:26.38600,1933.000,6
06:45:26.93300,1933.000,46
06:45:27.19900,1933.000,9
06:45:29.39800,1933.250,1
06:45:29.81600,1933.000,2
06:45:30.43700,1933.000,14
06:45:30.52300,1933.000,5
06:45:32.93700,1932.750,4
06:45:36.53900,1932.750,1
06:45:37.65200,1933.000,24
06:45:37.91700,1933.000,2
06:45:38.19100,1933.000,1
06:45:41.49600,1933.000,6
06:45:46.36700,1932.750,6
06:45:46.82400,1933.000,49
06:45:47.64400,1933.250,88
06:45:48.73400,1933.250,3
06:45:50.58900,1933.250,1
06:45:52.36700,1933.250,1
06:45:52.45300,1933.250,7
06:45:52.58500,1933.000,1
06:45:52.74200,1933.250,12
06:45:52.87500,1933.250,6
06:45:53.84300,1933.250,1
06:45:56.76100,1933.250,1
06:46:01.79200,1933.250,12
06:46:02.79600,1933.250,3
06:46:04.24600,1933.250,5
06:46:04.94500,1933.250,1
06:46:06.08500,1933.000,1
06:46:06.30800,1933.250,2
06:46:09.10900,1933.250,3
06:46:10.43700,1933.250,12
06:46:17.67100,1933.250,11
06:46:18.53100,1933.500,1
06:46:19.61300,1933.250,2
06:46:20.76500,1933.250,1
06:46:24.66700,1933.500,41
06:46:24.75000,1933.500,24
06:46:31.19900,1933.500,12
06:46:31.33500,1933.500,12
06:46:33.58900,1933.250,1
06:46:35.76900,1933.250,7
06:46:36.22600,1933.250,1
06:46:39.30400,1933.250,31
06:46:44.78500,1933.250,10
06:46:48.12800,1933.000,1
06:46:48.35100,1933.000,1
06:46:48.52300,1933.000,1
06:46:51.13200,1933.000,2
06:46:51.24200,1933.000,1
06:46:51.64800,1933.000,4
06:46:51.80800,1933.000,18
06:46:51.97200,1933.000,24
06:46:53.08500,1933.000,1
06:46:53.41400,1933.000,8
06:46:57.61300,1932.750,1
06:46:59.08200,1933.000,12
06:46:59.20700,1933.000,6
06:47:05.26100,1932.750,3
06:47:08.09700,1933.000,21
06:47:11.23800,1933.000,6
06:47:12.49600,1932.750,1
06:47:14.49600,1933.250,10
06:47:14.84300,1933.250,1
06:47:18.03900,1933.000,2
06:47:18.30000,1933.000,1
06:47:21.38200,1933.250,1
06:47:28.37500,1933.000,2
06:47:35.42100,1933.250,1
06:47:36.66400,1933.250,2
06:47:38.87800,1933.250,1
06:47:41.11300,1933.250,1
06:47:45.19900,1933.000,38
06:47:45.43300,1933.000,5
06:47:45.82800,1933.250,28
06:47:59.07000,1933.000,2
06:47:59.82400,1933.000,1
06:48:03.01100,1933.250,18
06:48:03.58500,1933.250,1
06:48:03.69100,1933.250,5
06:48:08.68700,1933.250,2
06:48:09.22600,1933.000,1
06:48:13.63600,1933.250,12
06:48:14.17900,1933.250,1
06:48:15.05000,1933.500,1
06:48:15.78900,1933.500,2
06:48:16.08500,1933.250,1
06:48:20.19100,1933.250,6
06:48:21.71400,1933.250,27
06:48:22.17100,1933.250,1
06:48:23.95300,1933.500,1
06:48:25.02700,1933.250,7
06:48:29.64000,1933.250,1
06:48:32.69900,1933.250,3
06:48:33.37800,1933.250,6
06:48:33.48800,1933.250,3
06:48:33.62500,1933.250,3
06:48:33.76100,1933.250,3
06:48:38.84700,1933.250,1
06:48:40.31200,1933.250,1
06:48:47.96000,1933.000,73
06:48:49.58900,1933.000,1
06:48:50.55400,1933.000,23
06:48:54.95700,1932.750,8
06:48:55.80400,1932.750,2
06:48:56.08200,1932.750,11
06:48:57.20700,1932.750,1
06:48:59.69100,1932.750,2
06:49:01.32400,1932.750,33
06:49:03.33900,1932.750,1
06:49:03.85100,1932.500,2
06:49:05.73400,1932.750,1
06:49:07.71400,1932.500,1
06:49:10.10100,1932.500,1
06:49:12.46000,1932.750,1
06:49:12.94500,1932.500,1
06:49:13.16400,1932.500,1
06:49:13.42500,1932.500,1
06:49:13.80400,1932.750,29
06:49:14.18300,1932.750,5
06:49:14.46800,1932.750,6
06:49:15.03500,1933.000,6
06:49:28.82800,1933.000,54
06:49:30.84300,1933.000,23
06:49:33.42900,1933.000,1
06:49:34.67100,1933.000,16
06:49:36.66000,1932.750,252
06:49:37.76100,1932.750,84
06:49:38.22200,1932.750,2
06:49:39.53100,1932.750,3
06:49:41.57000,1932.750,56
06:49:44.65600,1932.750,1
06:49:44.93700,1932.750,1
06:49:49.53900,1932.750,1
06:49:55.88200,1932.750,4
06:50:01.26900,1932.750,9
06:50:03.75300,1932.750,18
06:50:04.83200,1932.750,4
06:50:06.72600,1932.750,4
06:50:06.79600,1932.750,1
06:50:07.76900,1932.750,10
06:50:08.68300,1932.750,1
06:50:09.22200,1932.750,5
06:50:09.61300,1933.000,1
06:50:09.91000,1932.750,1
06:50:10.31200,1933.000,1
06:50:10.90600,1933.000,2
06:50:11.01100,1932.750,3
06:50:14.15200,1932.750,1
06:50:23.41700,1933.000,39
06:50:23.96400,1933.000,1
06:50:25.44900,1933.000,68
06:50:26.74600,1933.000,10
06:50:28.59700,1933.000,10
06:50:30.32800,1932.750,10
06:50:31.60100,1932.750,6
06:50:32.31200,1932.750,11
06:50:34.34300,1932.750,1
06:50:35.46800,1932.750,72
06:50:35.73800,1932.500,5
06:50:37.78500,1932.500,20
06:50:38.78100,1932.500,10
06:50:38.96800,1932.500,1
06:50:39.48000,1932.250,141
06:50:40.43300,1932.250,5
06:50:40.91400,1932.250,30
06:50:42.08900,1932.250,3
06:50:42.33500,1932.250,2
06:50:43.38200,1932.250,5
06:50:46.18700,1932.250,10
06:50:49.18300,1932.250,1
06:50:50.69100,1932.250,4
06:50:54.40200,1932.250,7
06:50:54.74200,1932.000,3
06:50:55.40600,1932.250,1
06:50:56.06200,1932.250,1
06:50:59.29600,1932.250,27
06:50:59.57800,1932.500,1
06:51:00.59300,1932.250,6
06:51:01.93300,1932.250,51
06:51:02.51900,1932.250,1
06:51:06.32000,1932.000,1
06:51:07.89400,1932.000,1
06:51:08.56600,1932.250,4
06:51:09.13200,1932.250,62
06:51:10.89800,1932.250,3
06:51:11.20300,1932.250,25
06:51:16.45300,1932.250,5
06:51:20.07400,1932.250,2
06:51:21.90200,1932.000,1
06:51:22.43700,1932.000,6
06:51:26.61700,1932.000,1
06:51:28.64000,1932.000,1
06:51:29.52300,1932.000,4
06:51:33.17900,1932.250,1
06:51:33.45700,1932.250,1
06:51:38.09700,1932.250,1
06:51:44.03100,1932.000,1
06:51:45.69100,1932.000,33
06:51:47.88200,1932.000,25
06:51:50.20700,1932.000,12
06:51:50.45300,1932.000,5
06:51:51.52700,1932.000,5
06:51:54.65200,1932.250,4
06:51:57.62500,1932.000,3
06:51:58.45700,1932.250,6
06:52:06.87500,1932.250,42
06:52:09.35100,1932.250,2
06:52:09.86700,1932.500,14
06:52:11.66000,1932.750,3
06:52:12.09700,1932.500,2
06:52:12.31200,1932.750,2
06:52:14.42500,1932.750,1
06:52:17.67100,1932.750,10
06:52:20.11300,1932.500,18
06:52:21.54600,1932.500,13
06:52:22.11300,1932.500,3
06:52:28.32000,1932.500,2
06:52:30.30000,1932.500,29
06:52:32.87100,1932.500,22
06:52:33.62800,1932.250,33
06:52:33.86300,1932.500,5
06:52:34.03900,1932.500,6
06:52:34.17500,1932.500,6
06:52:35.84300,1932.500,18
06:52:39.51100,1932.500,1
06:52:41.14000,1932.750,64
06:52:43.07400,1932.750,9
06:52:44.34700,1932.750,22
06:52:44.76100,1932.750,3
06:52:44.96400,1932.750,1
06:52:45.32400,1932.500,1
06:52:50.86700,1932.750,15
06:52:52.62800,1932.750,4
06:52:55.14800,1932.750,14
06:52:56.75700,1932.750,7
06:52:57.17500,1932.750,4
06:53:01.15600,1933.000,2
06:53:07.67900,1933.000,1
06:53:10.53100,1932.750,1
06:53:11.92100,1932.750,24
06:53:12.33200,1932.750,1
06:53:13.42900,1932.750,1
06:53:14.20700,1932.750,8
06:53:14.66000,1932.750,3
06:53:18.36700,1932.750,12
06:53:30.95300,1932.750,19
06:53:32.38600,1933.000,10
06:53:35.17500,1932.750,1
06:53:41.03500,1932.750,30
06:53:41.41000,1932.750,1
06:53:42.11700,1932.750,1
06:53:45.15200,1932.750,18
06:53:50.61700,1932.500,19
06:53:51.00300,1932.500,2
06:53:51.62800,1932.500,4
06:53:54.71800,1932.500,2
06:53:57.22200,1932.500,1
06:53:57.69100,1932.500,1
06:53:58.69900,1932.500,25
06:53:59.00300,1932.500,4
06:53:59.84700,1932.500,1
06:54:04.39800,1932.500,14
06:54:05.07400,1932.500,1
06:54:05.37100,1932.500,2
06:54:06.67500,1932.500,1
06:54:08.44900,1932.500,8
06:54:11.40600,1932.500,10
06:54:13.78100,1932.500,1
06:54:13.95300,1932.500,2
06:54:14.68700,1932.500,6
06:54:15.29600,1932.500,5
06:54:16.06200,1932.500,15
06:54:21.78500,1932.750,31
06:54:29.08900,1933.000,1
06:54:31.82800,1933.000,5
06:54:33.66000,1933.000,1
06:54:34.93700,1933.000,1
06:54:36.53900,1932.750,16
06:54:38.30800,1932.750,1
06:54:41.03100,1932.750,1
06:54:43.33500,1933.000,1
06:54:48.03500,1932.750,1
06:54:48.25300,1933.000,1
06:54:52.12800,1932.750,27
06:54:52.21400,1932.750,6
06:54:53.71000,1932.750,1
06:54:59.12500,1932.750,8
06:55:00.16400,1932.750,5
06:55:03.21800,1932.750,1
06:55:03.65200,1933.000,1
06:55:09.46400,1933.000,61
06:55:11.52700,1933.250,6
06:55:12.33500,1933.250,1
06:55:13.41700,1933.250,5
06:55:15.62500,1933.000,10
06:55:16.81600,1933.000,17
06:55:20.28900,1933.000,5
06:55:21.36300,1933.000,2
06:55:21.83500,1933.000,3
06:55:25.67900,1933.000,25
06:55:25.82400,1933.000,3
06:55:26.00000,1933.000,1
06:55:30.33200,1932.750,21
06:55:47.47200,1933.000,1
06:55:53.53900,1932.750,18
06:55:55.44500,1933.000,24
06:55:57.03500,1932.750,1
06:55:57.28100,1932.750,1
06:56:22.50300,1932.750,2
06:56:30.17900,1933.000,4
06:56:33.03100,1933.000,53
06:56:37.89800,1933.000,11
06:56:43.06200,1933.250,1
06:56:46.06600,1933.000,2
06:56:47.05000,1933.250,1
06:56:48.22200,1933.250,17
06:56:48.64400,1933.250,1
06:56:50.41700,1933.250,44
06:56:50.57400,1933.250,4
06:56:56.85100,1933.250,1
06:56:58.76900,1933.250,1
06:56:59.08500,1933.000,35
06:56:59.57000,1933.000,1
06:57:02.65600,1932.750,13
06:57:06.55800,1933.000,3
06:57:07.13200,1932.750,1
06:57:11.33900,1933.000,1
06:57:11.73800,1933.000,5
06:57:13.71400,1933.000,1
06:57:14.01500,1933.000,8
06:57:14.46400,1933.000,1
06:57:14.86700,1933.000,6
06:57:15.50300,1932.750,1
06:57:19.50700,1932.750,21
06:57:19.72200,1932.750,1
06:57:20.03100,1932.750,6
06:57:22.66400,1932.750,5
06:57:23.50700,1932.750,1
06:57:25.46800,1932.750,1
06:57:31.07800,1932.750,1
06:57:41.49200,1932.500,1
06:57:43.21000,1932.750,24
06:57:46.36700,1932.750,5
06:57:50.44500,1932.750,5
06:57:53.66000,1933.000,38
06:58:04.02700,1933.250,24
06:58:07.39400,1933.250,23
06:58:08.46800,1933.500,4
06:58:09.12100,1933.250,1
06:58:12.07400,1933.250,2
06:58:13.41700,1933.500,6
06:58:15.56200,1933.500,1
06:58:22.60100,1933.250,2
06:58:24.69500,1933.250,3
06:58:25.01900,1933.250,2
06:58:25.82400,1933.250,10
06:58:33.50000,1933.250,76
06:58:33.57000,1933.250,4
06:58:34.73000,1933.250,4
06:58:40.28100,1933.250,10
06:58:40.42500,1933.500,2
06:58:44.83500,1933.500,1
06:58:49.42100,1933.250,1
06:58:52.10500,1933.250,1
06:58:52.64400,1933.250,54
06:58:53.62500,1933.250,1
06:58:55.05400,1933.250,5
06:58:57.49200,1933.250,1
06:59:01.03500,1933.250,3
06:59:02.90200,1933.500,43
06:59:05.18300,1933.500,1
06:59:05.55800,1933.750,7
06:59:06.13600,1933.750,1
06:59:08.26500,1933.750,2
06:59:12.30400,1933.750,60
06:59:13.03500,1933.750,50
06:59:13.09700,1933.750,6
06:59:15.08900,1933.750,14
06:59:16.20700,1933.750,1
06:59:16.32400,1933.750,7
06:59:17.18700,1933.750,2
06:59:18.01500,1933.750,9
06:59:20.69100,1934.000,30
06:59:20.88600,1934.000,1
06:59:21.62800,1934.000,6
06:59:23.62500,1933.750,27
06:59:24.64400,1933.750,4
06:59:26.94100,1933.750,1
06:59:27.69100,1933.750,24
06:59:29.66000,1933.750,3
06:59:29.86700,1934.000,5
06:59:32.49200,1934.000,5
06:59:35.58900,1933.750,2
06:59:40.89800,1933.750,3
06:59:41.69900,1934.000,1
06:59:42.58500,1933.750,57
06:59:42.79600,1933.750,6
06:59:43.69900,1933.750,14
06:59:43.94500,1933.750,4
06:59:46.01100,1933.750,1
06:59:46.97200,1933.750,1
06:59:49.26100,1933.500,2
06:59:56.38200,1933.500,2
06:59:59.47600,1933.500,1
07:00:00.20300,1933.750,0
07:00:00.60100,1933.750,4
07:00:01.01100,1933.500,28
07:00:01.23400,1933.500,3
07:00:01.54200,1933.500,9
07:00:02.88200,1933.500,37
07:00:07.83500,1933.500,1
07:00:09.87500,1933.500,1
07:00:10.37100,1933.500,8
07:00:11.21000,1933.500,3
07:00:11.35100,1933.500,1
07:00:12.13600,1933.500,18
07:00:14.18300,1933.500,35
07:00:14.49600,1933.250,4
07:00:14.52700,1933.500,6
07:00:16.36700,1933.500,4
07:00:17.05800,1933.750,48
07:00:19.17500,1933.750,20
07:00:22.02700,1933.750,1
07:00:22.54600,1933.500,1
07:00:24.16400,1933.750,5
07:00:25.31200,1933.500,7
07:00:31.19500,1933.750,2
07:00:31.55000,1933.750,1
07:00:32.29600,1933.750,12
07:00:32.41700,1933.750,11
07:00:34.01500,1933.750,1
07:00:41.06600,1933.750,1
07:00:43.18700,1933.250,219
07:00:43.73400,1933.250,1
07:00:44.87100,1933.250,1
07:00:45.50700,1933.500,68
07:00:45.80400,1933.500,1
07:00:47.87500,1933.750,1
07:00:48.10900,1933.500,68
07:00:48.19500,1933.750,1
07:00:48.33900,1933.500,8
07:00:48.70300,1933.500,1
07:00:49.50700,1933.250,71
07:00:50.05800,1933.500,3
07:00:52.58200,1933.500,1
07:00:55.93300,1933.500,10
07:00:56.43300,1933.500,10
07:00:57.34300,1933.500,5
07:00:57.57400,1933.750,1
07:01:02.47200,1933.500,13
07:01:03.89000,1933.500,65
07:01:04.14400,1933.250,3
07:01:05.83500,1933.500,4
07:01:06.21800,1933.500,1
07:01:14.68300,1933.500,91
07:01:17.71400,1933.750,28
07:01:18.36300,1933.750,1
07:01:20.80800,1934.000,2
07:01:21.14000,1934.000,5
07:01:21.41000,1934.000,69
07:01:22.50300,1934.000,18
07:01:22.87500,1934.000,1
07:01:23.40200,1934.250,41
07:01:23.55400,1934.250,57
07:01:23.69100,1934.250,1
07:01:24.27700,1934.250,40
07:01:24.77300,1934.250,19
07:01:24.85500,1934.250,5
07:01:25.60500,1934.250,10
07:01:26.34300,1934.500,25
07:01:26.58200,1934.250,1
07:01:28.00300,1934.500,1
07:01:28.42500,1934.250,7
07:01:29.29600,1934.500,234
07:01:33.86700,1935.000,647
07:01:33.90600,1935.000,15
07:01:34.07000,1935.000,9
07:01:34.11700,1934.750,2
07:01:34.21400,1935.000,1
07:01:34.38200,1935.000,13
07:01:34.57000,1934.750,1
07:01:34.69900,1934.750,1
07:01:35.16400,1935.000,16
07:01:35.34300,1935.000,21
07:01:35.41000,1935.000,27
07:01:36.77700,1935.250,1
07:01:37.58500,1935.000,1
07:01:38.17900,1935.250,4
07:01:38.63600,1935.000,1
07:01:39.45300,1935.000,1
07:01:41.05000,1935.000,48
07:01:41.33500,1935.000,19
07:01:41.90200,1935.000,5
07:01:41.96000,1935.000,12
07:01:42.36700,1935.000,2
07:01:42.64400,1934.750,1
07:01:42.93700,1935.000,8
07:01:43.36700,1935.000,51
07:01:43.69100,1935.250,3
07:01:44.09300,1935.000,26
07:01:44.92500,1935.000,26
07:01:44.94500,1935.000,10
07:01:46.29200,1935.000,4
07:01:46.48400,1935.000,3
07:01:46.84300,1935.000,1
07:01:47.88200,1934.750,4
07:01:48.67900,1934.750,3
07:01:50.62500,1935.000,20
07:01:52.51500,1935.000,1
07:01:53.96800,1935.000,2
07:01:54.30400,1935.000,1
07:01:55.19900,1934.500,227
07:01:55.42900,1934.500,6
07:01:57.06600,1934.750,21
07:01:58.26500,1934.750,76
07:01:58.94500,1934.750,5
07:02:00.41000,1934.750,2
07:02:00.61700,1934.750,1
07:02:01.35500,1934.750,49
07:02:01.44100,1934.750,3
07:02:01.83500,1934.750,1
07:02:02.64000,1934.750,7
07:02:03.11700,1934.750,1
07:02:03.20700,1934.750,1
07:02:06.06200,1935.000,105
07:02:06.54600,1935.000,6
07:02:06.88600,1935.000,1
07:02:07.61300,1935.000,1
07:02:08.46000,1934.750,115
07:02:09.22600,1935.000,6
07:02:10.83500,1935.250,79
07:02:11.07800,1935.000,1
07:02:11.34300,1935.000,61
07:02:12.96800,1934.750,51
07:02:14.64000,1934.750,3
07:02:14.87800,1934.750,1
07:02:15.10900,1934.500,5
07:02:17.82800,1934.500,1
07:02:18.07800,1934.750,71
07:02:19.01900,1934.750,7
07:02:19.30400,1934.750,28
07:02:20.54600,1934.750,1
07:02:20.78900,1934.750,21
07:02:21.37800,1934.750,64
07:02:22.26100,1934.750,2
07:02:22.41000,1934.750,1
07:02:23.09300,1935.000,20
07:02:23.93700,1934.750,12
07:02:25.12800,1934.750,5
07:02:26.08500,1934.750,21
07:02:26.56200,1934.750,3
07:02:27.27300,1934.750,3
07:02:28.05000,1934.750,6
07:02:28.21000,1934.500,1
07:02:29.06200,1934.750,7
07:02:29.77300,1935.000,20
07:02:30.94500,1934.750,3
07:02:33.06600,1934.750,49
07:02:33.59300,1935.000,31
07:02:36.90600,1935.000,24
07:02:37.55000,1934.750,4
07:02:39.77700,1934.750,1
07:02:41.50300,1934.750,2
07:02:42.90600,1935.000,40
07:02:48.30400,1935.000,9
07:02:48.58900,1935.000,6
07:02:49.08900,1935.000,10
07:02:49.33200,1935.000,3
07:02:49.47200,1935.000,1
07:02:51.43700,1935.250,129
07:02:53.83200,1934.750,184
07:02:54.01900,1935.000,6
07:02:54.62100,1935.000,1
07:02:54.76500,1935.000,15
07:02:54.83500,1935.000,1
07:02:55.05400,1935.000,1
07:02:56.38200,1935.250,167
07:02:57.36700,1935.000,1
07:02:58.49200,1935.000,1
07:02:58.70300,1935.000,36
07:03:00.75300,1935.250,60
07:03:01.34300,1935.250,1
07:03:01.91400,1935.000,76
07:03:03.33900,1935.000,1
07:03:03.93300,1934.750,104
07:03:04.12500,1934.750,1
07:03:04.28100,1934.750,1
07:03:04.40200,1934.750,3
07:03:04.57400,1934.500,19
07:03:04.84300,1934.750,2
07:03:06.13200,1934.500,5
07:03:09.02300,1934.750,8
07:03:09.22200,1934.500,1
07:03:09.30800,1934.750,1
07:03:14.73400,1934.500,4
07:03:15.32000,1934.750,1
07:03:17.49600,1934.750,36
07:03:18.28900,1934.750,23
07:03:20.22600,1934.750,13
07:03:20.36300,1934.750,2
07:03:21.42500,1935.000,61
07:03:23.05800,1934.750,6
07:03:23.19500,1934.750,20
07:03:23.75300,1934.750,5
07:03:24.36700,1934.750,1
07:03:25.16400,1934.750,2
07:03:25.59700,1934.750,1
07:03:26.01900,1934.750,8
07:03:26.33200,1934.750,1
07:03:26.61700,1934.750,1
07:03:27.04200,1934.750,5
07:03:27.59700,1934.750,21
07:03:28.75300,1934.750,1
07:03:28.94900,1934.750,1
07:03:29.19100,1934.750,1
07:03:29.58900,1934.750,2
07:03:29.80800,1934.750,1
07:03:29.95700,1934.750,1
07:03:30.73800,1935.000,1
07:03:31.02700,1935.000,2
07:03:33.41700,1935.000,1
07:03:34.10100,1935.000,1
07:03:34.72200,1934.750,2
07:03:38.95300,1934.750,33
07:03:39.85900,1934.750,3
07:03:40.23400,1934.750,1
07:03:41.50700,1934.750,2
07:03:42.57000,1934.750,2
07:03:43.45300,1934.750,1
07:03:46.67900,1935.000,20
07:03:47.17900,1935.000,14
07:03:49.17500,1935.000,27
07:03:49.53500,1935.000,19
07:03:49.61700,1935.000,13
07:03:53.67500,1934.750,4
07:03:55.35500,1935.000,2
07:03:58.97200,1934.750,4
07:03:59.88200,1935.000,4
07:04:00.74600,1934.750,2
07:04:01.12500,1934.750,126
07:04:01.83200,1934.750,2
07:04:04.92900,1934.500,16
07:04:05.28100,1934.500,2
07:04:07.08900,1934.500,1
07:04:09.07800,1934.750,27
07:04:09.32800,1934.750,1
07:04:10.44500,1935.000,3
07:04:11.01900,1935.000,2
07:04:11.87800,1935.000,1
07:04:12.03900,1935.000,19
07:04:12.17100,1935.000,2
07:04:12.83500,1935.250,2
07:04:14.15600,1935.000,1
07:04:17.12100,1935.250,1
07:04:18.76100,1935.250,7
07:04:19.03500,1935.000,2
07:04:21.80800,1935.000,1
07:04:23.91400,1935.250,281
07:04:25.71400,1935.250,1
07:04:25.86700,1935.000,1
07:04:28.19900,1935.250,26
07:04:30.12500,1935.250,5
07:04:33.59700,1935.000,1
07:04:34.28900,1935.000,230
07:04:34.35100,1935.000,29
07:04:34.51500,1935.000,4
07:04:36.82800,1935.000,18
07:04:37.19900,1935.000,15
07:04:37.39800,1935.000,1
07:04:38.75300,1935.250,100
07:04:43.57400,1935.250,1
07:04:44.51500,1935.000,1
07:04:44.63600,1935.000,3
07:04:45.24200,1935.250,228
07:04:45.35500,1935.250,2
07:04:47.16700,1935.250,1
07:04:48.58900,1935.500,9
07:04:48.71400,1935.500,4
07:04:49.05000,1935.500,1
07:04:49.28500,1935.500,2
07:04:49.91400,1935.250,3
07:04:50.87500,1935.500,3
07:04:51.63600,1935.250,10
07:04:52.18700,1935.250,85
07:04:52.25700,1935.500,57
07:04:52.67100,1935.500,6
07:04:52.93700,1935.500,40
07:04:54.39000,1935.500,20
07:04:56.51500,1935.500,1
07:04:58.22200,1935.500,1
07:05:01.41700,1935.250,72
07:05:02.03900,1935.250,7
07:05:02.14000,1935.250,9
07:05:02.48000,1935.250,3
07:05:04.19100,1935.500,90
07:05:04.25300,1935.500,7
07:05:04.48000,1935.500,35
07:05:04.62100,1935.500,3
07:05:05.25000,1935.750,102
07:05:05.37500,1935.750,14
07:05:05.52300,1935.500,1
07:05:07.01900,1935.500,1
07:05:08.06200,1935.500,1
07:05:08.28900,1935.750,1
07:05:09.25300,1935.500,2
07:05:10.60500,1935.500,3
07:05:12.15200,1935.500,22
07:05:12.60900,1935.500,1
07:05:13.22200,1935.500,1
07:05:13.67900,1935.500,1
07:05:14.31200,1935.250,45
07:05:14.61700,1935.250,2
07:05:14.84300,1935.250,1
07:05:15.58200,1935.250,2
07:05:16.80000,1935.250,13
07:05:18.39000,1935.250,1
07:05:20.74200,1935.000,2
07:05:22.82000,1935.000,1
07:05:23.20300,1935.000,2
07:05:23.43700,1935.250,1
07:05:24.31200,1935.000,1
07:05:25.79200,1935.250,6
07:05:25.96000,1935.000,1
07:05:26.83900,1935.000,1
07:05:27.41400,1935.250,6
07:05:27.94900,1935.000,1
07:05:28.30000,1935.250,74
07:05:29.70700,1935.250,1
07:05:29.92900,1935.250,28
07:05:30.54600,1935.500,73
07:05:30.62100,1935.500,13
07:05:31.21800,1935.250,1
07:05:33.48400,1935.500,40
07:05:36.79200,1935.500,3
07:05:37.23400,1935.250,1
07:05:37.71000,1935.250,1
07:05:38.13200,1935.500,3
07:05:38.60500,1935.500,3
07:05:38.76100,1935.500,21
07:05:39.51500,1935.500,5
07:05:40.05000,1935.250,2
07:05:45.03500,1935.250,1
07:05:45.17100,1935.500,5
07:05:46.07000,1935.500,1
07:05:48.07400,1935.500,4
07:05:48.87800,1935.750,59
07:05:50.32800,1935.500,3
07:05:52.38600,1935.750,125
07:05:52.49600,1936.000,4
07:05:52.71400,1935.750,1
07:05:52.82000,1935.750,1
07:05:53.23000,1935.750,9
07:05:53.37500,1935.500,250
07:05:54.38200,1935.500,25
07:05:55.61300,1935.250,1
07:06:00.36700,1935.500,3
07:06:03.57000,1935.500,1
07:06:03.74200,1935.250,1
07:06:04.87800,1935.500,1
07:06:05.87500,1935.500,2
07:06:06.71000,1935.500,1
07:06:07.78500,1935.250,1
07:06:07.91400,1935.500,1
07:06:09.02700,1935.250,5
07:06:11.33500,1935.500,52
07:06:16.81600,1935.250,1
07:06:18.68300,1935.500,1
07:06:22.51100,1935.250,1
07:06:23.32800,1935.250,1
07:06:25.91700,1935.250,4
07:06:26.12800,1935.250,1
07:06:26.52700,1935.500,1
07:06:27.42500,1935.250,2
07:06:28.75700,1935.500,1
07:06:30.70300,1935.250,101
07:06:34.22600,1935.000,1
07:06:34.54200,1935.250,138
07:06:34.60100,1935.250,10
07:06:36.51900,1935.250,1
07:06:36.77300,1935.250,1
07:06:37.03500,1935.250,1
07:06:37.23800,1935.250,1
07:06:37.65200,1935.250,1
07:06:38.29600,1935.250,1
07:06:38.53500,1935.250,1
07:06:38.71800,1935.250,1
07:06:38.95700,1935.250,1
07:06:39.35900,1935.250,1
07:06:39.87100,1935.250,1
07:06:47.24600,1935.250,44
07:06:49.35500,1935.250,6
07:06:49.49200,1935.250,26
07:06:49.62800,1935.250,6
07:06:49.78100,1935.250,7
07:06:51.95300,1935.250,1
07:06:54.65200,1935.250,1
07:06:55.17900,1935.000,16
07:06:57.45300,1935.250,35
07:06:58.03100,1935.250,28
07:06:59.69900,1935.000,1
07:07:03.07000,1935.000,3
07:07:03.73400,1935.250,7
07:07:03.84700,1935.000,1
07:07:04.08900,1935.000,1
07:07:06.71800,1935.000,1
07:07:08.04600,1935.250,1
07:07:09.08900,1935.000,1
07:07:11.44100,1935.000,52
07:07:17.53500,1934.750,1
07:07:21.08500,1934.750,1
07:07:23.40200,1934.750,1
07:07:25.71800,1935.000,1
07:07:26.43300,1934.750,1
07:07:26.74600,1934.750,3
07:07:27.08500,1934.750,1
07:07:27.45300,1934.750,1
07:07:29.03500,1934.750,1
07:07:30.91000,1934.750,2
07:07:32.88600,1934.750,147
07:07:35.42900,1935.000,1
07:07:36.64400,1935.000,3
07:07:37.12800,1935.000,47
07:07:37.42500,1935.250,37
07:07:38.74200,1935.250,2
07:07:39.14400,1935.000,1
07:07:40.80800,1935.000,25
07:07:42.43300,1934.750,1
07:07:50.69500,1934.750,1
07:07:52.64000,1935.000,10
07:07:55.19100,1935.000,1
07:07:56.55800,1935.000,68
07:07:56.89000,1935.000,3
07:07:57.33200,1935.000,1
07:07:57.96000,1935.000,1
07:07:58.76900,1935.000,52
07:07:59.28500,1935.000,2
07:08:02.06600,1935.250,14
07:08:03.23800,1935.000,4
07:08:04.19900,1935.000,7
07:08:08.57800,1934.750,1
07:08:12.83900,1934.750,1
07:08:13.01900,1934.750,1
07:08:15.05000,1935.000,2
07:08:16.42500,1934.750,1
07:08:18.26900,1934.750,2
07:08:19.17100,1934.750,30
07:08:19.26100,1934.750,6
07:08:19.55800,1934.750,3
07:08:19.76500,1934.750,2
07:08:20.02300,1934.750,5
07:08:21.94900,1934.750,10
07:08:22.18300,1934.750,3
07:08:26.72200,1934.750,12
07:08:28.03900,1934.750,24
07:08:30.45300,1934.500,10
07:08:31.55000,1934.500,1
07:08:36.59300,1934.750,1
07:08:38.53900,1934.750,10
07:08:39.41000,1934.750,40
07:08:39.46800,1934.750,6
07:08:41.28900,1935.000,6
07:08:41.46000,1935.000,3
07:08:42.80400,1935.000,9
07:08:42.93300,1934.750,1
07:08:44.01100,1935.000,2
07:08:44.27700,1934.750,1
07:08:45.51100,1934.750,1
07:08:47.46800,1935.000,5
07:08:50.01900,1935.000,2
07:08:51.38600,1935.000,27
07:08:51.50700,1935.000,3
07:08:52.76100,1935.000,7
07:08:54.71000,1934.750,2
07:08:58.14400,1934.750,37
07:09:03.18700,1934.750,6
07:09:04.12800,1934.750,1
07:09:08.01900,1934.750,2
07:09:13.56200,1934.750,62
07:09:14.06200,1934.750,2
07:09:15.36300,1934.750,5
07:09:17.08900,1934.750,17
07:09:17.57000,1934.750,1
07:09:17.71000,1934.750,4
07:09:17.82000,1934.750,9
07:09:18.00700,1935.000,4
07:09:18.82800,1934.750,2
07:09:22.00300,1934.750,1
07:09:22.79600,1934.750,2
07:09:28.64000,1935.000,1
07:09:30.24600,1934.750,147
07:09:30.31200,1934.750,7
07:09:32.13600,1934.500,2
07:09:35.67900,1934.750,1
07:09:40.48400,1934.500,1
07:09:41.03100,1934.500,1
07:09:41.79600,1934.750,1
07:09:45.54600,1934.500,1
07:09:48.53100,1934.500,3
07:09:50.00000,1934.750,1
07:09:50.38600,1934.750,4
07:09:54.00300,1934.750,50
07:09:54.14800,1935.000,1
07:09:56.24600,1934.750,1
07:10:03.15200,1934.750,118
07:10:03.29200,1934.750,3
07:10:03.60900,1934.750,22
07:10:04.03100,1934.750,6
07:10:05.68700,1934.750,5
07:10:06.39000,1934.750,1
07:10:07.29200,1934.750,1
07:10:07.58500,1934.750,3
07:10:09.12800,1935.000,8
07:10:09.70700,1935.000,49
07:10:10.41700,1935.250,7
07:10:16.08200,1935.000,103
07:10:16.11300,1935.000,15
07:10:16.32800,1935.000,1
07:10:16.58900,1935.000,3
07:10:16.84300,1935.000,1
07:10:17.89000,1935.000,12
07:10:18.21400,1935.000,10
07:10:18.43300,1935.000,3
07:10:18.83900,1935.000,1
07:10:19.26100,1934.750,1
07:10:19.83200,1935.000,10
07:10:21.69100,1935.250,1
07:10:22.83900,1935.250,10
07:10:26.89400,1935.000,2
07:10:27.44500,1935.000,17
07:10:29.82800,1935.000,11
07:10:30.75000,1935.000,1
07:10:32.50700,1935.000,12
07:10:32.82400,1935.000,12
07:10:33.19100,1935.000,1
07:10:37.28100,1935.000,1
07:10:38.13200,1935.000,6
07:10:41.37500,1935.000,3
07:10:43.21400,1934.750,1
07:10:43.90600,1935.000,1
07:10:44.44900,1935.000,1
07:10:45.55800,1935.000,1
07:10:48.71800,1935.000,1
07:10:49.72200,1935.000,26
07:10:50.02300,1935.000,10
07:10:50.87500,1935.000,1
07:10:51.18300,1935.000,12
07:10:53.05800,1935.000,1
07:10:54.83500,1935.000,5
07:10:58.76500,1934.750,4
07:10:58.96000,1934.750,47
07:10:59.07000,1934.750,6
07:11:04.35900,1935.000,3
07:11:09.08500,1935.000,17
07:11:12.67100,1935.250,9
07:11:13.67900,1935.000,12
07:11:14.02300,1935.000,9
07:11:14.71800,1935.000,5
07:11:15.57800,1935.000,3
07:11:15.67100,1935.000,1
07:11:18.23400,1935.000,11
07:11:19.25700,1935.000,38
07:11:19.57800,1935.000,1
07:11:20.20300,1935.000,20
07:11:27.01900,1935.250,6
07:11:30.23000,1935.250,1
07:11:33.15200,1935.250,75
07:11:33.22200,1935.250,3
07:11:33.29600,1935.250,7
07:11:33.71000,1935.250,5
07:11:35.33200,1935.000,1
07:11:35.97200,1935.250,12
07:11:37.31200,1935.250,2
07:11:39.11300,1935.000,1
07:11:41.32400,1935.250,14
07:11:43.79200,1935.250,7
07:11:45.78100,1935.250,15
07:11:47.59300,1935.250,6
07:11:47.73000,1935.250,6
07:11:48.74200,1935.250,13
07:11:49.84300,1935.250,3
07:12:02.62800,1935.250,17
07:12:02.81600,1935.000,40
07:12:02.92500,1935.000,59
07:12:03.05000,1935.000,16
07:12:07.37500,1935.000,23
07:12:09.24600,1935.250,1
07:12:10.08200,1935.000,1
07:12:13.67500,1935.250,5
07:12:15.02300,1935.250,2
07:12:15.14400,1935.000,1
07:12:16.73000,1935.250,18
07:12:17.05400,1935.250,12
07:12:19.17100,1935.250,37
07:12:24.08900,1935.500,156
07:12:24.13200,1935.500,2
07:12:25.29600,1935.500,6
07:12:25.66000,1935.750,2
07:12:25.80800,1935.750,2
07:12:25.96400,1935.750,2
07:12:26.23000,1935.750,81
07:12:27.40200,1935.500,1
07:12:27.51500,1935.500,21
07:12:29.10500,1935.500,37
07:12:29.23000,1935.500,1
07:12:29.74200,1935.500,1
07:12:29.87800,1935.500,1
07:12:30.28900,1935.500,25
07:12:30.71400,1935.750,1
07:12:31.10100,1935.750,23
07:12:31.30800,1935.750,65
07:12:31.59700,1935.750,20
07:12:36.28500,1936.000,335
07:12:36.76500,1936.000,2
07:12:37.71000,1935.750,3
07:12:38.32000,1936.000,1
07:12:41.07400,1936.000,2
07:12:42.96400,1936.000,68
07:12:42.96400,1936.000,11
07:12:42.96400,1936.000,18
07:12:43.08200,1936.000,71
07:12:43.10900,1936.000,1
07:12:43.26900,1936.000,28
07:12:44.61300,1936.250,19
07:12:44.90600,1936.250,1
07:12:45.43700,1936.000,1
07:12:45.91000,1936.000,11
07:12:46.47200,1936.250,4
07:12:47.11700,1936.000,3
07:12:47.33200,1936.000,6
07:12:47.53500,1936.000,7
07:12:48.22600,1936.000,1
07:12:48.65200,1936.250,3
07:12:49.32000,1936.250,1
07:12:50.24200,1936.250,1
07:12:50.61300,1936.000,24
07:12:52.67900,1936.250,1
07:12:53.55000,1936.250,1
07:12:55.02300,1936.000,11
07:12:55.21000,1936.000,17
07:12:55.57800,1936.000,1
07:12:55.95300,1936.000,1
07:12:56.76500,1936.000,6
07:12:57.55400,1936.000,16
07:12:58.32400,1936.000,1
07:12:58.52700,1936.000,10
07:12:59.04600,1936.000,3
07:12:59.25300,1936.250,240
07:12:59.26500,1936.250,3
07:13:00.48400,1936.250,2
07:13:00.65200,1936.500,13
07:13:00.89000,1936.500,3
07:13:01.28900,1936.500,11
07:13:01.74600,1936.500,1
07:13:02.35500,1936.500,3
07:13:03.20300,1936.250,3
07:13:03.46000,1936.250,36
07:13:04.10900,1936.250,1
07:13:04.36300,1936.250,1
07:13:07.17100,1936.250,16
07:13:08.66000,1936.250,2
07:13:08.86300,1936.000,11
07:13:09.05000,1936.250,21
07:13:09.14000,1936.250,1
07:13:09.85900,1936.500,6
07:13:13.11700,1936.500,10
07:13:13.41400,1936.500,53
07:13:14.96400,1936.500,33
07:13:17.25700,1936.500,1
07:13:17.77700,1936.500,1
07:13:17.86700,1936.750,62
07:13:19.67900,1936.500,1
07:13:20.37500,1936.750,67
07:13:20.42900,1936.750,50
07:13:22.27300,1936.500,5
07:13:22.71800,1936.750,11
07:13:24.02700,1936.750,6
07:13:24.49600,1936.500,1
07:13:24.80400,1936.500,63
07:13:26.30000,1936.500,32
07:13:26.58500,1936.500,12
07:13:26.72600,1936.500,3
07:13:27.19100,1936.250,6
07:13:27.96800,1936.500,1
07:13:28.55000,1936.500,1
07:13:31.68300,1936.500,6
07:13:32.45300,1936.500,1
07:13:32.96400,1936.500,3
07:13:34.18300,1936.250,1
07:13:34.60500,1936.250,1
07:13:35.73400,1936.250,168
07:13:36.75700,1936.250,3
07:13:37.11700,1936.250,1
07:13:37.23400,1936.500,7
07:13:41.69100,1936.500,4
07:13:41.95300,1936.250,2
07:13:42.26100,1936.500,3
07:13:42.51100,1936.250,14
07:13:42.59700,1936.250,12
07:13:42.73800,1936.250,6
07:13:42.92900,1936.250,4
07:13:43.03500,1936.250,3
07:13:43.16700,1936.250,3
07:13:43.46400,1936.000,2
07:13:43.69900,1936.000,1
07:13:48.23400,1936.250,1
07:13:48.90600,1936.000,49
07:13:49.30000,1936.000,3
07:13:49.57000,1936.000,6
07:13:49.70300,1936.000,3
07:13:49.88600,1935.750,4
07:13:49.97200,1936.000,3
07:13:50.12800,1936.000,3
07:13:50.19100,1936.000,3
07:13:50.26900,1936.000,17
07:13:50.94100,1936.000,19
07:13:54.85500,1936.250,75
07:13:55.27700,1936.250,47
07:13:57.53500,1936.250,1
07:13:58.63600,1936.250,1
07:13:59.35900,1936.250,12
07:14:02.67500,1936.250,9
07:14:05.25700,1936.250,120
07:14:07.42500,1936.000,1
07:14:07.63200,1936.250,36
07:14:08.14400,1936.250,1
07:14:08.41000,1936.500,1
07:14:08.50700,1936.500,1
07:14:08.67500,1936.500,1
07:14:09.14000,1936.500,48
07:14:09.34700,1936.500,14
07:14:09.49200,1936.750,9
07:14:09.62800,1936.750,9
07:14:10.46400,1936.500,4
07:14:11.09700,1936.500,20
07:14:11.33500,1936.500,5
07:14:13.60100,1936.250,108
07:14:15.35500,1936.000,64
07:14:15.92900,1936.000,16
07:14:16.31200,1936.000,6
07:14:16.51100,1936.000,22
07:14:16.68700,1936.250,13
07:14:19.14000,1936.250,6
07:14:30.47600,1936.250,12
07:14:30.50700,1936.250,6
07:14:31.44900,1936.000,1
07:14:32.48000,1936.250,6
07:14:33.08200,1936.250,1
07:14:33.15600,1936.250,3
07:14:35.18700,1936.000,59
07:14:38.49200,1936.000,1
07:14:39.82400,1936.000,1
07:14:40.38600,1936.250,6
07:14:40.51900,1936.250,12
07:14:41.19900,1936.250,3
07:14:41.43700,1936.250,3
07:14:42.19100,1936.000,2
07:14:42.56200,1936.000,1
07:14:42.78100,1936.000,1
07:14:43.02300,1936.000,2
07:14:43.31600,1936.000,1
07:14:47.52700,1936.000,1
07:14:49.05800,1936.000,2
07:14:51.39800,1936.250,1
07:14:51.57400,1936.000,1
07:14:51.76500,1936.250,10
07:14:54.10100,1936.250,9
07:14:54.15600,1936.250,54
07:14:56.07400,1936.500,6
07:14:56.63200,1936.250,1
07:14:56.81200,1936.500,5
07:14:58.35100,1936.500,7
07:14:58.82400,1936.500,18
07:14:59.38600,1936.500,6
07:15:01.53500,1936.500,7
07:15:02.07400,1936.500,29
07:15:02.12800,1936.500,2
07:15:03.07400,1936.500,6
07:15:03.16000,1936.500,8
07:15:03.53100,1936.500,1
07:15:05.13200,1936.500,10
07:15:05.67100,1936.500,21
07:15:05.73400,1936.500,1
07:15:05.83500,1936.500,12
07:15:06.11700,1936.750,1
07:15:07.10100,1936.500,1
07:15:08.23400,1936.500,31
07:15:08.52700,1936.500,1
07:15:09.13600,1936.500,9
07:15:09.25000,1936.500,4
07:15:11.21400,1936.750,20
07:15:13.00300,1936.750,2
07:15:16.57000,1936.750,1
07:15:18.29600,1936.500,15
07:15:20.23400,1936.500,1
07:15:21.02700,1936.750,1
07:15:22.42100,1936.500,61
07:15:22.61700,1936.250,1
07:15:23.83500,1936.250,1
07:15:24.16400,1936.500,1
07:15:29.04600,1936.250,4
07:15:30.48400,1936.250,6
07:15:31.16400,1936.250,16
07:15:31.33200,1936.250,5
07:15:31.44100,1936.250,9
07:15:31.53500,1936.250,2
07:15:31.59700,1936.250,8
07:15:31.79600,1936.250,79
07:15:32.81600,1936.250,1
07:15:33.03100,1936.250,1
07:15:35.52300,1936.250,55
07:15:35.92100,1936.250,1
07:15:37.08900,1936.000,44
07:15:37.17100,1936.000,1
07:15:37.89000,1936.000,10
07:15:38.28900,1936.250,10
07:15:38.90600,1936.250,10
07:15:39.06600,1936.250,4
07:15:39.63200,1936.250,6
07:15:39.85500,1936.250,10
07:15:40.03100,1936.250,49
07:15:41.54600,1936.250,10
07:15:41.96000,1936.250,1
07:15:45.33500,1936.250,5
07:15:46.71400,1936.250,1
07:15:51.19100,1936.500,6
07:15:51.43300,1936.500,12
07:15:51.68300,1936.500,6
07:15:52.21800,1936.500,6
07:16:08.16700,1936.250,99
07:16:08.25000,1936.500,1
07:16:13.51500,1936.250,168
07:16:16.43700,1936.250,6
07:16:16.70700,1936.250,114
07:16:20.64800,1936.000,42
07:16:21.50700,1936.000,5
07:16:21.56200,1936.000,1
07:16:21.89000,1936.000,3
07:16:23.03500,1936.000,3
07:16:23.18700,1936.000,5
07:16:24.02700,1936.000,1
07:16:24.39800,1935.750,1
07:16:29.01100,1935.750,2
07:16:31.09300,1935.750,122
07:16:31.83500,1935.750,1
07:16:32.02300,1935.750,61
07:16:32.18700,1935.750,1
07:16:32.20700,1936.000,6
07:16:35.20300,1935.750,41
07:16:35.68700,1935.750,60
07:16:35.81600,1935.500,17
07:16:36.30400,1935.500,17
07:16:37.15600,1935.750,1
07:16:39.07400,1935.500,1
07:16:39.91400,1935.750,6
07:16:40.21000,1935.500,1
07:16:41.78900,1935.750,41
07:16:41.94500,1935.500,100
07:16:42.29200,1935.500,23
07:16:42.62500,1935.750,7
07:16:44.02300,1935.500,25
07:16:45.53500,1935.500,1
07:16:46.92900,1935.500,8
07:16:46.96400,1935.500,7
07:16:47.33900,1935.750,10
07:16:49.08900,1935.750,10
07:16:54.33900,1935.500,1
07:16:55.29600,1935.500,23
07:16:55.48400,1935.500,6
07:16:56.82400,1935.500,21
07:16:57.29200,1935.500,1
07:16:57.80000,1935.500,1
07:16:58.37500,1935.500,1
07:16:59.67100,1935.500,3
07:17:01.18300,1935.250,6
07:17:02.56600,1935.250,2
07:17:04.04600,1935.500,3
07:17:04.73000,1935.250,4
07:17:04.91400,1935.500,55
07:17:06.67500,1935.250,6
07:17:08.46000,1935.500,7
07:17:09.28100,1935.250,1
07:17:09.46400,1935.250,41
07:17:09.53500,1935.250,55
07:17:09.63600,1935.250,4
07:17:09.66700,1935.250,5
07:17:11.87800,1935.250,1
07:17:14.19100,1935.500,2
07:17:15.63600,1935.500,4
07:17:19.71400,1935.500,1
07:17:20.06600,1935.500,55
07:17:20.21400,1935.500,2
07:17:20.30000,1935.500,1
07:17:20.49200,1935.500,2
07:17:20.68700,1935.500,1
07:17:21.01900,1935.500,1
07:17:21.39400,1935.500,6
07:17:21.67500,1935.500,4
07:17:23.55800,1935.500,20
07:17:24.88600,1935.500,4
07:17:29.51900,1935.500,6
07:17:29.54200,1935.500,3
07:17:29.67900,1935.500,119
07:17:29.71000,1935.500,3
07:17:31.12500,1935.500,6
07:17:34.14400,1935.250,1
07:17:35.74200,1935.250,49
07:17:35.84700,1935.250,3
07:17:36.89800,1935.250,6
07:17:38.27700,1935.000,3
07:17:39.10100,1935.000,32
07:17:39.30000,1935.000,44
07:17:39.47600,1935.000,2
07:17:40.01100,1935.000,5
07:17:40.42500,1935.000,22
07:17:40.68300,1935.000,5
07:17:41.30800,1935.000,9
07:17:41.75000,1935.000,1
07:17:42.44100,1935.000,2
07:17:43.22600,1935.000,3
07:17:43.46000,1935.000,1
07:17:43.53500,1934.750,3
07:17:44.30800,1935.000,1
07:17:44.49600,1935.000,25
07:17:45.43300,1934.750,1
07:17:47.30800,1934.750,34
07:17:47.79600,1935.000,18
07:17:48.88200,1934.750,1
07:17:49.44100,1935.000,1
07:17:50.16000,1935.000,3
07:17:50.58500,1934.750,1
07:17:50.82400,1934.750,1
07:17:51.00700,1934.750,1
07:17:51.25300,1934.750,1
07:17:52.15600,1934.750,1
07:17:55.85100,1934.750,1
07:17:57.34700,1935.000,70
07:17:58.92900,1935.000,2
07:17:59.55800,1935.000,4
07:17:59.90600,1935.000,10
07:18:00.68700,1935.000,19
07:18:01.26500,1935.000,3
07:18:01.63600,1935.000,9
07:18:03.03500,1935.250,2
07:18:03.05400,1935.000,1
07:18:04.85900,1935.000,2
07:18:05.06600,1935.250,1
07:18:06.61700,1935.250,5
07:18:09.65200,1935.250,28
07:18:10.02300,1935.250,68
07:18:22.52300,1935.000,10
07:18:25.57800,1935.250,1
07:18:26.23000,1935.000,48
07:18:30.60500,1934.750,1
07:18:30.87100,1935.000,1
07:18:39.89400,1935.000,58
07:18:40.36300,1935.000,1
07:18:42.21400,1935.000,1
07:18:42.60100,1935.000,47
07:18:47.92100,1935.000,6
07:18:52.75300,1935.000,1
07:18:57.06200,1934.750,1
07:18:58.62800,1934.750,1
07:18:59.01100,1934.750,2
07:18:59.24600,1934.750,1
07:18:59.41000,1935.000,1
07:18:59.54600,1934.750,1
07:19:00.50300,1934.750,3
07:19:00.66000,1934.750,1
07:19:00.90600,1934.750,1
07:19:01.59300,1934.750,1
07:19:01.90600,1934.750,2
07:19:02.09700,1934.750,1
07:19:02.24600,1934.750,1
07:19:02.48000,1935.000,8
07:19:02.80400,1934.750,5
07:19:02.93700,1934.750,2
07:19:05.60100,1935.000,3
07:19:06.64400,1935.000,2
07:19:07.75300,1934.750,10
07:19:07.90200,1935.000,1
07:19:09.14400,1935.000,3
07:19:11.26500,1934.750,4
07:19:12.07800,1935.000,15
07:19:12.66000,1935.000,47
07:19:13.70700,1935.000,1
07:19:13.78500,1935.000,1
07:19:14.94500,1935.000,6
07:19:15.76900,1935.000,1
07:19:22.59700,1935.000,2
07:19:25.68300,1935.250,2
07:19:26.32800,1935.000,2
07:19:28.09300,1935.000,106
07:19:28.17100,1935.000,3
07:19:29.19900,1935.000,1
07:19:30.10500,1935.000,10
07:19:30.73400,1935.000,2
07:19:30.79600,1935.000,1
07:19:34.56200,1935.000,1
07:19:35.02700,1934.750,1
07:19:36.38600,1934.750,1
07:19:36.78900,1934.750,2
07:19:37.02700,1934.750,1
07:19:39.16700,1934.750,4
07:19:39.44100,1934.750,1
07:19:45.85500,1934.750,5
07:19:48.11300,1934.750,2
07:19:48.56600,1935.000,3
07:19:54.60500,1935.000,2
07:19:55.35100,1935.000,110
07:19:57.49600,1935.000,2
07:19:57.78100,1935.000,5
07:19:59.06600,1935.000,5
07:20:00.15600,1935.250,5
07:20:00.43300,1935.250,3
07:20:02.17900,1935.250,36
07:20:03.25300,1935.250,1
07:20:04.55400,1935.250,28
07:20:06.28100,1935.250,1
07:20:09.11300,1935.250,18
07:20:10.07800,1935.250,1
07:20:10.28900,1935.500,2
07:20:10.53100,1935.250,10
07:20:10.92500,1935.250,1
07:20:11.60500,1935.000,1
07:20:12.04200,1935.000,1
07:20:17.00000,1935.250,1
07:20:17.20300,1935.250,31
07:20:18.51500,1935.250,7
07:20:18.75700,1935.000,1
07:20:19.16000,1935.250,4
07:20:20.58500,1935.250,19
07:20:21.30800,1935.250,2
07:20:26.20700,1935.250,3
07:20:28.12100,1935.500,48
07:20:28.49200,1935.500,6
07:20:29.23800,1935.500,14
07:20:30.67100,1935.250,41
07:20:31.01900,1935.250,1
07:20:33.62100,1935.000,19
07:20:34.24200,1935.000,1
07:20:34.72200,1935.000,8
07:20:34.88200,1935.000,2
07:20:35.53900,1935.000,3
07:20:35.82800,1935.000,10
07:20:37.30800,1934.750,30
07:20:37.62500,1934.750,1
07:20:39.23400,1934.750,1
07:20:39.56200,1934.750,1
07:20:40.37500,1934.750,3
07:20:40.59700,1934.750,13
07:20:40.92100,1934.750,13
07:20:41.06200,1934.750,3
07:20:41.42100,1934.750,20
07:20:41.72600,1934.750,2
07:20:43.25700,1935.000,9
07:20:43.37100,1934.750,2
07:20:44.86700,1935.000,3
07:20:45.05400,1935.000,1
07:20:47.96800,1935.000,116
07:20:49.04200,1935.000,47
07:20:50.33200,1935.000,1
07:20:54.59700,1934.500,552
07:20:54.59700,1934.500,22
07:20:54.62800,1934.750,95
07:20:54.66000,1934.750,40
07:20:54.72600,1934.500,23
07:20:54.90200,1934.750,12
07:20:55.52700,1934.750,24
07:20:55.93300,1934.750,5
07:20:56.17900,1934.750,4
07:20:56.67900,1934.750,9
07:20:56.82400,1934.750,1
07:20:57.05800,1934.750,2
07:20:57.16000,1934.750,1
07:20:57.46800,1934.750,5
07:20:57.75300,1934.750,2
07:20:57.89400,1934.750,1
07:20:58.05800,1934.750,1
07:20:58.73800,1934.750,1
07:20:58.83500,1934.750,1
07:20:59.63200,1934.750,4
07:21:00.93700,1934.750,8
07:21:02.43700,1934.750,17
07:21:03.37500,1934.750,18
07:21:03.66000,1934.750,2
07:21:03.83200,1934.750,1
07:21:10.75300,1934.750,52
07:21:20.77300,1934.750,5
07:21:22.73400,1934.750,42
07:21:22.76900,1934.750,2
07:21:23.16000,1934.750,1
07:21:23.55000,1934.750,1
07:21:23.80000,1934.750,5
07:21:24.35900,1935.000,10
07:21:27.90600,1934.500,31
07:21:29.45700,1934.500,34
07:21:32.17500,1934.500,3
07:21:33.65200,1934.500,26
07:21:34.16000,1934.750,91
07:21:34.26500,1934.750,1
07:21:34.33500,1934.750,4
07:21:43.68700,1934.750,32
07:21:44.62800,1934.750,5
07:21:44.88200,1934.750,3
07:21:45.76500,1934.750,2
07:21:45.88600,1934.750,1
07:21:47.46800,1934.750,5
07:21:49.82800,1934.750,1
07:21:50.03900,1934.750,5
07:21:52.44100,1934.750,15
07:21:53.21800,1934.500,20
07:21:55.07400,1934.500,2
07:21:58.19500,1934.750,1
07:21:58.48000,1934.750,10
07:22:02.25300,1934.500,22
07:22:03.07800,1934.500,7
07:22:03.73000,1934.500,1
07:22:04.41400,1934.500,28
07:22:05.00700,1934.500,3
07:22:05.35500,1934.500,32
07:22:05.67500,1934.500,14
07:22:06.09300,1934.500,5
07:22:06.50300,1934.500,7
07:22:08.35100,1934.750,20
07:22:10.51500,1934.750,4
07:22:14.59300,1934.750,53
07:22:16.25300,1934.750,26
07:22:20.41000,1934.750,33
07:22:21.67500,1934.750,41
07:22:23.04200,1935.000,1
07:22:23.34700,1934.750,5
07:22:24.91700,1934.750,1
07:22:27.00000,1935.000,5
07:22:30.38200,1934.750,39
07:22:30.54600,1934.750,5
07:22:31.07400,1934.750,1
07:22:32.21400,1934.750,29
07:22:33.58900,1934.500,7
07:22:35.83500,1934.750,21
07:22:36.36700,1934.750,2
07:22:40.91700,1934.750,1
07:22:41.91000,1934.750,39
07:22:42.51900,1934.750,13
07:22:43.00300,1934.750,1
07:22:45.19500,1935.000,1
07:22:49.71000,1935.000,1
07:22:50.06200,1934.750,17
07:22:57.27700,1934.750,30
07:22:57.85900,1935.000,1
07:22:58.62800,1934.750,3
07:22:59.13600,1934.750,2
07:23:00.57400,1935.000,14
07:23:00.71000,1935.000,6
07:23:00.84700,1935.000,6
07:23:04.46400,1934.750,17
07:23:04.84300,1934.500,1
07:23:08.96800,1934.750,1
07:23:10.00000,1934.750,20
07:23:17.16000,1935.000,2
07:23:17.36700,1935.000,61
07:23:18.42500,1935.000,2
07:23:18.73400,1935.250,3
07:23:19.43300,1935.000,2
07:23:19.63200,1935.000,25
07:23:20.15600,1935.000,1
07:23:21.25000,1935.000,3
07:23:21.73000,1935.000,7
07:23:22.20700,1935.000,4
07:23:22.68300,1935.000,4
07:23:26.23000,1935.000,2
07:23:30.43300,1935.000,61
07:23:32.18300,1935.000,6
07:23:33.08200,1935.000,4
07:23:34.69900,1935.000,4
07:23:38.67100,1934.750,15
07:23:41.19500,1934.750,9
07:23:43.16700,1934.750,1
07:23:49.16400,1934.750,1
07:23:51.27700,1934.750,1
07:23:56.71400,1934.500,62
07:23:56.85500,1934.500,5
07:23:56.95300,1934.500,2
07:23:57.81600,1934.500,1
07:23:59.03100,1934.250,1
07:24:00.93300,1934.250,4
07:24:01.33200,1934.500,1
07:24:02.04600,1934.500,80
07:24:02.09700,1934.500,1
07:24:02.18700,1934.500,5
07:24:02.51100,1934.500,5
07:24:03.02700,1934.500,27
07:24:04.41400,1934.500,2
07:24:04.74600,1934.500,1
07:24:06.39400,1934.500,53
07:24:11.14400,1934.500,36
07:24:11.21800,1934.500,9
07:24:13.89000,1934.500,3
07:24:14.11700,1934.500,14
07:24:15.17100,1934.500,1
07:24:19.63600,1934.500,4
07:24:21.80000,1934.500,34
07:24:22.50300,1934.500,1
07:24:24.63600,1934.500,7
07:24:27.11700,1934.500,24
07:24:27.41400,1934.500,9
07:24:27.53900,1934.500,1
07:24:29.55800,1934.250,5
07:24:32.77300,1934.500,1
07:24:40.06600,1934.250,1
07:24:41.77300,1934.250,1
07:24:41.90200,1934.500,1
07:24:43.20700,1934.500,32
07:24:44.25000,1934.500,5
07:24:45.14800,1934.750,2
07:24:49.55800,1934.750,1
07:24:54.59300,1934.750,16
07:24:59.08200,1934.750,6
07:25:06.90200,1934.500,2
07:25:08.20300,1934.500,1
07:25:08.79200,1934.500,1
07:25:09.46400,1934.500,47
07:25:09.54200,1934.500,2
07:25:10.06600,1934.500,1
07:25:14.89000,1934.500,24
07:25:17.86700,1934.500,13
07:25:18.74600,1934.500,1
07:25:21.10500,1934.250,1
07:25:22.64400,1934.250,3
07:25:28.74600,1934.500,83
07:25:28.89000,1934.750,1
07:25:34.32400,1934.500,1
07:25:37.09700,1934.750,1
07:25:38.30800,1934.500,3
07:25:38.48000,1934.500,8
07:25:38.59300,1934.500,15
07:25:39.74200,1934.500,1
07:25:40.85500,1934.500,5
07:25:40.94500,1934.500,1
07:25:41.55000,1934.500,1
07:25:42.18300,1934.500,1
07:25:42.67100,1934.500,5
07:25:42.93700,1934.500,10
07:25:45.39000,1934.500,4
07:25:47.22200,1934.500,13
07:25:47.82000,1934.500,1
07:25:48.43300,1934.500,2
07:25:49.25700,1934.500,3
07:25:52.82000,1934.250,26
07:25:56.67900,1934.250,4
07:25:58.58200,1934.250,1
07:26:01.55800,1934.250,33
07:26:05.25000,1934.500,7
07:26:08.67500,1934.250,144
07:26:09.68300,1934.500,1
07:26:11.35500,1934.500,6
07:26:11.79600,1934.500,3
07:26:12.10500,1934.500,33
07:26:13.00700,1934.750,2
07:26:17.80000,1934.500,1
07:26:18.69500,1934.500,52
07:26:19.57400,1934.500,3
07:26:24.88200,1934.500,19
07:26:25.10900,1934.500,1
07:26:25.86300,1934.250,2
07:26:26.36700,1934.250,5
07:26:26.59300,1934.250,35
07:26:27.45700,1934.250,9
07:26:29.94900,1933.750,235
07:26:30.15600,1933.750,2
07:26:30.31200,1934.000,1
07:26:30.87800,1934.000,1
07:26:32.42500,1934.000,1
07:26:33.03100,1933.750,1
07:26:36.37100,1933.750,1
07:26:38.78900,1933.750,86
07:26:38.91700,1934.000,4
07:26:39.94100,1934.000,3
07:26:40.50000,1933.750,6
07:26:42.70700,1934.000,28
07:26:43.56600,1934.000,2
07:26:43.75000,1934.000,2
07:26:48.14000,1933.750,1
07:26:49.89800,1933.750,1
07:26:51.40200,1933.750,1
07:26:53.55400,1933.750,1
07:26:54.26900,1933.750,1
07:26:56.10500,1934.000,1
07:26:58.26500,1933.750,36
07:26:59.69900,1933.750,3
07:27:00.63600,1933.750,2
07:27:05.41400,1933.500,33
07:27:09.17500,1933.750,7
07:27:09.35900,1933.500,4
07:27:10.26500,1933.500,1
07:27:10.64400,1933.500,1
07:27:12.04200,1933.500,1
07:27:12.36300,1933.500,56
07:27:12.57000,1933.250,178
07:27:12.63200,1933.250,17
07:27:14.07800,1933.500,1
07:27:14.96800,1933.500,1
07:27:15.51900,1933.500,39
07:27:16.15600,1933.500,1
07:27:16.52300,1933.250,1
07:27:17.21000,1933.500,1
07:27:23.28900,1933.250,5
07:27:24.42500,1933.500,46
07:27:25.12500,1933.250,2
07:27:27.94100,1933.500,2
07:27:29.01100,1933.250,1
07:27:30.92500,1933.500,2
07:27:31.95300,1933.500,29
07:27:34.84700,1933.500,26
07:27:36.80800,1933.500,1
07:27:46.63600,1933.500,1
07:27:47.93300,1933.250,65
07:27:50.31600,1933.500,1
07:27:51.10100,1933.500,1
07:27:51.71800,1933.250,1
07:27:53.85100,1933.250,1
07:27:55.43300,1933.250,1
07:27:55.62500,1933.250,1
07:27:57.03100,1933.250,5
07:27:58.51100,1933.250,1
07:28:02.20700,1933.250,2
07:28:04.16000,1933.250,1
07:28:04.64400,1933.250,1
07:28:05.04200,1933.250,5
07:28:05.20300,1933.250,3
07:28:05.69500,1933.250,31
07:28:06.69500,1933.250,3
07:28:06.88600,1933.000,4
07:28:09.25000,1933.250,43
07:28:09.34700,1933.250,1
07:28:10.82400,1933.250,1
07:28:12.78500,1933.250,1
07:28:13.00300,1933.250,1
07:28:18.64000,1933.250,1
07:28:19.49200,1933.250,2
07:28:20.21800,1933.250,1
07:28:24.55400,1933.500,12
07:28:25.39400,1933.500,1
07:28:25.58500,1933.250,1
07:28:26.14000,1933.500,1
07:28:27.23400,1933.500,97
07:28:27.37100,1933.500,29
07:28:27.43700,1933.500,5
07:28:29.43700,1933.250,9
07:28:33.17100,1933.500,32
07:28:35.32000,1933.500,13
07:28:35.83900,1933.500,12
07:28:37.39400,1933.500,13
07:28:37.88200,1933.750,1
07:28:38.91400,1933.500,77
07:28:41.77700,1933.750,6
07:28:42.95300,1933.500,6
07:28:44.26500,1933.500,2
07:28:44.87100,1933.500,1
07:28:45.51500,1933.500,1
07:28:47.07400,1933.500,27
07:28:51.89000,1933.500,28
07:28:52.81600,1933.500,4
07:28:52.89000,1933.500,23
07:28:58.72200,1933.250,3
07:28:58.77700,1933.250,8
07:28:59.54600,1933.250,24
07:29:02.42500,1933.000,5
07:29:04.35500,1933.250,2
07:29:04.94500,1933.250,80
07:29:05.24200,1933.250,1
07:29:05.53100,1933.250,7
07:29:05.76900,1933.250,1
07:29:07.08900,1933.000,6
07:29:08.08900,1933.000,3
07:29:08.53100,1933.250,5
07:29:08.71000,1933.000,1
07:29:09.10500,1933.250,12
07:29:12.39400,1933.250,1
07:29:12.89400,1933.250,11
07:29:15.22600,1933.250,11
07:29:17.88200,1933.250,18
07:29:19.78100,1933.250,3
07:29:20.52300,1933.250,1
07:29:20.75700,1933.000,140
07:29:20.89000,1933.000,8
07:29:24.79200,1933.000,10
07:29:27.81600,1933.000,46
07:29:30.12100,1933.000,1
07:29:30.26100,1933.000,15
07:29:33.24200,1933.000,6
07:29:34.10100,1933.000,3
07:29:36.28500,1932.750,13
07:29:36.73800,1933.000,1
07:29:37.35100,1933.000,6
07:29:38.08500,1933.000,27
07:29:40.44900,1933.000,10
07:29:42.72200,1933.000,4
07:29:42.95700,1933.000,10
07:29:45.22600,1933.000,11
07:29:46.18300,1933.000,10
07:29:46.38600,1933.000,11
07:29:46.67500,1933.000,2
07:29:47.85500,1933.000,1
07:29:54.01500,1933.000,6
07:29:54.95700,1933.000,2
07:29:55.57400,1933.000,2
07:29:57.64000,1933.250,1
07:30:00.85500,1933.250,3
07:30:03.34700,1933.250,3
07:30:08.23000,1933.000,2
07:30:09.27300,1933.000,1
07:30:11.28100,1933.250,10
07:30:13.03100,1933.000,2
07:30:13.38200,1933.000,1
07:30:14.50300,1933.250,1
07:30:15.71000,1933.000,38
07:30:15.90600,1933.000,1
07:30:17.05400,1933.000,1
07:30:19.51100,1933.000,28
07:30:21.83200,1933.000,3
07:30:24.80000,1933.000,4
07:30:26.46000,1933.000,11
07:30:31.39800,1933.250,6
07:30:31.53500,1933.250,6
07:30:32.56600,1933.250,6
07:30:33.16400,1933.250,6
07:30:35.05400,1933.000,3
07:30:39.74600,1933.000,61
07:30:44.52300,1933.250,44
07:30:45.01500,1933.500,1
07:30:45.41400,1933.250,3
07:30:46.60900,1933.250,26
07:30:46.78500,1933.250,1
07:30:46.91400,1933.250,1
07:30:50.13600,1933.250,7
07:30:51.91000,1933.250,3
07:30:52.81600,1933.250,5
07:30:52.92100,1933.250,4
07:30:55.13600,1933.250,16
07:30:55.82800,1933.000,62
07:30:56.21000,1933.000,30
07:30:56.59300,1933.250,10
07:30:56.92900,1933.250,18
07:31:00.01900,1933.250,3
07:31:00.11300,1933.250,16
07:31:00.96800,1933.250,9
07:31:01.85100,1933.250,15
07:31:04.37800,1933.250,10
07:31:05.32000,1933.250,3
07:31:06.37500,1933.250,2
07:31:06.69900,1933.250,6
07:31:07.69500,1933.250,2
07:31:08.65200,1933.500,1
07:31:08.85100,1933.500,3
07:31:09.28500,1933.250,64
07:31:09.43300,1933.000,100
07:31:09.43300,1933.250,3
07:31:09.52300,1933.250,30
07:31:09.96800,1933.250,22
07:31:10.31600,1933.250,5
07:31:11.04600,1933.000,1
07:31:12.17500,1933.250,1
07:31:17.57800,1933.250,2
07:31:21.52300,1933.000,2
07:31:22.34700,1933.250,1
07:31:24.01100,1933.250,1
07:31:28.55800,1933.000,1
07:31:28.68300,1933.000,1
07:31:30.46800,1933.000,7
07:31:31.68700,1933.000,1
07:31:32.05800,1933.250,12
07:31:33.40200,1933.250,7
07:31:33.50300,1933.250,27
07:31:33.59300,1933.250,1
07:31:35.42900,1933.500,3
07:31:38.41400,1933.500,5
07:31:38.86300,1933.250,1
07:31:41.90600,1933.500,1
07:31:44.37500,1933.500,51
07:31:44.87500,1933.750,3
07:31:46.72200,1933.750,14
07:31:49.13600,1933.500,10
07:31:49.21800,1933.500,16
07:31:49.49200,1933.500,5
07:31:51.23400,1933.500,1
07:31:54.86300,1933.500,22
07:31:55.00700,1933.250,1
07:32:03.18300,1933.500,2
07:32:06.65600,1933.500,1
07:32:06.87500,1933.500,1
07:32:07.47200,1933.250,43
07:32:08.14800,1933.500,6
07:32:09.13200,1933.500,3
07:32:09.28900,1933.500,8
07:32:10.80400,1933.750,6
07:32:11.37100,1933.500,4
07:32:12.39000,1933.500,2
07:32:13.73000,1933.500,74
07:32:14.11700,1933.750,6
07:32:16.44100,1933.500,10
07:32:21.66400,1933.500,1
07:32:23.41400,1933.750,2
07:32:24.32000,1933.750,1
07:32:33.13200,1933.500,32
07:32:33.35900,1933.500,1
07:32:38.24600,1933.500,67
07:32:41.20700,1933.500,1
07:32:42.92500,1933.500,5
07:32:44.64000,1933.500,30
07:32:46.74600,1933.500,2
07:32:48.29200,1933.500,3
07:32:49.45300,1933.500,6
07:32:49.60500,1933.500,4
07:32:51.36700,1933.500,4
07:32:51.69500,1933.500,5
07:32:55.57800,1933.250,24
07:32:58.00000,1933.000,19
07:33:02.96800,1933.250,45
07:33:04.53100,1933.000,1
07:33:06.63200,1933.250,13
07:33:10.29200,1933.250,7
07:33:11.50700,1933.500,18
07:33:12.46800,1933.500,26
07:33:13.19100,1933.250,25
07:33:24.06200,1933.500,14
07:33:24.45300,1933.500,4
07:33:25.53500,1933.750,1
07:33:25.96800,1933.750,1
07:33:26.36300,1933.500,1
07:33:27.74600,1933.500,1
07:33:31.71000,1933.500,35
07:33:31.79600,1933.500,6
07:33:34.94500,1933.500,1
07:33:35.21800,1933.750,20
07:33:37.63600,1933.500,26
07:33:40.65200,1933.500,1
07:33:41.12800,1933.750,5
07:33:42.57800,1933.750,9
07:33:43.11700,1933.750,3
07:33:49.69500,1933.750,6
07:33:50.46000,1933.750,23
07:33:50.61700,1933.750,1
07:33:51.21400,1933.750,16
07:33:52.46800,1933.750,6
07:33:55.51100,1933.750,3
07:34:11.25000,1933.500,2
07:34:11.62800,1933.500,31
07:34:12.57000,1933.250,1
07:34:14.67900,1933.250,28
07:34:20.33900,1933.250,33
07:34:20.63600,1933.500,1
07:34:21.38600,1933.250,2
07:34:25.05800,1933.500,3
07:34:29.66400,1933.250,1
07:34:32.24200,1933.250,1
07:34:34.39000,1933.250,27
07:34:34.58200,1933.250,3
07:34:34.83200,1933.000,20
07:34:36.47600,1933.250,21
07:34:36.60900,1933.250,12
07:34:39.89000,1933.250,6
07:34:42.19500,1933.250,63
07:34:44.07800,1933.250,14
07:34:44.95300,1933.250,9
07:34:46.54200,1933.250,7
07:34:47.59700,1933.000,224
07:34:47.74600,1933.250,116
07:34:51.42500,1933.000,78
07:34:54.00300,1933.000,1
07:34:54.70300,1932.750,1
07:34:54.81200,1932.750,1
07:34:54.91400,1933.000,1
07:34:55.58200,1933.000,11
07:34:58.21400,1932.750,2
07:35:00.18300,1933.000,6
07:35:00.58200,1933.000,1
07:35:06.53900,1932.750,1
07:35:09.30400,1933.000,38
07:35:09.66700,1933.000,10
07:35:10.14000,1932.750,2
07:35:10.38200,1933.000,6
07:35:17.14400,1933.000,25
07:35:17.60900,1933.000,1
07:35:18.83900,1933.250,2
07:35:19.64400,1933.000,1
07:35:20.65600,1933.000,1
07:35:21.16400,1933.000,4
07:35:21.91700,1933.000,1
07:35:23.35900,1933.000,11
07:35:23.85100,1933.000,18
07:35:24.04200,1933.000,8
07:35:24.35500,1933.000,3
07:35:25.41400,1933.250,1
07:35:26.83900,1933.000,2
07:35:28.21400,1933.000,5
07:35:29.57000,1933.000,4
07:35:30.10500,1933.000,1
07:35:33.13600,1933.000,1
07:35:34.53500,1933.000,1
07:35:43.01500,1933.000,1
07:35:43.35900,1933.250,66
07:35:44.30400,1933.250,3
07:35:47.30800,1933.000,1
07:35:47.58500,1933.250,2
07:35:48.75000,1933.250,22
07:35:49.07400,1933.250,3
07:35:49.15200,1933.500,1
07:35:51.57000,1933.250,33
07:35:56.59300,1933.250,22
07:36:01.22600,1933.000,3
07:36:05.37100,1933.000,113
07:36:06.68300,1933.000,1
07:36:16.40200,1933.000,136
07:36:22.18700,1933.000,1
07:36:25.28900,1933.000,1
07:36:27.53500,1933.000,47
07:36:29.66700,1933.000,2
07:36:32.97200,1933.250,29
07:36:33.21000,1933.250,3
07:36:34.79200,1933.250,2
07:36:35.87800,1933.000,1
07:36:36.16000,1933.000,1
07:36:36.76100,1933.250,1
07:36:36.85900,1933.000,55
07:36:38.20300,1933.000,1
07:36:39.44100,1933.000,2
07:36:41.88200,1933.000,5
07:36:49.83500,1933.000,53
07:36:52.66000,1933.000,14
07:36:53.29200,1932.750,1
07:36:56.16000,1933.000,1
07:36:58.19500,1932.750,51
07:37:13.46400,1933.000,8
07:37:13.81200,1933.000,11
07:37:13.94900,1933.000,25
07:37:15.01500,1933.250,5
07:37:15.58500,1933.000,1
07:37:16.36300,1933.000,14
07:37:20.83900,1933.000,2
07:37:24.26900,1933.000,1
07:37:25.62800,1933.000,1
07:37:25.77700,1933.000,1
07:37:26.33200,1933.000,1
07:37:31.29200,1933.000,10
07:37:35.67100,1933.000,1
07:37:37.94100,1933.000,1
07:37:38.63600,1933.250,2
07:37:42.28100,1933.250,1
07:37:44.66700,1933.000,2
07:37:54.14400,1933.000,16
07:37:56.31600,1933.000,1
07:38:05.45300,1933.000,50
07:38:05.72600,1933.000,2
07:38:06.54600,1932.750,21
07:38:10.90600,1932.750,21
07:38:12.38200,1932.750,1
07:38:12.64800,1932.750,34
07:38:13.62100,1932.500,56
07:38:13.76500,1932.500,11
07:38:13.76500,1932.500,32
07:38:13.77300,1932.750,22
07:38:13.83500,1932.500,2
07:38:13.85900,1932.500,7
07:38:14.94900,1932.750,2
07:38:15.23400,1932.500,4
07:38:16.49200,1932.500,1
07:38:16.79600,1932.500,2
07:38:16.96800,1932.750,26
07:38:20.74200,1932.750,37
07:38:20.82400,1932.750,9
07:38:21.51900,1932.750,2
07:38:22.24200,1933.000,1
07:38:22.52700,1932.750,1
07:38:26.96000,1932.750,1
07:38:27.34300,1932.750,1
07:38:28.75700,1933.000,54
07:38:29.31600,1933.000,2
07:38:37.94500,1933.250,1
07:38:39.71000,1933.250,1
07:38:45.04200,1933.000,1
07:38:46.06200,1933.000,1
07:38:46.94100,1933.000,1
07:38:47.23400,1933.250,1
07:38:52.51900,1933.000,1
07:38:53.93700,1933.250,1
07:38:55.41000,1933.000,53
07:38:55.60500,1932.750,25
07:38:55.85100,1932.750,1
07:39:00.72600,1933.000,42
07:39:01.07400,1933.000,6
07:39:02.14400,1933.000,1
07:39:02.68700,1933.000,1
07:39:06.89400,1933.000,10
07:39:07.25000,1933.000,6
07:39:07.87500,1933.250,2
07:39:08.75700,1933.000,51
07:39:10.38600,1933.000,25
07:39:11.20300,1933.000,1
07:39:13.32000,1932.750,138
07:39:13.77300,1932.750,6
07:39:15.64400,1932.750,2
07:39:15.94500,1932.500,1
07:39:16.55400,1932.750,71
07:39:18.19100,1932.750,30
07:39:19.15600,1932.750,1
07:39:30.57400,1932.750,31
07:39:31.31600,1932.750,4
07:39:31.76500,1932.750,13
07:39:32.95700,1932.750,3
07:39:33.65200,1932.750,5
07:39:34.49600,1933.000,1
07:39:34.53900,1932.750,4
07:39:35.20700,1932.750,2
07:39:36.10500,1932.750,4
07:39:36.76900,1932.500,1
07:39:37.00300,1932.750,15
07:39:40.65600,1932.750,6
07:39:41.00300,1932.750,3
07:39:41.62800,1932.750,1
07:39:42.00300,1932.750,8
07:39:42.16000,1932.750,4
07:39:43.23800,1932.750,11
07:39:44.37100,1932.750,4
07:39:45.57000,1932.750,9
07:39:46.75000,1932.750,3
07:39:47.01900,1933.000,1
07:39:47.43300,1932.750,5
07:39:48.04200,1932.750,3
07:39:51.47600,1932.750,2
07:39:57.20300,1932.500,1
07:39:58.28500,1932.750,2
07:40:01.60900,1932.750,117
07:40:03.75700,1932.750,1
07:40:06.15200,1932.750,2
07:40:09.28100,1933.000,1
07:40:14.69900,1933.000,101
07:40:15.57000,1933.000,13
07:40:16.23800,1933.000,13
07:40:16.66400,1933.250,2
07:40:17.82400,1933.000,3
07:40:20.17900,1933.000,10
07:40:20.52700,1933.000,24
07:40:20.74600,1933.000,17
07:40:20.96000,1933.000,5
07:40:21.82800,1933.000,2
07:40:22.17500,1933.000,12
07:40:23.39000,1933.000,1
07:40:25.92100,1933.000,1
07:40:32.85100,1933.000,1
07:40:33.02300,1933.000,5
07:40:37.28900,1933.000,1
07:40:37.85500,1933.250,3
07:40:48.09700,1933.250,1
07:40:48.56200,1933.000,1
07:40:49.03500,1933.250,2
07:40:49.94900,1933.250,3
07:40:50.13600,1933.250,4
07:40:50.42100,1933.250,4
07:40:50.60900,1933.250,3
07:40:53.28500,1933.000,1
07:40:53.50000,1933.000,51
07:40:54.40600,1933.250,5
07:40:55.82800,1933.000,21
07:40:56.11300,1933.000,19
07:40:56.75700,1933.000,5
07:40:57.22600,1933.000,3
07:40:58.02700,1933.000,7
07:40:58.33200,1932.750,1
07:41:00.66700,1933.000,15
07:41:00.85100,1933.000,3
07:41:03.41400,1933.000,1
07:41:04.38600,1933.000,18
07:41:05.57800,1933.000,15
07:41:05.76100,1933.000,10
07:41:11.16700,1933.000,2
07:41:14.21000,1933.000,1
07:41:14.58500,1933.250,5
07:41:16.88200,1933.250,5
07:41:17.65600,1933.250,3
07:41:19.45700,1933.250,5
07:41:22.42500,1933.250,6
07:41:24.46400,1933.250,68
07:41:24.78900,1933.500,1
07:41:26.15600,1933.250,27
07:41:29.30400,1933.500,1
07:41:31.29200,1933.500,42
07:41:32.43700,1933.750,9
07:41:34.74600,1933.500,3
07:41:35.17500,1933.500,3
07:41:36.01900,1933.500,23
07:41:37.30800,1933.500,8
07:41:37.87500,1933.500,1
07:41:38.30800,1933.500,2
07:41:38.66400,1933.500,11
07:41:41.53100,1933.500,3
07:41:42.37100,1933.500,2
07:41:44.59300,1933.250,11
07:41:45.57400,1933.250,8
07:41:46.88600,1933.250,1
07:41:47.43300,1933.000,1
07:41:50.09300,1933.250,14
07:41:50.32800,1933.500,1
07:41:51.31200,1933.500,2
07:41:51.44500,1933.250,1
07:41:51.81600,1933.250,5
07:41:54.55400,1933.250,2
07:41:55.46000,1933.250,1
07:41:57.41700,1933.500,1
07:41:58.57800,1933.500,1
07:41:59.56600,1933.500,1
07:42:01.50000,1933.250,9
07:42:02.92500,1933.250,3
07:42:04.44100,1933.250,3
07:42:05.43700,1933.250,9
07:42:06.82400,1933.000,2
07:42:08.59300,1933.000,1
07:42:09.33900,1933.000,1
07:42:10.80000,1933.250,32
07:42:12.22600,1933.250,6
07:42:12.88200,1933.500,3
07:42:17.22200,1933.250,10
07:42:18.55400,1933.250,5
07:42:20.05000,1933.250,3
07:42:22.08200,1933.250,5
07:42:24.72200,1933.250,2
07:42:26.30000,1933.250,2
07:42:27.01500,1933.250,1
07:42:27.45700,1933.000,1
07:42:28.48000,1933.250,34
07:42:28.75700,1933.250,7
07:42:29.29200,1933.500,1
07:42:33.76100,1933.250,1
07:42:40.10900,1933.250,2
07:42:43.46400,1933.500,6
07:42:46.20700,1933.500,1
07:42:48.63600,1933.500,27
07:42:52.36700,1933.500,1
07:42:53.14400,1933.500,1
07:42:54.54600,1933.500,2
07:42:55.14800,1933.500,1
07:42:55.70700,1933.750,1
07:43:02.46000,1933.750,2
07:43:03.55000,1933.750,2
07:43:03.79200,1933.750,6
07:43:04.82800,1933.500,1
07:43:06.71400,1933.750,4
07:43:06.93700,1933.750,1
07:43:08.14400,1933.750,3
07:43:08.83500,1933.750,10
07:43:09.12500,1933.750,3
07:43:09.26100,1933.750,3
07:43:09.40200,1933.750,3
07:43:09.53500,1933.750,1
07:43:10.01500,1933.750,60
07:43:12.80800,1933.750,10
07:43:14.20700,1934.000,1
07:43:14.62500,1934.000,97
07:43:16.03500,1934.000,38
07:43:16.37100,1934.000,3
07:43:17.24200,1934.000,5
07:43:17.56200,1934.000,1
07:43:19.26900,1934.250,7
07:43:19.59700,1934.000,21
07:43:22.85500,1934.250,1
07:43:25.60500,1934.250,1
07:43:28.14800,1934.000,1
07:43:29.03900,1934.000,16
07:43:29.32800,1934.000,3
07:43:29.85900,1934.000,3
07:43:29.94500,1934.000,1
07:43:30.45700,1934.000,12
07:43:31.07400,1934.000,1
07:43:31.27700,1934.000,1
07:43:35.03900,1934.000,1
07:43:35.41000,1933.750,2
07:43:35.57000,1934.000,1
07:43:37.22600,1933.750,1
07:43:40.32000,1934.000,1
07:43:42.21000,1933.750,1
07:43:47.89000,1934.000,1
07:43:48.50700,1933.750,1
07:43:51.03900,1934.000,2
07:43:51.93300,1933.750,12
07:43:53.01100,1934.000,1
07:43:53.26900,1934.000,17
07:43:54.05000,1934.000,11
07:43:56.60500,1934.000,8
07:43:56.66000,1934.000,4
07:43:57.01900,1934.000,1
07:43:57.64000,1934.000,1
07:43:57.81200,1934.000,1
07:43:58.08900,1934.000,3
07:43:58.23000,1934.000,3
07:43:59.09300,1934.000,3
07:44:05.74600,1934.000,12
07:44:05.77700,1934.000,1
07:44:06.46000,1934.000,3
07:44:06.60900,1934.000,2
07:44:06.71800,1934.000,4
07:44:08.46800,1934.000,14
07:44:09.53500,1934.000,26
07:44:10.65600,1934.000,32
07:44:12.28900,1934.000,3
07:44:14.34700,1934.000,3
07:44:17.58200,1934.000,1
07:44:19.17100,1934.000,2
07:44:23.10900,1933.750,22
07:44:27.71000,1933.500,1
07:44:27.91000,1933.500,36
07:44:32.78500,1933.500,4
07:44:32.92900,1933.500,5
07:44:34.52700,1933.500,6
07:44:38.77700,1933.500,15
07:44:39.25300,1933.500,3
07:44:41.41400,1933.500,9
07:44:42.77700,1933.500,6
07:44:43.50700,1933.500,1
07:44:44.55800,1933.500,1
07:44:45.81200,1933.500,1
07:44:46.36300,1933.500,24
07:44:55.16000,1933.500,12
07:44:56.07000,1933.500,3
07:44:56.59700,1933.500,3
07:44:59.61700,1933.500,1
07:44:59.97200,1933.500,8
07:45:02.38200,1933.500,14
07:45:03.01100,1933.500,4
07:45:04.16400,1933.500,5
07:45:05.61700,1933.250,1
07:45:07.40200,1933.250,26
07:45:10.21800,1933.250,1
07:45:12.50700,1932.750,38
07:45:12.60100,1933.000,13
07:45:15.56600,1933.250,6
07:45:16.58200,1933.250,23
07:45:17.08500,1933.250,8
07:45:20.78900,1933.000,37
07:45:24.14400,1933.000,11
07:45:26.46800,1932.750,33
07:45:27.08500,1932.500,1
07:45:29.89000,1932.750,34
07:45:32.11300,1932.500,1
07:45:32.41700,1932.500,14
07:45:33.67500,1932.500,26
07:45:33.91700,1932.500,1
07:45:34.33500,1932.500,120
07:45:34.95300,1932.000,163
07:45:35.00000,1932.000,1
07:45:35.10500,1932.000,2
07:45:35.13600,1932.250,1
07:45:35.29200,1932.250,1
07:45:36.94500,1932.000,1
07:45:37.06600,1932.000,2
07:45:37.85100,1932.000,3
07:45:38.51100,1932.250,6
07:45:39.78100,1932.250,4
07:45:40.22200,1932.000,10
07:45:41.04200,1932.000,10
07:45:41.13200,1932.000,1
07:45:41.35100,1932.000,3
07:45:42.38200,1932.000,1
07:45:42.87500,1932.000,4
07:45:43.84700,1932.000,2
07:45:44.88200,1932.250,106
07:45:45.25000,1932.250,45
07:45:45.36700,1932.500,5
07:45:45.70300,1932.500,58
07:45:45.90200,1932.250,52
07:45:46.65600,1932.500,44
07:45:47.10500,1932.250,74
07:45:47.20300,1932.250,12
07:45:48.12100,1932.250,3
07:45:49.73400,1932.000,262
07:45:50.21000,1932.000,3
07:45:52.57400,1932.000,1
07:45:53.10100,1932.000,10
07:45:53.60900,1932.250,1
07:45:53.70700,1932.000,1
07:45:54.00000,1932.000,1
07:45:54.63200,1932.000,1
07:45:55.17500,1932.000,10
07:45:57.81600,1932.250,35
07:45:58.62100,1932.250,1
07:46:00.29200,1932.250,19
07:46:00.49600,1932.250,10
07:46:00.70700,1932.250,5
07:46:02.19500,1932.250,1
07:46:02.35900,1932.250,2
07:46:05.05400,1932.250,63
07:46:05.78900,1932.250,13
07:46:08.17500,1932.250,1
07:46:09.24200,1932.250,1
07:46:10.69500,1932.250,10
07:46:11.66700,1932.000,2
07:46:13.16700,1932.250,1
07:46:16.75300,1932.250,6
07:46:18.76900,1932.000,12
07:46:19.30000,1932.000,1
07:46:20.75000,1932.250,3
07:46:21.26900,1932.000,1
07:46:22.40200,1932.250,1
07:46:28.25300,1932.000,66
07:46:31.14800,1931.750,48
07:46:31.15200,1931.750,6
07:46:31.49200,1932.000,1
07:46:36.01500,1931.750,1
07:46:38.38200,1931.750,3
07:46:39.12100,1931.750,62
07:46:39.25300,1931.750,6
07:46:39.39000,1931.750,6
07:46:39.58500,1931.500,30
07:46:40.41000,1931.500,1
07:46:40.82400,1931.750,1
07:46:41.65600,1931.500,1
07:46:42.09300,1931.750,88
07:46:42.66000,1931.750,5
07:46:43.02300,1931.750,2
07:46:43.89800,1931.500,100
07:46:44.09300,1931.500,2
07:46:44.12800,1931.500,1
07:46:44.65600,1931.750,53
07:46:47.58500,1931.750,1
07:46:47.97200,1931.750,28
07:46:49.81200,1931.750,2
07:46:51.05400,1932.000,6
07:46:51.42100,1931.750,2
07:46:51.80400,1932.000,6
07:46:52.00700,1932.000,16
07:46:52.02700,1932.000,1
07:46:52.59700,1932.000,7
07:46:53.33200,1932.000,18
07:46:54.17900,1932.000,10
07:46:54.31200,1932.000,3
07:46:55.10500,1931.750,1
07:46:57.94900,1932.000,28
07:46:58.21400,1932.250,2
07:46:58.93300,1932.000,10
07:46:59.10900,1931.750,1
