03:00:00.05400,1932.000,0
03:00:00.07000,1931.750,34
03:00:00.30000,1931.750,51
03:00:00.41000,1931.750,76
03:00:00.51900,1931.750,9
03:00:00.75000,1931.500,1
03:00:01.19500,1931.500,51
03:00:01.32400,1931.500,3
03:00:01.41700,1931.500,29
03:00:02.04600,1931.500,17
03:00:02.31600,1931.750,1
03:00:02.79600,1931.500,10
03:00:03.79600,1931.750,1
03:00:04.01500,1931.500,2
03:00:04.50700,1931.750,57
03:00:04.52300,1931.750,4
03:00:04.77700,1931.750,5
03:00:05.01900,1931.750,12
03:00:05.42100,1931.750,1
03:00:05.48800,1931.750,8
03:00:05.69100,1931.750,2
03:00:06.67100,1932.000,2
03:00:06.81600,1932.000,2
03:00:08.82000,1931.750,1
03:00:09.03900,1931.750,1
03:00:09.72200,1931.750,1
03:00:10.40600,1931.750,3
03:00:11.76100,1931.750,28
03:00:12.12100,1931.750,4
03:00:12.19500,1931.750,1
03:00:12.69500,1931.500,4
03:00:13.31200,1931.750,1
03:00:13.77300,1931.500,1
03:00:14.33500,1931.750,10
03:00:14.64400,1931.750,10
03:00:15.34700,1931.750,1
03:00:16.08900,1931.750,1
03:00:16.50300,1931.750,28
03:00:18.27700,1931.750,2
03:00:20.64000,1931.500,20
03:00:23.13600,1931.750,17
03:00:23.15600,1931.750,1
03:00:25.91700,1931.500,2
03:00:27.30800,1931.500,100
03:00:27.52700,1931.750,12
03:00:28.10100,1931.500,1
03:00:28.35900,1931.500,1
03:00:28.53900,1931.750,2
03:00:29.23800,1931.500,3
03:00:30.71000,1931.750,36
03:00:30.76900,1931.750,29
03:00:30.84700,1931.750,6
03:00:30.94100,1931.500,2
03:00:31.50000,1931.500,1
03:00:31.69100,1931.750,5
03:00:31.86300,1931.750,60
03:00:32.30400,1931.750,3
03:00:33.17900,1932.000,2
03:00:33.85500,1931.750,25
03:00:34.57400,1931.750,1
03:00:35.60100,1931.750,10
03:00:35.85900,1931.750,15
03:00:35.93300,1931.750,3
03:00:36.06200,1931.750,1
03:00:36.47200,1931.750,12
03:00:36.80800,1932.000,1
03:00:37.58200,1931.750,3
03:00:37.90200,1931.750,3
03:00:38.19100,1931.750,9
03:00:38.40600,1931.500,9
03:00:38.89800,1931.500,4
03:00:40.09700,1931.500,2
03:00:40.47600,1931.750,1
03:00:42.50700,1931.500,39
03:00:42.58900,1931.500,3
03:00:42.61700,1931.500,6
03:00:42.75700,1931.500,1
03:00:47.21800,1931.500,2
03:00:47.48800,1931.500,10
03:00:47.57800,1931.500,1
03:00:48.40200,1931.500,1
03:00:48.75000,1931.500,1
03:00:49.62100,1931.500,6
03:00:49.86700,1931.500,1
03:00:50.58200,1931.500,1
03:00:53.39800,1931.250,2
03:00:55.04200,1931.250,90
03:00:55.15600,1931.250,1
03:00:55.71400,1931.250,1
03:00:57.40600,1931.000,8
03:00:57.67900,1931.000,1
03:00:58.21800,1931.000,1
03:00:58.58200,1931.250,9
03:00:59.61700,1931.000,2
03:01:02.17100,1931.250,45
03:01:02.80000,1931.250,26
03:01:03.13200,1931.250,1
03:01:04.22200,1931.250,5
03:01:04.37800,1931.250,1
03:01:05.06200,1931.000,15
03:01:05.67900,1931.250,2
03:01:05.86700,1931.250,12
03:01:06.46000,1931.000,1
03:01:08.70300,1931.250,8
03:01:12.14800,1931.250,15
03:01:12.30400,1931.250,6
03:01:13.25300,1931.250,1
03:01:14.43700,1931.500,45
03:01:15.06600,1931.750,2
03:01:15.67500,1931.500,2
03:01:16.19900,1931.750,86
03:01:16.89000,1931.500,3
03:01:17.45300,1931.750,20
03:01:17.54600,1931.750,3
03:01:18.69100,1931.750,46
03:01:19.89800,1931.750,11
03:01:22.73800,1932.000,11
03:01:23.66400,1932.000,1
03:01:24.52300,1931.750,2
03:01:25.24600,1931.750,5
03:01:25.51100,1932.000,20
03:01:25.92100,1932.000,14
03:01:27.25700,1931.750,76
03:01:27.94500,1931.750,1
03:01:28.83200,1931.500,4
03:01:29.67500,1931.500,30
03:01:32.41400,1931.750,2
03:01:32.90200,1931.500,54
03:01:33.01500,1931.500,8
03:01:33.07800,1931.500,1
03:01:34.21000,1931.500,13
03:01:34.94900,1931.500,4
03:01:35.13600,1931.750,38
03:01:38.08200,1932.000,11
03:01:38.26900,1931.750,1
03:01:40.56600,1931.750,21
03:01:41.14400,1931.750,8
03:01:43.50000,1932.000,26
03:01:45.71800,1932.000,1
03:01:46.52700,1931.750,4
03:01:47.94100,1932.250,262
03:01:48.07800,1932.250,27
03:01:49.16700,1932.500,18
03:01:49.28500,1932.500,2
03:01:49.81200,1932.250,20
03:01:50.39400,1932.500,2
03:01:50.83900,1932.250,3
03:01:51.13600,1932.500,1
03:01:51.46000,1932.500,2
03:01:52.02300,1932.500,1
03:01:53.46400,1932.500,5
03:01:53.59300,1932.250,1
03:01:54.10500,1932.500,1
03:01:54.50000,1932.250,3
03:01:54.89800,1932.500,5
03:01:56.32400,1932.500,1
03:01:57.28900,1932.500,12
03:01:57.82800,1932.250,91
03:01:58.05000,1932.500,15
03:01:58.12500,1932.500,4
03:01:58.74600,1932.500,3
03:01:59.24600,1932.500,4
03:02:00.19500,1932.500,2
03:02:00.30400,1932.250,5
03:02:01.28100,1932.500,1
03:02:02.91700,1932.250,77
03:02:03.19100,1932.000,2
03:02:04.22600,1932.000,4
03:02:04.32400,1932.000,1
03:02:04.42100,1932.000,1
03:02:04.73400,1932.000,5
03:02:06.02700,1932.250,5
03:02:06.35900,1932.000,2
03:02:07.55800,1932.250,2
03:02:08.67500,1932.250,1
03:02:09.89800,1932.000,72
03:02:10.12800,1932.000,41
03:02:11.35900,1932.000,18
03:02:11.94500,1932.000,7
03:02:14.02700,1932.000,1
03:02:14.40600,1932.000,2
03:02:17.58200,1932.000,38
03:02:17.70700,1932.000,40
03:02:18.39000,1932.000,2
03:02:19.07800,1932.000,5
03:02:19.57800,1932.000,1
03:02:20.16400,1932.000,21
03:02:20.27300,1931.750,1
03:02:20.93300,1931.750,3
03:02:21.22200,1932.000,1
03:02:22.46800,1931.750,2
03:02:22.86300,1931.500,27
03:02:26.33200,1931.500,1
03:02:26.55400,1931.750,13
03:02:26.62100,1931.750,4
03:02:27.22600,1931.750,5
03:02:27.46000,1931.750,1
03:02:28.10100,1931.750,5
03:02:28.53900,1931.750,1
03:02:29.91700,1931.750,6
03:02:30.10500,1932.000,4
03:02:30.60100,1932.000,31
03:02:31.20700,1932.000,2
03:02:31.32800,1932.000,1
03:02:32.50300,1932.000,2
03:02:32.85900,1932.000,54
03:02:33.71000,1932.000,6
03:02:34.15600,1932.000,1
03:02:34.39000,1931.750,1
03:02:34.78100,1931.750,5
03:02:38.39800,1931.750,1
03:02:41.18700,1932.000,44
03:02:41.34700,1932.000,17
03:02:41.57800,1932.000,8
03:02:41.75000,1932.000,1
03:02:42.48800,1932.000,7
03:02:42.79600,1932.000,1
03:02:43.26100,1932.000,2
03:02:43.56200,1931.750,15
03:02:44.26100,1932.000,7
03:02:47.89000,1932.000,5
03:02:48.55000,1932.000,4
03:02:48.62500,1932.250,1
03:02:51.05800,1932.250,16
03:02:52.44500,1932.500,1
03:02:53.09700,1932.500,11
03:02:53.49200,1932.250,30
03:02:55.39400,1932.000,1
03:02:56.44900,1932.000,53
03:02:57.10100,1932.000,31
03:02:57.73400,1932.000,5
03:02:58.26900,1932.000,2
03:03:01.47200,1931.750,3
03:03:03.03900,1932.000,3
03:03:04.96400,1931.750,2
03:03:07.05000,1931.750,2
03:03:09.56200,1931.750,1
03:03:10.66000,1931.750,1
03:03:11.49200,1931.750,1
03:03:14.92100,1932.000,1
03:03:18.69500,1931.750,8
03:03:19.50700,1931.750,59
03:03:20.06200,1931.750,1
03:03:20.25300,1931.750,6
03:03:20.46400,1931.750,3
03:03:23.13200,1931.750,1
03:03:26.64400,1931.750,1
03:03:28.07400,1931.750,1
03:03:28.26100,1932.000,46
03:03:31.30000,1932.000,3
03:03:31.57400,1932.000,3
03:03:32.80400,1932.000,27
03:03:32.83200,1932.000,1
03:03:34.72600,1932.250,50
03:03:39.30000,1932.000,4
03:03:39.81600,1932.250,1
03:03:40.64800,1932.250,2
03:03:45.06600,1932.250,1
03:03:48.48400,1932.000,114
03:03:49.71400,1932.250,5
03:03:50.54200,1932.000,1
03:03:51.47600,1932.000,2
03:04:01.17100,1932.000,4
03:04:01.45300,1932.250,37
03:04:01.76100,1932.250,7
03:04:01.89800,1932.500,2
03:04:02.67900,1932.250,18
03:04:03.07000,1932.250,2
03:04:03.28900,1932.250,1
03:04:04.04600,1932.000,1
03:04:04.78500,1932.250,37
03:04:05.22200,1932.250,24
03:04:05.51900,1932.250,6
03:04:09.33200,1931.750,127
03:04:10.63600,1932.250,99
03:04:10.68700,1932.250,1
03:04:12.12100,1932.250,4
03:04:12.46400,1932.250,2
03:04:16.49200,1932.250,1
03:04:18.31600,1932.250,44
03:04:19.35100,1932.250,80
03:04:19.59700,1932.250,4
03:04:20.53500,1932.250,5
03:04:21.33500,1932.250,96
03:04:21.51900,1932.000,69
03:04:21.58900,1932.250,25
03:04:23.12500,1932.000,10
03:04:23.53500,1932.250,1
03:04:24.14800,1932.250,1
03:04:24.30000,1932.000,1
03:04:24.34700,1932.000,1
03:04:25.05000,1932.000,1
03:04:26.49200,1932.000,26
03:04:27.26900,1932.250,16
03:04:27.89000,1932.500,2
03:04:28.17500,1932.500,1
03:04:28.83900,1932.500,1
03:04:29.61300,1932.500,1
03:04:29.83200,1932.500,243
03:04:30.07800,1932.750,150
03:04:30.71800,1933.000,185
03:04:30.80000,1933.000,199
03:04:30.94900,1933.250,3
03:04:31.23400,1933.250,1
03:04:31.41000,1933.250,38
03:04:31.48400,1933.250,29
03:04:31.56600,1933.000,1
03:04:31.93300,1933.000,1
03:04:32.09700,1933.250,1
03:04:32.19900,1933.000,1
03:04:32.73800,1933.250,1
03:04:33.92100,1933.000,6
03:04:34.18700,1933.000,2
03:04:35.74200,1933.000,4
03:04:36.41000,1933.000,10
03:04:36.90200,1933.000,2
03:04:37.46400,1933.250,2
03:04:37.60500,1933.000,55
03:04:38.25700,1933.000,2
03:04:38.59700,1933.000,2
03:04:39.03900,1933.000,1
03:04:39.69100,1932.750,53
03:04:40.29200,1932.750,14
03:04:41.05400,1932.750,3
03:04:41.72200,1932.750,11
03:04:42.03900,1932.750,2
03:04:42.60900,1932.750,10
03:04:42.62800,1932.750,12
03:04:42.97200,1932.500,3
03:04:44.33200,1932.750,1
03:04:44.62500,1932.500,2
03:04:45.12500,1932.750,2
03:04:45.58900,1932.500,112
03:04:47.07400,1932.500,2
03:04:47.58500,1932.500,47
03:04:47.66400,1932.500,7
03:04:47.87100,1932.250,9
03:04:48.47600,1932.250,4
03:04:48.77700,1932.250,2
03:04:49.31200,1932.500,1
03:04:49.80400,1932.250,13
03:04:50.55000,1932.250,2
03:04:51.06600,1932.500,14
03:04:51.21400,1932.500,1
03:04:51.51500,1932.250,10
03:04:52.31600,1932.250,5
03:04:55.09700,1932.250,67
03:04:57.63200,1932.500,61
03:04:57.74200,1932.500,1
03:04:58.29200,1932.500,1
03:04:59.57800,1932.500,14
03:05:00.33900,1932.750,28
03:05:00.61700,1932.750,3
03:05:01.22600,1932.750,14
03:05:01.35500,1932.750,1
03:05:03.37100,1932.750,1
03:05:05.03100,1933.000,31
03:05:05.37500,1933.000,25
03:05:05.63200,1933.000,9
03:05:06.06200,1932.750,10
03:05:10.70300,1932.750,1
03:05:11.01900,1932.750,89
03:05:12.28500,1932.750,24
03:05:12.51500,1933.000,6
03:05:12.69500,1932.750,1
03:05:12.75300,1933.000,5
03:05:16.21800,1932.750,64
03:05:17.96000,1933.000,1
03:05:18.97200,1933.000,24
03:05:19.76900,1933.000,2
03:05:19.96800,1933.250,1
03:05:21.09300,1933.000,15
03:05:21.17900,1933.250,2
03:05:21.45300,1933.000,1
03:05:21.55400,1933.000,19
03:05:21.65200,1933.000,1
03:05:24.73000,1933.000,20
03:05:25.70300,1933.000,2
03:05:25.81600,1933.000,7
03:05:26.24200,1933.000,3
03:05:26.62800,1933.000,1
03:05:26.91400,1933.000,1
03:05:27.23000,1933.000,1
03:05:27.33900,1933.000,1
03:05:27.80000,1933.000,13
03:05:27.92900,1933.000,1
03:05:28.66000,1933.000,2
03:05:28.81600,1933.000,2
03:05:29.05400,1933.000,3
03:05:29.16000,1932.750,1
03:05:29.51900,1933.000,8
03:05:30.82800,1933.000,1
03:05:31.34700,1933.250,3
03:05:32.13200,1933.000,1
03:05:32.37500,1933.250,1
03:05:32.72200,1933.250,4
03:05:32.91000,1933.000,5
03:05:33.75000,1933.250,1
03:05:33.91400,1933.250,45
03:05:34.11300,1933.250,19
03:05:34.37100,1933.250,2
03:05:36.04600,1933.000,5
03:05:37.46400,1933.000,15
03:05:38.88200,1933.000,3
03:05:39.44900,1933.000,61
03:05:39.53500,1933.000,18
03:05:40.31200,1933.000,9
03:05:41.53900,1933.000,3
03:05:42.34300,1933.000,29
03:05:43.45300,1933.000,28
03:05:44.59700,1933.000,2
03:05:44.75300,1933.000,2
03:05:45.59700,1933.000,1
03:05:46.21000,1933.250,1
03:05:46.35900,1933.000,1
03:05:46.66000,1933.000,3
03:05:46.80800,1933.000,1
03:05:48.68300,1932.750,3
03:05:49.01100,1933.000,1
03:05:49.90200,1932.750,1
03:05:50.91000,1932.750,1
03:05:51.50700,1932.750,2
03:05:52.00300,1933.000,4
03:05:53.15200,1933.000,14
03:05:57.73000,1933.000,7
03:05:58.29200,1933.000,10
03:05:58.66400,1932.750,3
03:05:59.02300,1933.000,1
03:06:01.29600,1933.000,5
03:06:01.60100,1933.000,2
03:06:01.68300,1933.000,13
03:06:01.97200,1933.000,10
03:06:02.84700,1933.000,3
03:06:04.25300,1933.000,2
03:06:04.84700,1933.000,9
03:06:06.23000,1933.000,8
03:06:07.37100,1933.000,37
03:06:07.86300,1933.000,5
03:06:07.92900,1933.000,8
03:06:08.45700,1933.000,1
03:06:10.30800,1933.000,1
03:06:10.63600,1933.250,4
03:06:10.92100,1933.250,2
03:06:12.40600,1933.250,1
03:06:13.14800,1933.250,36
03:06:13.56200,1933.250,5
03:06:14.04200,1933.000,105
03:06:15.73800,1933.000,80
03:06:16.26500,1933.250,5
03:06:17.16000,1933.000,123
03:06:20.14000,1933.250,1
03:06:20.90600,1933.000,19
03:06:26.69900,1933.000,1
03:06:28.34700,1932.750,149
03:06:29.12800,1933.000,2
03:06:29.77300,1932.750,19
03:06:29.84700,1932.750,1
03:06:29.97200,1932.500,2
03:06:30.52300,1932.750,10
03:06:32.33200,1932.500,1
03:06:32.53500,1932.750,1
03:06:34.14800,1932.500,1
03:06:34.24600,1932.500,17
03:06:34.48800,1932.500,5
03:06:34.89000,1932.750,2
03:06:38.26100,1932.500,73
03:06:40.10900,1932.500,8
03:06:41.26900,1932.250,2
03:06:42.33900,1932.500,53
03:06:42.41700,1932.500,24
03:06:42.89800,1932.250,1
03:06:43.52700,1932.500,30
03:06:43.73000,1932.500,1
03:06:44.08900,1932.250,3
03:06:44.39000,1932.250,1
03:06:44.81600,1932.250,1
03:06:45.31600,1932.500,1
03:06:45.63200,1932.500,1
03:06:45.81600,1932.500,9
03:06:45.81600,1932.500,15
03:06:46.10900,1932.500,1
03:06:47.21000,1932.500,1
03:06:47.57000,1932.500,1
03:06:47.96000,1932.500,8
03:06:49.63600,1932.500,24
03:06:50.16400,1932.500,9
03:06:51.77700,1932.750,10
03:06:52.34700,1932.500,22
03:06:54.28500,1932.500,23
03:06:54.92900,1932.500,3
03:06:56.55000,1932.250,10
03:06:57.34700,1932.500,3
03:06:58.42900,1932.500,1
03:06:58.86700,1932.500,13
03:06:59.73400,1932.500,1
03:07:02.59700,1932.750,68
03:07:03.17500,1933.000,3
03:07:06.12500,1932.750,38
03:07:07.39400,1932.750,1
03:07:07.66700,1932.750,17
03:07:07.80000,1932.500,1
03:07:08.23000,1932.500,1
03:07:08.60100,1932.500,24
03:07:09.46000,1932.500,3
03:07:09.60900,1932.500,1
03:07:10.14800,1932.500,4
03:07:10.32400,1932.750,1
03:07:10.64000,1932.750,4
03:07:12.16700,1932.750,1
03:07:13.86700,1932.750,36
03:07:15.11700,1932.500,1
03:07:15.76500,1932.500,26
03:07:16.67100,1932.750,1
03:07:19.58500,1932.750,29
03:07:20.53900,1932.750,9
03:07:21.78900,1932.750,17
03:07:22.00000,1932.750,16
03:07:22.57000,1932.750,1
03:07:23.43700,1932.500,15
03:07:24.32800,1932.500,7
03:07:26.28900,1932.500,2
03:07:27.47600,1932.500,2
03:07:28.10500,1932.500,5
03:07:29.58500,1932.750,6
03:07:29.75300,1932.500,1
03:07:30.46800,1933.000,7
03:07:31.96800,1933.000,1
03:07:35.92900,1933.000,1
03:07:38.08200,1932.750,1
03:07:39.90200,1933.250,316
03:07:40.44100,1933.000,9
03:07:40.49200,1933.000,8
03:07:41.14800,1933.000,26
03:07:42.70700,1933.000,3
03:07:43.50000,1932.750,27
03:07:43.55000,1932.750,3
03:07:44.76100,1932.750,1
03:07:45.31200,1932.750,2
03:07:48.45700,1933.000,33
03:07:48.55400,1933.000,1
03:07:52.68700,1933.250,1
03:07:53.87100,1933.000,26
03:07:55.10100,1933.000,3
03:07:57.78100,1933.250,3
03:07:58.53100,1933.000,27
03:07:59.10900,1933.000,1
03:08:00.79200,1933.250,12
03:08:01.55000,1933.000,33
03:08:02.23800,1933.000,5
03:08:03.33200,1933.000,12
03:08:04.49600,1932.750,1
03:08:05.25700,1932.750,5
03:08:05.94900,1932.750,12
03:08:07.87500,1933.000,1
03:08:13.78100,1933.000,1
03:08:17.94500,1933.000,1
03:08:18.25700,1932.750,24
03:08:19.55800,1932.750,1
03:08:20.27300,1933.000,2
03:08:20.48400,1932.750,2
03:08:25.05000,1932.750,1
03:08:26.58900,1932.750,2
03:08:27.32800,1933.000,2
03:08:29.01900,1932.750,1
03:08:30.06600,1933.250,24
03:08:30.20300,1933.250,29
03:08:30.54600,1933.500,114
03:08:30.64000,1933.500,13
03:08:31.07400,1933.500,1
03:08:32.12800,1933.500,4
03:08:33.01500,1933.500,1
03:08:34.83500,1933.500,1
03:08:36.25700,1933.250,55
03:08:38.38600,1933.250,104
03:08:38.76100,1933.250,2
03:08:39.02700,1933.250,10
03:08:39.71400,1933.000,1
03:08:40.69900,1933.250,116
03:08:44.57800,1933.250,39
03:08:45.87100,1933.000,29
03:08:45.87500,1933.000,4
03:08:46.07000,1933.000,1
03:08:46.30400,1933.000,3
03:08:46.78900,1933.000,1
03:08:51.67100,1933.000,1
03:08:53.95300,1932.750,1
03:08:54.48400,1932.750,36
03:08:55.11300,1932.750,8
03:08:56.89400,1933.000,12
03:08:56.93700,1933.000,4
03:08:57.51100,1933.000,4
03:08:58.13600,1933.000,5
03:08:58.19900,1933.250,1
03:08:59.69900,1933.250,5
03:08:59.96400,1933.250,21
03:09:00.40200,1933.500,20
03:09:00.66400,1933.250,2
03:09:00.84300,1933.500,10
03:09:01.05000,1933.250,1
03:09:03.80800,1933.500,2
03:09:03.96400,1933.500,1
03:09:06.00000,1933.250,1
03:09:06.12800,1933.250,51
03:09:06.35100,1933.250,13
03:09:06.37500,1933.250,2
03:09:06.71000,1933.000,1
03:09:07.94100,1933.250,12
03:09:09.49600,1933.250,1
03:09:09.92900,1933.250,1
03:09:11.10900,1933.250,2
03:09:12.22200,1933.250,2
03:09:13.04200,1933.000,2
03:09:13.55400,1933.250,19
03:09:13.76100,1933.000,139
03:09:13.76900,1933.000,79
03:09:13.83900,1933.000,25
03:09:14.05800,1933.000,1
03:09:14.30800,1933.250,1
03:09:15.17900,1933.000,1
03:09:15.71400,1933.250,2
03:09:16.77300,1933.000,1
03:09:18.08500,1933.000,25
03:09:18.30000,1933.000,1
03:09:18.73400,1933.000,12
03:09:19.07800,1933.000,1
03:09:21.01500,1933.000,14
03:09:24.83500,1933.000,1
03:09:25.13200,1933.000,2
03:09:25.37500,1933.000,32
03:09:26.83900,1933.000,1
03:09:29.05400,1933.000,18
03:09:29.18700,1933.000,12
03:09:29.60500,1933.000,1
03:09:32.01900,1933.250,23
03:09:33.07400,1933.750,130
03:09:33.35500,1933.500,7
03:09:33.59300,1933.500,49
03:09:33.81200,1933.500,1
03:09:34.14000,1933.500,20
03:09:34.59700,1933.500,13
03:09:37.20700,1933.500,29
03:09:37.59700,1933.750,5
03:09:37.95300,1933.500,1
03:09:38.65600,1933.500,3
03:09:38.80400,1933.250,4
03:09:40.24200,1933.500,8
03:09:40.78100,1933.500,2
03:09:41.72600,1933.750,29
03:09:42.74200,1933.500,2
03:09:43.70300,1933.750,1
03:09:45.69900,1933.500,4
03:09:46.12800,1933.500,43
03:09:46.45300,1933.500,5
03:09:48.18300,1933.250,2
03:09:49.69500,1933.250,2
03:09:50.05800,1933.500,1
03:09:50.32400,1933.500,32
03:09:50.58200,1933.500,1
03:09:52.39400,1933.750,11
03:09:53.19500,1933.750,1
03:09:53.60500,1933.750,54
03:09:53.97200,1933.500,1
03:09:54.15200,1933.500,8
03:09:55.04200,1933.750,1
03:09:57.75700,1933.500,3
03:09:58.78500,1933.750,2
03:09:59.64400,1933.750,5
03:09:59.87500,1933.500,1
03:10:00.17900,1934.000,313
03:10:00.22600,1934.000,2
03:10:00.40600,1934.000,1
03:10:00.43300,1934.000,1
03:10:00.55800,1934.000,6
03:10:00.82000,1934.000,395
03:10:00.82400,1934.000,22
03:10:00.82400,1934.000,53
03:10:00.89400,1934.000,16
03:10:00.89400,1934.000,22
03:10:00.90600,1934.000,28
03:10:01.06600,1934.000,6
03:10:01.18700,1933.750,85
03:10:01.64800,1934.000,2
03:10:01.73400,1934.000,4
03:10:02.15600,1934.000,3
03:10:02.22200,1934.000,1
03:10:02.57000,1934.000,15
03:10:03.00700,1934.000,1
03:10:03.42500,1934.000,36
03:10:04.01900,1934.000,39
03:10:04.62100,1934.000,4
03:10:04.73000,1933.750,1
03:10:04.88600,1934.000,1
03:10:05.32800,1934.000,25
03:10:06.17500,1934.000,1
03:10:06.42100,1934.000,1
03:10:07.09300,1934.000,1
03:10:07.30400,1933.750,1
03:10:07.91400,1933.750,1
03:10:09.00000,1934.000,2
03:10:10.47200,1934.000,5
03:10:11.80400,1933.750,3
03:10:12.16700,1933.750,5
03:10:12.67500,1933.750,2
03:10:15.96000,1934.000,10
03:10:16.47600,1934.250,112
03:10:16.56200,1934.250,7
03:10:16.64800,1934.250,3
03:10:17.16000,1934.250,3
03:10:17.25700,1934.000,1
03:10:17.59300,1934.000,1
03:10:18.54600,1934.000,2
03:10:18.96000,1934.250,25
03:10:19.44900,1934.250,1
03:10:19.62800,1934.000,4
03:10:20.13200,1934.000,1
03:10:20.42100,1934.250,2
03:10:20.90200,1934.250,24
03:10:21.19500,1934.000,4
03:10:21.36300,1934.250,4
03:10:21.47200,1934.250,3
03:10:21.71800,1933.750,50
03:10:21.75700,1934.000,13
03:10:21.96000,1934.000,2
03:10:22.02700,1934.000,1
03:10:22.25300,1934.000,1
03:10:22.47200,1934.000,15
03:10:23.07800,1934.000,1
03:10:23.28900,1934.000,15
03:10:23.54600,1934.000,24
03:10:23.76100,1934.250,1
03:10:25.42900,1934.000,4
03:10:25.86300,1934.250,1
03:10:26.15200,1934.250,57
03:10:26.16700,1934.250,1
03:10:26.33900,1934.250,1
03:10:26.49600,1934.250,1
03:10:26.65600,1934.250,71
03:10:26.77700,1934.250,1
03:10:27.21800,1934.250,11
03:10:27.70300,1934.250,115
03:10:28.36300,1934.500,2
03:10:28.85500,1934.500,4
03:10:29.13200,1934.500,6
03:10:29.54200,1934.250,2
03:10:30.55000,1934.500,2
03:10:30.76500,1934.500,185
03:10:30.93300,1934.750,21
03:10:31.04200,1934.750,2
03:10:31.06600,1934.750,1
03:10:31.19500,1934.750,3
03:10:31.55400,1934.500,20
03:10:31.83500,1934.750,1
03:10:31.96400,1934.500,1
03:10:32.17100,1934.500,12
03:10:32.66700,1934.500,2
03:10:32.83500,1934.500,25
03:10:33.05400,1934.500,12
03:10:33.20300,1934.500,2
03:10:35.13200,1934.500,1
03:10:35.38600,1934.500,5
03:10:37.13200,1934.500,24
03:10:37.18700,1934.250,2
03:10:37.51500,1934.250,3
03:10:38.03500,1934.250,3
03:10:38.14400,1934.250,150
03:10:38.89400,1934.500,1
03:10:39.12100,1934.500,1
03:10:39.79600,1934.250,6
03:10:40.00300,1934.250,2
03:10:41.78500,1934.250,3
03:10:42.01500,1934.250,14
03:10:42.12800,1934.000,4
03:10:42.57000,1934.250,1
03:10:43.30800,1934.000,2
03:10:43.69900,1933.750,32
03:10:44.00700,1934.000,5
03:10:45.00700,1934.000,2
03:10:45.26500,1934.250,6
03:10:45.49200,1934.000,1
03:10:47.21400,1934.000,2
03:10:47.69500,1934.000,1
03:10:48.30800,1934.000,1
03:10:48.51100,1934.000,2
03:10:49.27700,1934.000,43
03:10:49.87800,1934.000,1
03:10:50.00000,1934.000,15
03:10:50.04600,1934.000,7
03:10:50.14400,1934.000,1
03:10:50.28100,1934.000,3
03:10:50.48000,1934.000,1
03:10:50.82800,1934.250,15
03:10:51.00000,1934.000,3
03:10:52.01500,1934.000,1
03:10:52.30800,1934.000,26
03:10:52.89400,1934.000,5
03:10:53.11300,1934.000,2
03:10:54.04200,1934.000,2
03:10:55.15200,1933.750,1
03:10:55.76500,1934.000,3
03:10:57.42500,1934.000,30
03:10:57.86300,1934.000,1
03:10:58.58200,1934.000,1
03:11:01.55000,1933.750,323
03:11:01.73800,1933.750,2
03:11:01.90200,1933.500,7
03:11:02.03900,1933.500,2
03:11:02.42100,1933.750,1
03:11:03.15200,1933.500,1
03:11:03.35500,1933.750,1
03:11:03.51900,1933.750,1
03:11:04.41000,1933.750,8
03:11:04.88200,1933.750,15
03:11:06.68300,1934.000,62
03:11:06.88600,1934.000,2
03:11:06.96800,1933.750,4
03:11:09.91700,1933.750,19
03:11:10.45300,1933.750,2
03:11:11.33900,1933.750,1
03:11:12.12500,1933.750,7
03:11:13.10100,1933.500,50
03:11:13.11300,1933.500,8
03:11:13.30000,1933.500,2
03:11:14.74600,1933.500,1
03:11:15.33200,1933.500,5
03:11:15.47600,1933.500,7
03:11:16.35900,1933.500,1
03:11:16.83500,1933.500,2
03:11:17.21800,1933.500,1
03:11:18.16000,1933.750,1
03:11:18.92500,1933.750,19
03:11:20.54600,1933.750,15
03:11:20.96400,1933.750,118
03:11:21.22600,1933.750,3
03:11:23.09700,1933.500,13
03:11:25.21400,1933.750,10
03:11:25.42100,1933.750,2
03:11:25.62800,1933.500,3
03:11:25.96400,1933.750,11
03:11:27.54200,1933.750,1
03:11:28.05400,1933.750,1
03:11:28.42900,1933.750,1
03:11:28.68300,1934.000,1
03:11:29.43700,1934.000,26
03:11:30.27300,1933.750,1
03:11:31.15200,1934.000,44
03:11:31.35900,1934.000,4
03:11:31.79200,1934.000,1
03:11:32.50300,1933.750,42
03:11:32.66400,1933.750,1
03:11:33.14800,1933.500,2
03:11:36.47200,1933.750,46
03:11:36.74600,1933.750,12
03:11:37.39400,1933.750,11
03:11:41.17500,1933.750,1
03:11:41.76100,1933.750,1
03:11:42.53100,1933.750,25
03:11:42.78900,1933.750,4
03:11:43.04600,1933.750,2
03:11:43.24600,1933.750,2
03:11:43.48800,1933.750,4
03:11:44.42100,1933.750,1
03:11:46.17900,1933.500,57
03:11:48.45300,1933.750,9
03:11:48.92900,1933.750,3
03:11:49.49200,1933.500,4
03:11:51.03900,1933.500,1
03:11:51.53500,1933.750,2
03:11:51.82000,1933.750,6
03:11:52.32400,1933.500,1
03:11:53.53100,1934.000,48
03:11:54.03900,1934.000,47
03:11:54.16400,1934.000,1
03:11:54.24600,1934.000,5
03:11:54.44500,1934.000,40
03:11:55.66000,1934.000,5
03:11:56.01500,1934.000,37
03:11:57.28100,1934.000,1
03:11:58.10100,1934.000,3
03:11:58.53900,1934.000,15
03:11:58.76100,1934.000,1
03:12:03.10900,1934.000,2
03:12:04.08500,1934.000,36
03:12:05.51500,1934.000,6
03:12:06.43300,1934.000,6
03:12:07.12800,1934.000,2
03:12:07.64000,1934.000,11
03:12:07.78500,1934.000,2
03:12:07.92900,1934.000,1
03:12:08.01100,1934.000,4
03:12:08.23400,1934.000,5
03:12:09.67900,1933.750,29
03:12:11.12100,1934.000,3
03:12:12.23800,1933.750,51
03:12:12.89400,1933.750,9
03:12:14.25700,1933.750,2
03:12:15.64800,1934.000,1
03:12:16.10900,1933.750,36
03:12:16.55000,1934.000,2
03:12:18.56200,1933.750,1
03:12:19.44100,1934.250,8
03:12:19.64000,1934.000,1
03:12:19.76100,1934.000,5
03:12:19.90600,1934.000,1
03:12:20.64800,1934.000,17
03:12:20.92100,1934.250,1
03:12:21.66400,1934.000,11
03:12:24.01500,1933.750,27
03:12:26.96400,1933.750,2
03:12:27.91000,1933.750,27
03:12:29.87800,1933.750,20
03:12:32.27300,1933.750,20
03:12:32.60500,1933.750,2
03:12:32.95300,1933.750,1
03:12:36.10100,1933.750,10
03:12:36.17500,1933.750,16
03:12:36.41400,1933.750,1
03:12:38.18700,1933.750,21
03:12:38.25300,1933.750,7
03:12:39.45700,1933.500,1
03:12:40.38600,1933.500,18
03:12:40.80400,1933.500,73
03:12:43.55800,1933.500,2
03:12:43.93300,1933.500,15
03:12:44.43300,1933.500,8
03:12:45.75000,1933.500,3
03:12:46.60900,1933.750,1
03:12:46.71400,1933.500,8
03:12:46.80800,1933.500,1
03:12:49.15200,1933.500,1
03:12:49.87800,1933.250,3
03:12:51.12100,1933.500,17
03:12:52.05000,1933.500,19
03:12:53.25700,1933.500,6
03:12:53.73000,1933.500,10
03:12:53.88600,1933.500,6
03:12:56.17100,1933.750,25
03:12:57.85900,1933.500,3
03:12:59.10500,1933.500,1
03:12:59.18300,1933.500,13
03:12:59.33900,1933.500,2
03:13:00.67100,1933.500,28
03:13:01.13600,1933.750,18
03:13:01.66000,1933.750,1
03:13:02.96400,1933.750,54
03:13:03.44100,1933.750,8
03:13:04.22600,1933.750,2
03:13:09.34300,1933.750,43
03:13:09.58200,1933.750,1
03:13:11.16400,1933.750,22
03:13:11.36700,1933.500,1
03:13:13.76100,1933.750,11
03:13:16.03100,1933.750,10
03:13:16.42900,1933.750,1
03:13:16.63200,1933.750,5
03:13:17.54600,1933.750,13
03:13:18.72600,1933.500,32
03:13:19.05400,1933.500,1
03:13:20.13600,1933.500,32
03:13:20.78100,1933.500,29
03:13:22.05400,1933.500,14
03:13:22.38200,1933.250,42
03:13:22.79200,1933.000,4
03:13:22.86300,1933.000,3
03:13:23.70300,1933.250,10
03:13:23.71000,1933.250,1
03:13:23.92500,1933.250,8
03:13:24.70700,1933.250,3
03:13:27.45700,1933.250,11
03:13:27.75700,1933.250,1
03:13:32.09700,1933.500,22
03:13:32.79200,1933.250,1
03:13:35.93700,1933.250,28
03:13:36.41400,1933.250,7
03:13:36.91000,1933.500,4
03:13:37.48800,1933.250,31
03:13:38.07000,1933.250,3
03:13:38.91700,1933.000,1
03:13:42.16000,1933.000,9
03:13:42.45700,1933.250,1
03:13:43.28500,1933.250,5
03:13:43.56200,1933.000,1
03:13:45.65200,1933.500,21
03:13:49.85100,1933.500,39
03:13:49.92100,1933.500,11
03:13:51.08500,1933.500,10
03:13:51.27700,1933.250,2
03:13:51.86700,1933.500,15
03:13:54.89400,1933.750,51
03:13:55.10900,1933.750,13
03:13:55.51100,1933.750,1
03:13:56.04600,1933.750,1
03:13:56.18700,1933.750,18
03:13:56.61300,1933.750,2
03:13:58.25300,1933.750,2
03:13:58.56600,1933.750,3
03:13:58.73800,1933.500,9
03:14:01.04200,1933.500,1
03:14:01.44500,1933.750,1
03:14:04.68300,1933.750,22
03:14:05.31200,1933.500,1
03:14:05.62500,1933.500,5
03:14:07.12100,1933.750,47
03:14:07.57400,1933.750,1
03:14:08.72600,1933.750,44
03:14:09.32400,1933.750,7
03:14:09.62800,1933.750,2
03:14:10.49600,1933.750,8
03:14:12.33900,1933.250,146
03:14:12.42100,1933.250,10
03:14:12.67100,1933.500,1
03:14:15.41700,1933.750,26
03:14:15.75000,1933.500,41
03:14:17.05400,1933.250,1
03:14:17.24600,1933.500,15
03:14:17.57400,1933.500,11
03:14:17.77300,1933.500,10
03:14:18.66700,1933.500,4
03:14:19.62500,1933.500,1
03:14:20.16700,1933.500,1
03:14:20.62800,1933.250,4
03:14:21.07400,1933.250,3
03:14:21.49200,1933.500,3
03:14:22.59700,1933.500,14
03:14:24.17100,1933.750,19
03:14:24.56600,1933.500,1
03:14:24.96400,1933.750,25
03:14:25.05000,1933.750,3
03:14:28.82000,1933.500,136
03:14:28.94500,1933.500,9
03:14:29.10500,1933.500,2
03:14:29.92900,1933.500,17
03:14:31.30800,1933.500,5
03:14:32.10900,1933.750,1
03:14:33.07400,1933.750,12
03:14:33.17100,1933.500,1
03:14:34.00300,1933.500,1
03:14:34.41700,1933.750,2
03:14:34.87100,1933.500,10
03:14:35.17900,1933.500,23
03:14:36.49200,1933.500,3
03:14:38.08200,1933.500,57
03:14:40.49600,1933.500,2
03:14:41.44900,1933.500,2
03:14:45.59300,1933.750,25
03:14:46.56200,1933.500,77
03:14:47.13600,1933.250,6
03:14:47.80800,1933.250,7
03:14:48.18300,1933.500,1
03:14:50.19100,1933.250,1
03:14:52.50700,1933.250,10
03:14:53.91400,1933.500,18
03:14:54.00700,1933.500,6
03:14:55.96400,1933.250,2
03:14:57.79200,1933.250,35
03:14:58.05000,1933.250,2
03:15:00.37100,1933.500,45
03:15:00.38200,1933.500,7
03:15:00.59700,1933.500,6
03:15:01.49600,1933.250,1
03:15:02.06600,1933.500,12
03:15:02.31200,1933.500,8
03:15:02.69100,1933.750,76
03:15:02.83900,1933.750,1
03:15:03.03100,1933.750,12
03:15:03.31600,1934.000,50
03:15:03.33200,1934.000,2
03:15:03.51100,1934.000,5
03:15:03.56600,1934.000,4
03:15:03.73400,1934.250,7
03:15:03.85900,1934.250,22
03:15:04.40200,1934.250,10
03:15:04.60500,1934.250,75
03:15:05.32000,1934.250,7
03:15:06.15200,1934.250,3
03:15:07.44500,1934.250,48
03:15:07.91400,1934.250,2
03:15:08.57800,1934.250,2
03:15:08.87500,1934.250,4
03:15:09.33500,1934.250,1
03:15:09.60100,1934.250,1
03:15:09.82800,1934.250,28
03:15:10.04600,1934.250,13
03:15:10.71000,1934.250,14
03:15:10.94900,1934.250,4
03:15:11.30400,1934.250,25
03:15:11.70700,1934.250,2
03:15:12.21800,1934.000,162
03:15:12.31600,1934.000,76
03:15:12.73400,1933.750,2
03:15:14.27300,1933.750,29
03:15:14.59700,1933.750,4
03:15:15.35900,1933.750,6
03:15:15.62100,1933.750,6
03:15:15.75700,1934.000,1
03:15:16.05000,1934.000,1
03:15:16.16000,1933.750,13
03:15:16.46800,1933.750,5
03:15:17.14400,1934.000,14
03:15:17.35500,1934.000,14
03:15:18.41000,1934.000,2
03:15:19.60500,1934.000,1
03:15:20.13600,1934.000,2
03:15:22.11300,1934.250,16
03:15:22.46000,1934.000,20
03:15:22.55000,1934.000,17
03:15:23.57000,1934.000,2
03:15:23.78500,1934.250,2
03:15:24.64800,1934.000,11
03:15:24.85900,1934.000,17
03:15:25.04200,1934.000,14
03:15:25.17100,1934.000,5
03:15:25.83500,1933.750,59
03:15:26.85100,1934.000,19
03:15:27.15600,1933.750,10
03:15:27.85900,1933.750,5
03:15:28.06600,1933.750,1
03:15:28.25700,1933.750,89
03:15:28.68700,1933.750,3
03:15:29.00300,1933.750,2
03:15:29.58200,1933.750,10
03:15:30.02700,1933.750,3
03:15:30.91400,1933.750,1
03:15:31.68700,1933.750,11
03:15:32.18300,1934.000,72
03:15:32.27300,1934.000,8
03:15:32.40200,1934.000,1
03:15:32.91400,1934.000,4
03:15:33.06600,1934.000,9
03:15:33.37800,1934.000,1
03:15:35.38200,1934.250,48
03:15:35.67100,1934.250,36
03:15:35.82400,1934.250,1
03:15:38.26100,1934.500,17
03:15:39.88600,1934.250,28
03:15:40.30400,1934.500,1
03:15:41.68300,1934.250,31
03:15:42.83900,1934.250,1
03:15:44.05800,1934.250,12
03:15:46.20300,1934.250,3
03:15:46.59700,1934.500,13
03:15:48.49600,1934.500,77
03:15:48.59700,1934.500,4
03:15:48.82400,1934.500,8
03:15:50.56600,1934.500,22
03:15:50.77300,1934.750,6
03:15:50.89800,1934.750,2
03:15:51.57000,1934.250,165
03:15:51.66400,1934.500,34
03:15:52.01500,1934.500,1
03:15:52.15200,1934.250,11
03:15:53.38200,1934.250,22
03:15:54.01500,1934.000,12
03:15:54.10100,1934.000,8
03:15:54.35100,1934.000,17
03:15:54.45300,1934.000,5
03:15:54.89400,1934.000,7
03:15:55.12100,1934.000,15
03:15:57.80800,1934.000,13
03:15:58.40200,1934.000,1
03:15:58.47600,1934.000,2
03:15:58.73000,1934.000,2
03:15:59.06200,1934.000,26
03:16:01.35500,1934.250,3
03:16:01.94900,1934.250,13
03:16:04.96400,1934.250,2
03:16:05.74600,1934.250,1
03:16:07.44500,1934.250,14
03:16:08.67100,1934.250,21
03:16:09.67100,1934.250,13
03:16:10.20300,1934.250,19
03:16:11.19100,1934.250,1
03:16:12.25300,1934.250,4
03:16:13.44900,1934.000,1
03:16:14.60100,1934.250,13
03:16:16.31600,1934.250,24
03:16:17.70300,1934.500,1
03:16:18.23000,1934.250,5
03:16:19.11300,1934.500,1
03:16:19.60500,1934.500,11
03:16:20.88200,1934.250,10
03:16:21.68300,1934.250,2
03:16:21.86300,1934.000,2
03:16:22.43700,1934.000,58
03:16:22.58500,1934.250,1
03:16:23.73800,1934.000,24
03:16:24.44500,1934.000,1
03:16:28.58500,1934.000,16
03:16:29.20700,1934.000,10
03:16:29.59700,1934.000,12
03:16:29.79600,1934.000,1
03:16:30.04200,1934.000,15
03:16:30.80400,1933.750,46
03:16:31.13600,1933.750,7
03:16:31.22200,1934.000,1
03:16:32.41000,1933.750,16
03:16:32.59700,1933.500,4
03:16:34.01100,1933.500,1
03:16:38.60900,1933.500,1
03:16:38.76900,1933.500,10
03:16:39.03500,1933.500,47
03:16:39.19500,1933.500,6
03:16:42.83900,1933.500,11
03:16:43.35100,1933.500,14
03:16:43.69100,1933.500,4
03:16:44.19500,1933.250,31
03:16:44.29600,1933.500,9
03:16:44.33200,1933.500,4
03:16:45.46800,1933.500,13
03:16:47.37100,1933.750,10
03:16:49.12800,1933.500,23
03:16:50.58500,1933.500,2
03:16:50.83200,1933.500,2
03:16:51.85900,1933.750,10
03:16:52.61700,1933.500,1
03:16:53.82800,1933.500,11
03:16:54.68700,1933.250,2
03:16:56.20300,1933.750,9
03:16:58.14800,1933.500,1
03:16:58.41700,1933.750,110
03:16:58.49200,1933.750,13
03:16:59.58200,1933.500,2
03:17:00.41000,1933.750,6
03:17:02.30800,1933.750,7
03:17:03.48800,1934.000,8
03:17:07.21400,1933.750,68
03:17:08.15200,1933.750,17
03:17:09.37100,1933.750,5
03:17:10.75700,1934.000,8
03:17:11.31600,1934.000,1
03:17:12.03100,1934.000,2
03:17:12.58200,1933.750,116
03:17:13.95700,1933.750,7
03:17:14.31200,1933.750,38
03:17:16.83500,1934.000,15
03:17:18.40600,1933.750,1
03:17:20.06200,1934.000,14
03:17:21.19100,1934.000,16
03:17:21.51100,1933.750,2
03:17:24.12100,1934.000,7
03:17:25.94500,1933.750,3
03:17:27.17100,1934.000,6
03:17:30.12500,1934.000,24
03:17:30.60100,1934.000,11
03:17:31.66700,1933.750,41
03:17:31.83900,1933.500,2
03:17:33.11700,1933.750,21
03:17:35.66000,1934.000,6
03:17:36.12100,1933.750,1
03:17:37.27700,1933.750,1
03:17:37.42100,1934.000,1
03:17:38.26500,1934.000,20
03:17:38.74600,1934.250,9
03:17:39.62800,1934.000,23
03:17:41.13200,1934.000,25
03:17:42.93700,1934.000,1
03:17:43.60100,1934.250,19
03:17:45.00700,1934.250,5
03:17:46.94100,1934.250,1
03:17:48.14800,1934.250,6
03:17:50.14000,1934.250,5
03:17:50.65600,1934.250,1
03:17:52.09300,1934.250,2
03:17:53.23000,1934.250,8
03:17:55.75300,1934.250,15
03:17:55.91700,1934.250,1
03:17:58.24200,1934.500,6
03:17:58.58200,1934.250,13
03:18:00.71800,1934.250,21
03:18:03.07400,1934.000,1
03:18:03.23800,1934.250,9
03:18:03.63600,1934.250,7
03:18:06.11700,1934.250,6
03:18:07.44100,1934.250,16
03:18:08.44900,1934.250,6
03:18:08.60100,1934.500,5
03:18:10.01100,1934.500,26
03:18:10.38200,1934.500,1
03:18:11.17500,1934.750,201
03:18:11.59700,1934.750,4
03:18:13.23000,1934.750,47
03:18:13.63600,1935.250,496
03:18:13.74200,1935.500,454
03:18:13.76900,1935.500,2
03:18:13.93300,1935.500,27
03:18:14.00000,1935.250,1
03:18:14.13200,1935.500,100
03:18:14.32400,1935.750,2
03:18:14.63600,1935.500,21
03:18:14.78500,1935.500,3
03:18:15.20300,1935.250,5
03:18:15.95700,1935.500,1
03:18:16.66400,1935.250,60
03:18:17.05800,1935.250,1
03:18:17.62800,1935.250,1
03:18:17.75700,1935.000,25
03:18:18.14400,1935.000,1
03:18:18.36300,1934.750,101
03:18:18.62800,1935.000,1
03:18:19.32000,1935.000,22
03:18:19.68700,1935.000,1
03:18:20.15600,1934.750,1
03:18:20.55000,1935.000,5
03:18:21.06600,1934.750,7
03:18:21.16000,1935.000,50
03:18:21.37500,1935.000,13
03:18:21.84300,1934.750,1
03:18:22.47200,1934.750,3
03:18:22.68700,1935.250,162
03:18:23.60500,1935.500,4
03:18:24.96000,1935.500,3
03:18:25.60900,1935.500,8
03:18:26.01100,1935.500,1
03:18:26.32400,1935.500,7
03:18:27.12100,1935.250,2
03:18:27.50700,1935.500,33
03:18:27.58200,1935.500,3
03:18:27.82000,1935.250,1
03:18:28.50000,1935.250,62
03:18:28.85100,1935.000,3
03:18:29.75300,1935.250,3
03:18:29.96000,1935.250,2
03:18:31.12500,1935.000,2
03:18:31.80000,1935.000,2
03:18:32.00300,1935.250,60
03:18:33.06200,1935.500,1
03:18:33.93700,1935.250,18
03:18:34.83900,1935.250,3
03:18:34.87100,1935.250,1
03:18:35.05400,1935.500,1
03:18:38.17500,1935.500,3
03:18:39.09300,1935.500,22
03:18:39.28100,1935.500,1
03:18:39.52300,1935.500,15
03:18:39.86700,1935.500,1
03:18:40.13200,1935.500,2
03:18:40.60900,1935.250,50
03:18:41.16000,1935.250,22
03:18:41.46000,1935.250,13
03:18:41.59700,1935.500,100
03:18:41.71000,1935.500,15
03:18:42.06200,1935.250,2
03:18:42.58500,1935.500,1
03:18:42.93300,1935.500,183
03:18:43.25000,1935.250,1
03:18:44.07400,1935.500,10
03:18:44.57800,1935.500,9
03:18:45.51500,1935.500,1
03:18:45.96400,1935.500,4
03:18:47.73000,1935.750,33
03:18:48.71000,1935.750,103
03:18:49.13600,1935.500,1
03:18:49.73800,1935.750,2
03:18:49.87500,1935.750,1
03:18:50.16700,1935.750,4
03:18:50.26900,1935.750,2
03:18:50.41700,1935.750,5
03:18:50.78100,1935.750,4
03:18:53.13600,1935.500,3
03:18:53.36700,1935.750,1
03:18:53.61700,1935.750,58
03:18:53.67900,1935.750,4
03:18:55.07400,1935.250,172
03:18:56.10100,1935.250,4
03:18:56.34300,1935.250,17
03:18:56.67100,1935.500,1
03:18:57.21400,1935.250,1
03:18:57.58500,1935.500,82
03:18:58.42900,1935.750,16
03:18:58.60900,1935.750,6
03:18:58.91700,1935.750,22
03:18:59.04600,1936.000,1
03:18:59.14000,1936.000,1
03:18:59.32400,1936.000,1
03:18:59.59700,1936.000,1
03:19:00.05800,1936.000,5
03:19:00.32000,1935.750,15
03:19:00.96800,1935.750,1
03:19:01.23000,1935.750,1
03:19:01.83900,1935.750,14
03:19:02.00000,1935.750,1
03:19:02.10900,1935.750,2
03:19:03.36300,1935.750,6
03:19:04.26500,1935.750,1
03:19:04.39400,1936.000,20
03:19:04.48000,1935.750,1
03:19:04.65200,1935.750,8
03:19:05.07800,1935.750,13
03:19:05.94100,1935.500,3
03:19:06.35900,1935.500,5
03:19:06.45700,1935.500,1
03:19:06.66400,1935.500,4
03:19:07.58500,1935.500,1
03:19:09.58500,1935.750,101
03:19:09.68300,1935.750,1
03:19:13.11300,1935.750,1
03:19:13.96800,1936.000,11
03:19:15.84300,1936.000,18
03:19:15.97200,1936.000,2
03:19:16.15200,1936.000,3
03:19:16.33500,1936.000,5
03:19:16.76900,1935.750,3
03:19:16.78100,1935.750,2
03:19:18.80800,1936.000,2
03:19:19.66400,1935.750,1
03:19:22.47200,1936.000,1
03:19:23.10900,1936.000,4
03:19:23.35100,1936.000,5
03:19:24.24600,1935.750,101
03:19:25.29600,1935.750,11
03:19:25.91400,1935.750,10
03:19:26.45700,1935.750,1
03:19:28.19500,1935.750,2
03:19:29.12100,1935.750,17
03:19:29.32000,1935.750,18
03:19:29.47600,1936.000,187
03:19:29.51900,1936.000,1
03:19:29.73400,1936.250,34
03:19:29.85900,1936.250,102
03:19:30.41700,1936.250,3
03:19:31.02700,1936.250,21
03:19:31.28500,1936.000,11
03:19:32.03900,1936.000,6
03:19:33.79200,1936.000,3
03:19:34.17100,1936.000,25
03:19:35.21000,1936.000,17
03:19:36.52700,1936.000,1
03:19:37.04200,1936.000,31
03:19:37.51100,1935.750,5
03:19:37.70700,1935.750,1
03:19:38.08900,1935.750,2
03:19:38.50700,1936.000,10
03:19:38.92100,1935.750,3
03:19:40.35500,1936.000,1
03:19:40.87800,1935.750,3
03:19:41.34700,1935.750,1
03:19:41.82400,1935.750,1
03:19:42.41400,1935.750,63
03:19:42.78100,1935.500,60
03:19:42.84700,1935.500,12
03:19:43.36300,1935.500,8
03:19:44.43700,1935.500,3
03:19:44.59700,1935.500,4
03:19:45.65200,1935.500,2
03:19:46.88200,1935.500,9
03:19:48.04200,1935.500,3
03:19:48.26900,1935.500,1
03:19:48.44500,1935.500,1
03:19:48.89000,1935.500,1
03:19:50.07800,1935.500,1
03:19:50.21400,1935.500,5
03:19:50.59300,1935.750,2
03:19:50.95300,1935.750,14
03:19:51.23800,1935.750,12
03:19:54.19900,1935.500,1
03:19:56.93300,1935.500,4
03:19:57.19500,1935.500,24
03:19:58.12800,1935.500,6
03:19:58.22200,1935.500,2
03:19:58.42100,1935.250,2
03:19:58.50000,1935.750,1
03:19:59.03100,1935.500,2
03:19:59.60500,1935.750,2
03:20:01.04200,1936.000,71
03:20:03.30000,1935.750,1
03:20:05.19500,1936.000,4
03:20:05.41400,1935.750,1
03:20:06.21000,1936.000,22
03:20:06.64800,1936.250,5
03:20:07.85500,1936.000,25
03:20:10.15600,1936.000,1
03:20:10.37500,1935.750,3
03:20:11.42500,1936.000,29
03:20:13.76100,1936.250,1
03:20:14.19900,1936.000,7
03:20:14.48400,1936.000,2
03:20:15.14400,1935.750,1
03:20:15.79600,1936.000,1
03:20:16.20700,1935.750,59
03:20:17.26100,1935.750,7
03:20:18.91400,1935.750,2
03:20:19.88200,1935.750,2
03:20:20.96400,1935.750,1
03:20:21.78900,1935.500,25
03:20:23.22600,1935.500,2
03:20:23.54600,1935.500,7
03:20:25.02300,1935.500,1
03:20:25.22200,1935.500,7
03:20:26.59300,1935.500,13
03:20:26.82400,1935.500,1
03:20:27.03500,1935.500,10
03:20:28.44500,1935.500,1
03:20:28.65200,1935.500,13
03:20:28.88600,1935.500,9
03:20:30.08900,1935.500,19
03:20:30.23000,1935.500,7
03:20:30.79200,1935.250,6
03:20:31.47600,1935.250,1
03:20:32.70700,1935.500,30
03:20:33.70700,1935.250,259
03:20:34.29600,1935.500,39
03:20:34.65600,1935.500,4
03:20:34.94100,1935.500,3
03:20:36.17900,1935.250,20
03:20:38.47200,1935.250,24
03:20:39.40600,1935.250,1
03:20:39.62100,1935.250,2
03:20:40.27300,1935.250,3
03:20:41.25000,1935.250,2
03:20:41.83900,1935.000,5
03:20:42.38200,1935.000,1
03:20:44.41400,1935.250,108
03:20:45.00300,1935.250,49
03:20:45.35100,1935.250,15
03:20:46.55800,1935.250,26
03:20:46.55800,1935.250,26
03:20:47.50700,1935.250,111
03:20:47.80000,1935.000,1
03:20:48.13200,1935.250,1
03:20:48.29600,1935.000,5
03:20:48.55800,1935.000,9
03:20:48.85500,1935.000,5
03:20:50.66400,1935.000,3
03:20:51.05400,1935.250,6
03:20:51.41000,1935.250,2
03:20:51.56200,1935.250,7
03:20:53.57800,1935.250,1
03:20:54.35500,1935.500,1
03:20:55.57800,1935.500,3
03:20:56.22200,1935.250,104
03:20:56.85500,1935.000,255
03:20:56.92100,1934.750,127
03:20:57.38600,1934.750,2
03:20:57.55400,1934.750,3
03:20:58.46000,1934.500,1
03:20:59.48000,1934.500,10
03:20:59.75000,1934.500,1
03:21:00.84700,1934.750,3
03:21:01.27300,1934.750,2
03:21:01.57800,1934.500,5
03:21:01.79200,1934.750,2
03:21:02.11300,1934.750,1
03:21:02.25000,1934.750,1
03:21:03.30000,1934.500,5
03:21:05.20300,1934.750,1
03:21:06.44100,1934.750,1
03:21:06.87800,1934.750,254
03:21:07.14400,1934.750,2
03:21:09.47200,1934.500,75
03:21:10.03900,1934.750,1
03:21:10.23800,1934.750,30
03:21:11.78900,1935.000,4
03:21:12.03500,1935.000,15
03:21:13.90200,1935.000,38
03:21:14.56600,1934.750,4
03:21:14.62800,1934.750,4
03:21:15.19100,1934.750,1
03:21:16.27700,1934.750,1
03:21:16.56600,1934.750,15
03:21:18.21000,1934.750,34
03:21:18.81200,1934.750,9
03:21:19.10100,1934.750,1
03:21:19.92900,1934.750,36
03:21:21.08900,1934.750,45
03:21:21.28900,1934.750,8
03:21:22.46400,1934.750,12
03:21:23.75000,1934.500,238
03:21:23.76500,1934.250,145
03:21:23.89400,1934.250,1
03:21:24.32000,1934.500,1
03:21:24.41700,1934.500,17
03:21:24.51500,1934.500,5
03:21:24.90600,1934.250,1
03:21:25.69900,1934.500,16
03:21:25.93700,1934.500,8
03:21:26.09300,1934.500,2
03:21:26.28500,1934.500,1
03:21:27.49600,1934.250,163
03:21:27.78900,1934.250,1
03:21:28.05400,1934.250,11
03:21:28.40200,1934.250,11
03:21:28.50000,1934.250,6
03:21:29.18700,1934.250,1
03:21:29.26500,1934.500,1
03:21:30.58500,1934.250,8
03:21:31.43700,1934.250,291
03:21:31.49600,1934.250,4
03:21:31.56200,1934.000,1
03:21:32.39400,1934.250,1
03:21:33.32800,1934.000,7
03:21:34.83900,1934.000,1
03:21:35.17900,1934.000,14
03:21:35.38200,1934.250,1
03:21:36.05400,1934.250,100
03:21:36.05400,1934.250,30
03:21:36.39800,1934.500,1
03:21:36.72600,1934.250,40
03:21:38.48800,1934.250,1
03:21:38.88600,1934.250,1
03:21:39.13200,1934.500,1
03:21:39.49600,1934.250,1
03:21:41.10900,1934.500,22
03:21:41.18300,1934.500,1
03:21:43.04600,1934.250,1
03:21:44.52700,1934.250,136
03:21:44.71800,1934.000,27
03:21:44.91700,1933.750,1
03:21:45.12500,1934.000,1
03:21:48.13600,1934.000,13
03:21:49.37500,1934.000,2
03:21:51.59700,1934.000,1
03:21:52.10100,1933.750,62
03:21:52.17500,1933.750,3
03:21:53.14000,1933.500,3
03:21:53.21800,1933.500,4
03:21:53.29200,1933.750,1
03:21:53.95300,1933.500,1
03:21:54.18700,1933.500,49
03:21:54.21800,1933.500,3
03:21:54.39400,1933.500,1
03:21:54.71400,1933.500,1
03:21:56.05800,1933.250,16
03:21:56.83500,1933.500,14
03:21:57.35500,1933.500,1
03:21:58.30000,1933.750,7
03:21:58.57000,1933.500,1
03:21:58.74600,1933.500,4
03:21:59.63200,1933.500,7
03:22:00.44900,1933.500,13
03:22:00.90600,1933.250,2
03:22:01.08200,1933.500,1
03:22:01.14000,1933.250,1
03:22:01.31200,1933.500,11
03:22:01.43300,1933.500,1
03:22:01.93700,1933.500,1
03:22:02.42100,1934.000,32
03:22:02.57800,1934.000,41
03:22:02.91000,1934.250,4
03:22:02.96800,1934.250,6
03:22:03.44500,1934.250,4
03:22:03.51500,1934.250,5
03:22:03.68300,1934.000,1
03:22:03.92100,1934.250,1
03:22:04.19500,1934.250,7
03:22:04.97200,1934.000,46
03:22:05.47200,1933.750,3
03:22:05.95700,1933.750,1
03:22:08.33200,1934.000,17
03:22:08.43700,1934.000,5
03:22:08.62500,1934.000,2
03:22:09.59300,1933.750,118
03:22:09.89400,1933.500,4
03:22:10.13200,1933.750,11
03:22:10.25700,1933.500,2
03:22:11.44100,1933.750,5
03:22:13.91000,1933.750,57
03:22:14.26100,1933.750,5
03:22:14.43700,1933.750,1
03:22:17.07800,1933.500,49
03:22:17.91700,1933.500,1
03:22:20.10500,1933.750,9
03:22:20.42100,1933.500,1
03:22:21.37800,1933.500,1
03:22:22.16400,1933.500,8
03:22:23.21000,1933.500,12
03:22:23.74600,1933.250,10
03:22:25.11300,1933.500,1
03:22:27.16000,1933.250,1
03:22:29.64000,1933.500,13
03:22:29.69500,1933.500,8
03:22:29.82800,1933.500,1
03:22:30.11300,1933.500,23
03:22:30.93700,1933.750,6
03:22:32.31600,1933.500,1
03:22:35.54600,1933.500,3
03:22:35.70300,1933.500,4
03:22:35.87500,1933.500,1
03:22:36.26500,1933.500,5
03:22:37.58200,1933.250,1
03:22:39.04200,1933.500,14
03:22:39.39800,1933.500,1
03:22:40.05000,1933.500,11
03:22:41.46000,1933.500,2
03:22:41.63600,1933.500,1
03:22:42.63600,1933.500,1
03:22:44.51100,1933.250,42
03:22:45.06200,1933.500,11
03:22:45.27300,1933.500,18
03:22:46.79600,1933.500,35
03:22:47.25000,1933.500,1
03:22:47.48800,1933.250,1
03:22:48.87800,1933.500,23
03:22:50.20700,1933.500,2
03:22:51.67500,1933.500,21
03:22:51.78900,1933.500,3
03:22:52.17900,1933.500,1
03:22:53.58200,1933.500,12
03:22:54.29200,1933.500,6
03:22:54.71000,1933.500,5
03:22:55.44900,1933.500,2
03:22:55.80800,1933.500,3
03:22:56.21400,1933.750,1
03:22:57.19100,1933.750,270
03:22:57.23800,1934.000,65
03:22:57.39400,1933.750,1
03:22:58.17900,1933.750,3
03:23:01.85100,1934.250,276
03:23:02.78100,1934.500,35
03:23:03.03100,1934.500,32
03:23:03.03900,1934.500,5
03:23:03.51900,1934.500,5
03:23:03.83900,1934.500,5
03:23:04.50000,1934.500,1
03:23:04.65600,1934.500,9
03:23:04.93300,1934.500,2
03:23:06.49600,1934.500,1
03:23:08.00300,1934.250,33
03:23:09.26500,1934.000,1
03:23:10.28100,1934.250,18
03:23:14.38200,1934.500,10
03:23:15.07000,1934.250,7
03:23:17.80800,1934.250,15
03:23:18.88200,1934.000,1
03:23:19.57800,1934.000,20
03:23:20.50300,1934.000,20
03:23:20.92900,1933.750,9
03:23:21.86300,1933.750,32
03:23:22.50700,1933.750,1
03:23:23.14800,1933.750,18
03:23:25.52700,1933.750,4
03:23:26.65200,1934.000,1
03:23:27.78900,1934.000,7
03:23:28.09700,1934.000,1
03:23:28.62800,1934.250,36
03:23:28.62800,1934.250,3
03:23:30.50700,1934.250,6
03:23:30.85500,1934.250,6
03:23:31.51500,1934.250,1
03:23:31.83500,1934.250,2
03:23:34.53900,1934.250,11
03:23:35.23800,1934.250,3
03:23:35.52300,1934.250,2
03:23:36.69500,1934.250,5
03:23:39.00300,1934.000,92
03:23:39.28900,1934.000,1
03:23:39.83500,1933.750,1
03:23:39.89400,1934.000,1
03:23:41.49200,1933.750,2
03:23:43.42900,1934.000,13
03:23:44.59300,1934.000,3
03:23:44.73800,1934.000,6
03:23:48.08900,1933.750,21
03:23:48.26900,1934.000,4
03:23:48.64000,1934.250,13
03:23:48.84300,1934.500,28
03:23:48.95300,1934.250,5
03:23:49.10900,1934.500,5
03:23:51.20300,1934.500,10
03:23:51.84700,1934.500,10
03:23:53.26100,1934.500,18
03:23:53.51900,1934.500,10
03:23:54.83200,1934.500,1
03:23:55.18300,1934.500,2
03:23:57.95300,1934.250,45
03:23:58.60100,1934.250,1
03:23:59.38600,1934.250,5
03:24:02.78900,1934.250,8
03:24:03.81200,1934.250,7
03:24:04.42500,1934.250,4
03:24:04.92500,1934.250,8
03:24:05.23400,1934.250,5
03:24:06.08900,1934.000,14
03:24:06.11700,1934.000,6
03:24:08.10900,1934.000,3
03:24:08.36300,1934.000,1
03:24:09.92100,1934.000,23
03:24:10.08500,1934.000,3
03:24:11.61700,1934.000,7
03:24:17.97200,1933.750,15
03:24:18.32800,1934.000,2
03:24:19.60900,1933.750,2
03:24:20.48000,1933.750,7
03:24:21.08500,1933.750,7
03:24:21.44100,1933.750,3
03:24:22.31200,1933.750,1
03:24:24.32000,1933.750,1
03:24:25.46800,1933.750,3
03:24:28.73000,1933.750,3
03:24:29.58200,1933.750,11
03:24:31.22200,1933.750,1
03:24:32.23000,1933.500,1
03:24:33.08500,1933.500,3
03:24:33.39800,1933.500,1
03:24:34.59700,1933.500,45
03:24:35.22200,1933.500,1
03:24:35.77700,1933.500,8
03:24:36.16700,1933.500,1
03:24:37.78100,1933.500,5
03:24:38.22600,1933.500,1
03:24:39.39400,1933.500,5
03:24:39.77300,1933.500,3
03:24:41.67500,1933.500,1
03:24:41.89000,1933.500,3
03:24:42.37100,1933.500,1
03:24:43.19900,1933.500,15
03:24:43.48800,1933.250,2
03:24:43.91000,1933.500,1
03:24:44.53500,1933.500,1
03:24:44.85900,1933.250,1
03:24:46.70700,1933.500,6
03:24:47.04200,1933.500,1
03:24:49.00300,1933.750,4
03:24:49.62500,1933.750,9
03:24:53.08500,1933.750,4
03:24:53.56600,1933.750,5
03:24:54.41000,1933.750,1
03:24:54.81200,1933.750,5
03:24:55.42900,1933.750,5
03:24:56.68300,1933.750,1
03:24:59.83900,1933.750,6
03:25:01.56200,1933.750,13
03:25:03.27700,1933.500,25
03:25:04.50000,1933.500,6
03:25:06.07800,1933.750,1
03:25:06.66000,1933.750,9
03:25:07.15600,1933.750,5
03:25:12.56600,1934.000,1
03:25:13.02300,1934.000,13
03:25:15.53100,1934.000,20
03:25:15.95300,1934.000,1
03:25:17.74200,1934.000,4
03:25:18.83900,1934.000,4
03:25:20.40200,1934.000,7
03:25:20.94500,1934.000,1
03:25:21.13600,1934.000,7
03:25:22.55000,1934.000,1
03:25:24.18700,1933.750,20
03:25:29.42500,1934.000,3
03:25:29.57800,1934.000,12
03:25:31.08900,1934.000,3
03:25:31.44500,1934.000,1
03:25:32.76900,1934.000,1
03:25:33.78100,1934.250,20
03:25:37.14800,1934.000,52
03:25:38.57400,1934.000,53
03:25:40.60500,1934.000,54
03:25:44.44100,1934.500,17
03:25:45.02700,1934.500,22
03:25:47.61700,1934.250,1
03:25:48.17100,1934.250,20
03:25:48.87500,1934.000,9
03:25:50.23800,1934.000,2
03:25:51.30000,1934.000,5
03:25:52.81200,1934.000,1
03:25:53.58900,1934.250,3
03:25:53.92500,1934.250,16
03:25:54.50700,1934.000,15
03:25:54.63200,1934.000,17
03:25:54.92500,1934.000,1
03:25:55.33500,1934.000,4
03:25:56.11300,1934.000,2
03:25:59.15200,1933.750,19
03:26:05.19900,1933.750,4
03:26:05.49600,1933.750,36
03:26:06.50000,1933.750,1
03:26:07.05800,1933.750,9
03:26:08.32000,1933.500,1
03:26:10.13200,1933.750,39
03:26:10.40200,1933.500,28
03:26:10.84700,1933.500,2
03:26:12.83900,1933.500,5
03:26:14.38600,1933.500,1
03:26:14.97200,1933.500,7
03:26:16.17500,1933.500,9
03:26:16.50300,1933.500,1
03:26:17.16000,1933.500,4
03:26:17.52700,1933.500,9
03:26:22.00300,1933.250,75
03:26:23.94100,1933.250,54
03:26:24.83500,1933.250,8
03:26:26.40200,1933.250,34
03:26:27.31600,1933.250,1
03:26:28.00000,1933.250,2
03:26:29.42900,1933.250,28
03:26:37.18300,1933.250,1
03:26:37.88600,1933.250,2
03:26:38.77700,1933.250,57
03:26:40.59700,1933.250,20
03:26:41.53900,1933.250,42
03:26:42.16400,1933.250,1
03:26:44.71000,1933.000,13
03:26:44.95300,1933.000,50
03:26:45.19900,1933.250,26
03:26:46.12500,1933.000,1
03:26:46.81200,1932.750,81
03:26:46.82800,1932.750,241
03:26:47.02700,1932.750,4
03:26:47.40600,1932.750,3
03:26:49.41700,1932.750,2
03:26:50.47600,1933.000,1
03:26:51.24600,1932.750,1
03:26:51.88600,1932.750,45
03:26:52.39000,1933.000,5
03:26:53.37500,1932.750,4
03:26:53.65600,1932.750,6
03:26:54.11700,1932.500,2
03:26:54.78100,1932.750,20
03:26:57.19100,1932.750,1
03:27:02.13200,1933.000,41
03:27:02.16400,1933.250,1
03:27:02.51100,1933.250,34
03:27:02.80800,1933.500,4
03:27:03.09700,1933.500,5
03:27:03.75700,1933.500,1
03:27:04.18300,1933.250,13
03:27:05.71000,1933.000,1
03:27:06.85100,1933.000,1
03:27:09.17900,1933.000,1
03:27:09.72200,1933.000,2
03:27:12.97200,1933.000,23
03:27:13.10500,1933.000,1
03:27:13.17900,1933.250,2
03:27:13.63200,1933.000,1
03:27:13.80400,1933.000,6
03:27:19.14000,1933.250,30
03:27:20.48800,1933.000,5
03:27:20.91700,1933.250,1
03:27:21.07000,1933.000,1
03:27:22.38600,1933.000,10
03:27:22.92100,1933.000,6
03:27:23.69500,1933.250,25
03:27:26.58500,1932.750,68
03:27:26.67900,1932.750,52
03:27:27.58900,1932.750,1
03:27:30.44100,1932.750,2
03:27:31.03900,1933.250,235
03:27:31.20700,1933.250,15
03:27:32.57400,1933.250,1
03:27:33.54600,1933.500,1
03:27:33.70300,1933.250,2
03:27:34.13600,1933.250,21
03:27:34.80800,1933.500,1
03:27:36.37800,1933.500,31
03:27:39.41700,1933.250,3
03:27:44.62500,1933.500,1
03:27:45.06200,1933.250,1
03:27:49.91700,1933.500,1
03:27:50.72600,1933.250,13
03:27:51.01900,1933.250,9
03:27:56.34300,1933.250,3
03:27:58.44100,1933.250,9
03:28:02.19500,1933.000,11
03:28:02.44500,1933.000,4
03:28:02.68700,1933.000,2
03:28:03.15600,1933.000,3
03:28:03.44500,1933.000,6
03:28:03.75300,1932.750,3
03:28:03.80800,1932.750,2
03:28:03.93700,1933.000,17
03:28:04.91000,1933.000,4
03:28:07.05400,1933.000,17
03:28:07.80000,1933.000,1
03:28:10.10100,1933.000,10
03:28:11.07800,1933.000,1
03:28:11.50300,1933.250,14
03:28:11.85500,1933.250,1
03:28:16.18300,1933.250,16
03:28:17.05800,1933.250,1
03:28:18.25300,1933.250,1
03:28:20.54600,1933.250,2
03:28:20.82800,1933.500,24
03:28:23.37500,1933.500,1
03:28:26.54600,1933.500,3
03:28:28.90600,1933.500,1
03:28:30.10900,1933.500,14
03:28:32.65200,1933.250,19
03:28:33.03500,1933.250,2
03:28:33.76500,1933.250,1
03:28:35.32000,1933.250,3
03:28:35.89800,1933.000,53
03:28:36.05000,1933.000,2
03:28:37.24200,1933.000,6
03:28:38.69900,1933.000,1
03:28:39.36300,1933.000,25
03:28:40.44100,1933.250,53
03:28:42.67900,1933.000,2
03:28:43.68700,1933.250,5
03:28:51.25000,1933.250,10
03:28:51.86700,1933.000,18
03:28:53.49200,1933.250,3
03:29:03.51500,1933.250,85
03:29:04.21400,1933.750,38
03:29:04.78500,1933.500,13
03:29:05.91700,1933.250,63
03:29:06.69900,1933.250,1
03:29:07.74200,1933.250,1
03:29:08.70300,1933.250,7
03:29:09.72200,1933.500,15
03:29:14.76500,1933.500,1
03:29:14.90200,1933.750,57
03:29:15.27700,1933.500,10
03:29:17.46400,1933.750,5
03:29:19.63200,1934.000,5
03:29:20.04600,1933.750,13
03:29:20.81600,1933.750,1
03:29:24.57800,1933.750,2
03:29:26.75700,1933.750,13
03:29:27.12500,1933.750,3
03:29:32.08500,1934.000,1
03:29:34.52700,1933.750,11
03:29:35.50300,1933.750,8
03:29:35.79600,1933.750,1
03:29:36.09300,1933.750,2
03:29:36.76500,1933.500,1
03:29:40.00300,1933.750,4
03:29:41.07400,1933.750,1
03:29:48.50700,1933.500,1
03:29:51.03500,1933.750,6
03:29:52.77300,1933.750,4
03:29:53.13600,1933.750,5
03:29:53.44900,1933.750,2
03:29:54.32000,1933.750,2
03:29:55.04200,1933.500,12
03:29:55.48000,1933.500,12
03:29:58.75000,1933.250,13
03:29:58.83900,1933.250,8
03:29:59.82000,1933.500,2
03:30:00.45700,1933.250,24
03:30:00.75700,1933.000,10
03:30:01.52700,1933.000,8
03:30:01.83500,1933.000,8
03:30:02.37800,1933.250,112
03:30:02.42100,1933.250,1
03:30:03.03900,1933.250,1
03:30:05.07400,1933.500,17
03:30:05.27700,1933.500,3
03:30:06.32000,1933.750,2
03:30:06.41000,1933.750,19
03:30:06.55800,1933.750,6
03:30:11.03900,1933.750,10
03:30:11.12500,1933.750,1
03:30:13.04200,1933.750,1
03:30:14.01500,1934.000,30
03:30:14.77700,1934.000,5
03:30:14.92100,1934.000,1
03:30:15.47200,1934.000,6
03:30:16.62100,1934.250,30
03:30:16.62800,1934.250,2
03:30:16.89800,1934.250,1
03:30:17.00000,1934.250,3
03:30:17.33200,1934.500,4
03:30:17.81600,1934.500,1
03:30:17.94100,1934.250,3
03:30:18.19100,1934.500,1
03:30:18.51900,1934.500,3
03:30:19.42500,1934.000,6
03:30:20.28900,1934.250,3
03:30:21.11300,1934.250,1
03:30:21.33900,1934.250,1
03:30:21.45300,1934.500,5
03:30:22.23000,1934.250,7
03:30:23.38200,1934.250,5
03:30:24.37500,1934.500,1
03:30:25.31200,1934.250,11
03:30:26.21000,1934.250,6
03:30:26.42100,1934.500,2
03:30:26.52700,1934.250,8
03:30:27.19100,1934.000,1
03:30:29.22200,1934.250,1
03:30:30.01100,1934.000,2
03:30:32.61300,1934.000,1
03:30:33.60900,1934.250,2
03:30:34.30400,1934.000,19
03:30:34.55000,1934.000,12
03:30:35.66000,1934.000,4
03:30:36.25300,1934.000,8
03:30:38.32000,1934.250,14
03:30:40.20700,1934.250,37
03:30:40.37500,1934.250,3
03:30:40.73400,1934.500,37
03:30:40.75700,1934.500,2
03:30:41.36300,1934.500,1
03:30:41.56600,1934.750,3
03:30:42.31600,1934.750,1
03:30:42.54600,1934.500,7
03:30:44.03100,1934.500,1
03:30:45.05800,1934.250,28
03:30:46.80800,1934.500,12
03:30:47.13200,1934.500,1
03:30:47.33200,1934.500,1
03:30:47.80800,1934.250,22
03:30:52.32000,1934.250,19
03:30:53.00000,1934.250,8
03:30:53.54200,1934.250,5
03:30:53.69900,1934.000,1
03:30:54.28100,1934.000,2
03:30:54.39400,1934.250,4
03:30:54.70700,1934.250,19
03:30:54.94100,1934.000,2
03:30:58.25300,1934.250,21
03:30:58.80000,1934.000,5
03:30:58.95700,1934.000,1
03:31:00.86300,1934.000,17
03:31:02.31600,1933.750,5
03:31:02.60500,1933.750,9
03:31:03.53500,1933.500,22
03:31:04.11300,1933.500,19
03:31:04.24600,1933.250,5
03:31:04.85500,1933.250,4
03:31:05.02300,1933.500,20
03:31:05.53900,1933.250,105
03:31:05.68300,1933.250,1
03:31:05.76500,1933.000,5
03:31:06.51100,1933.250,30
03:31:07.23000,1933.250,4
03:31:07.80000,1933.250,10
03:31:09.26100,1933.250,2
03:31:11.43300,1933.500,15
03:31:18.05000,1933.500,10
03:31:20.01900,1933.250,5
03:31:21.83900,1933.000,1
03:31:25.41000,1933.000,39
03:31:25.62500,1933.250,47
03:31:27.21800,1933.250,10
03:31:27.71000,1933.500,24
03:31:29.40200,1933.500,1
03:31:30.35900,1933.500,1
03:31:34.73800,1933.500,1
03:31:35.28500,1933.250,52
03:31:36.96400,1933.000,31
03:31:37.00000,1933.000,2
03:31:37.58900,1933.250,2
03:31:37.91400,1933.000,1
03:31:38.24200,1933.000,2
03:31:39.05800,1933.000,10
03:31:40.29600,1933.000,2
03:31:42.04600,1933.000,9
03:31:42.58900,1933.000,2
03:31:43.73800,1933.000,1
03:31:44.68700,1933.000,4
03:31:46.14400,1933.000,11
03:31:48.05800,1932.750,20
03:31:55.50300,1932.750,1
03:32:04.04600,1933.000,19
03:32:06.09700,1933.000,9
03:32:06.51500,1933.000,16
03:32:08.77700,1933.000,8
03:32:10.44500,1933.000,3
03:32:11.07800,1933.000,9
03:32:12.21800,1932.750,48
03:32:12.62800,1932.750,10
03:32:12.89400,1932.750,1
03:32:13.78500,1933.000,5
03:32:14.10900,1932.750,5
03:32:14.17900,1933.000,5
03:32:14.76900,1933.000,5
03:32:14.95700,1933.000,4
03:32:15.08900,1933.000,5
03:32:19.28900,1933.000,1
03:32:19.40200,1933.000,12
03:32:21.55400,1932.750,10
03:32:22.39000,1932.750,6
03:32:27.94500,1932.750,8
03:32:28.05400,1932.750,1
03:32:31.49200,1932.750,17
03:32:32.30000,1932.750,12
03:32:32.66000,1932.750,11
03:32:33.94500,1932.750,143
03:32:34.22200,1932.750,1
03:32:34.83500,1932.750,16
03:32:35.86700,1932.750,1
03:32:36.19500,1932.750,21
03:32:36.68700,1932.750,1
03:32:39.82400,1933.000,4
03:32:41.61700,1933.250,104
03:32:41.83500,1933.250,1
03:32:43.00300,1933.500,2
03:32:43.58900,1933.250,19
03:32:44.59700,1933.250,1
03:32:45.23000,1933.250,2
03:32:46.27300,1933.250,1
03:32:46.55400,1933.250,22
03:32:46.67900,1933.250,6
03:32:48.56600,1933.000,10
03:32:51.00000,1933.250,9
03:32:51.34300,1933.250,5
03:32:51.64400,1933.250,2
03:32:51.94900,1933.250,6
03:32:52.12500,1933.250,1
03:32:52.89400,1933.000,1
03:32:53.53900,1933.250,1
03:32:54.17900,1933.250,5
03:32:56.07800,1933.000,1
03:32:56.96400,1933.000,53
03:32:59.35100,1932.750,50
03:32:59.54600,1932.750,1
03:33:03.62500,1932.750,29
03:33:03.85900,1932.750,5
03:33:04.85100,1932.500,115
03:33:04.96000,1932.500,7
03:33:07.32800,1932.500,10
03:33:09.63600,1932.750,12
03:33:09.80000,1932.750,6
03:33:10.03500,1932.750,2
03:33:16.38200,1932.750,1
03:33:17.19500,1932.750,1
03:33:18.60900,1932.750,5
03:33:19.70700,1933.250,311
03:33:19.71800,1933.500,61
03:33:20.45300,1933.500,8
03:33:21.45700,1933.500,18
03:33:21.96400,1933.500,1
03:33:23.08200,1933.250,15
03:33:24.51500,1933.250,2
03:33:25.15600,1933.250,20
03:33:25.77700,1933.250,4
03:33:26.01900,1933.500,1
03:33:28.30400,1933.250,3
03:33:29.75000,1933.000,3
03:33:31.23800,1933.000,37
03:33:32.07000,1933.000,1
03:33:32.32000,1933.000,20
03:33:32.49200,1933.000,1
03:33:35.42900,1933.000,6
03:33:36.36300,1933.000,3
03:33:38.71400,1933.000,1
03:33:41.64400,1933.000,24
03:33:44.93300,1933.250,1
03:33:46.04600,1933.500,13
03:33:46.71400,1933.250,2
03:33:47.21800,1933.500,1
03:33:50.19900,1933.500,7
03:33:51.43300,1933.750,1
03:33:53.18700,1933.750,4
03:33:53.90200,1933.500,1
03:33:54.21800,1933.500,5
03:33:55.39800,1933.750,1
03:33:55.93700,1933.500,16
03:33:57.00300,1933.500,3
03:33:57.25700,1933.500,1
03:33:58.02300,1933.250,1
03:33:58.51100,1933.000,54
03:33:58.59300,1933.000,6
03:34:02.39800,1933.250,20
03:34:03.57800,1933.250,2
03:34:04.97200,1933.250,35
03:34:08.88200,1933.250,3
03:34:09.74200,1933.250,12
03:34:10.29200,1933.250,14
03:34:10.42500,1933.250,2
03:34:10.63200,1933.000,116
03:34:13.76500,1932.750,14
03:34:14.17100,1932.750,3
03:34:14.89000,1932.750,6
03:34:15.26500,1933.000,2
03:34:15.36700,1932.500,24
03:34:15.58500,1932.750,2
03:34:16.06600,1932.750,2
03:34:16.74600,1932.750,1
03:34:18.72200,1932.500,15
03:34:19.21000,1932.250,20
03:34:19.50300,1932.250,1
03:34:19.81600,1932.500,2
03:34:20.06200,1932.250,1
03:34:20.73000,1932.500,4
03:34:21.73400,1932.250,2
03:34:23.00300,1932.500,14
03:34:23.38600,1932.500,1
03:34:24.09300,1932.500,22
03:34:25.12800,1932.500,2
03:34:26.32000,1932.500,6
03:34:28.67500,1932.500,1
03:34:28.94100,1932.750,34
03:34:31.37100,1932.750,15
03:34:31.56600,1932.750,9
03:34:35.28500,1932.750,1
03:34:35.60100,1933.000,42
03:34:36.61300,1932.750,1
03:34:38.08500,1932.750,14
03:34:38.66000,1932.750,6
03:34:38.97200,1932.750,2
03:34:40.36700,1932.750,1
03:34:40.72600,1932.500,10
03:34:43.96000,1933.000,20
03:34:46.86300,1933.250,30
03:34:47.93700,1933.250,5
03:34:49.09300,1933.250,5
03:34:51.08200,1933.500,1
03:34:51.66400,1933.500,9
03:34:52.32400,1933.500,2
03:34:54.41000,1933.500,1
03:34:54.74600,1933.500,6
03:34:54.87500,1933.500,5
03:34:56.04600,1933.500,2
03:34:58.17500,1933.500,10
03:35:05.49600,1933.500,44
03:35:05.87100,1933.500,1
03:35:06.37500,1933.750,1
03:35:06.51900,1933.750,2
03:35:08.37100,1933.500,7
03:35:13.37800,1933.750,20
03:35:13.78100,1933.750,12
03:35:13.82000,1933.750,12
03:35:14.94100,1933.750,3
03:35:16.87100,1933.750,14
03:35:19.28500,1933.750,1
03:35:20.33200,1933.750,1
03:35:22.14000,1933.750,30
03:35:22.68700,1933.500,14
03:35:23.26900,1933.750,6
03:35:24.12500,1933.750,7
03:35:26.43700,1933.750,4
03:35:31.57000,1934.000,31
03:35:35.57000,1934.250,3
03:35:36.04200,1934.250,7
03:35:36.18300,1934.000,11
03:35:36.73400,1934.000,5
03:35:38.75300,1934.000,10
03:35:39.53900,1934.000,17
03:35:42.01500,1934.000,1
03:35:42.71400,1933.750,26
03:35:42.89800,1933.750,5
03:35:47.94500,1933.750,5
03:35:48.91700,1933.750,3
03:35:49.54600,1933.750,7
03:35:49.96000,1933.750,6
03:35:52.09700,1933.750,6
03:35:53.02700,1933.750,9
03:35:54.10500,1933.750,5
03:35:57.68700,1934.000,1
03:35:59.42100,1933.750,12
03:36:03.44100,1933.500,26
03:36:06.32000,1933.750,24
03:36:07.53500,1933.750,4
03:36:11.07400,1934.000,1
03:36:13.28900,1933.750,28
03:36:16.62100,1933.500,47
03:36:18.80000,1933.500,2
03:36:20.44100,1933.500,7
03:36:22.38600,1933.500,1
03:36:22.74600,1933.500,1
03:36:23.24200,1933.750,9
03:36:23.41400,1933.750,11
03:36:24.14800,1933.750,11
03:36:27.81600,1934.000,20
03:36:29.10500,1934.000,2
03:36:29.32800,1934.250,14
03:36:29.61700,1934.000,1
03:36:30.21800,1934.000,8
03:36:30.63600,1934.000,15
03:36:37.22600,1933.750,1
03:36:39.94500,1933.750,14
03:36:40.39400,1933.750,2
03:36:43.22200,1933.500,20
03:36:43.28900,1933.500,1
03:36:43.80000,1933.500,3
03:36:44.00000,1933.500,19
03:36:45.31200,1933.750,1
03:36:47.64400,1933.500,19
03:36:52.71000,1933.750,1
03:36:54.07800,1933.750,10
03:36:56.09700,1933.750,2
03:36:58.51900,1933.500,14
03:36:58.71400,1933.500,18
03:37:06.30400,1933.500,9
03:37:07.06600,1933.500,3
03:37:09.51500,1933.750,8
03:37:09.68700,1933.750,2
03:37:10.93300,1933.500,11
03:37:11.02300,1933.500,1
03:37:11.70700,1933.500,1
03:37:11.84300,1933.500,1
03:37:12.12800,1933.500,1
03:37:12.33900,1933.500,8
03:37:15.46400,1933.500,1
03:37:18.06600,1933.750,16
03:37:19.40600,1933.750,6
03:37:21.26900,1934.000,1
03:37:21.45300,1934.000,32
03:37:21.55800,1934.000,6
03:37:22.85900,1934.000,15
03:37:25.68700,1934.000,9
03:37:26.26100,1934.000,23
03:37:27.41400,1934.000,5
03:37:29.46400,1933.750,23
03:37:31.41700,1933.750,11
03:37:34.02700,1933.750,11
03:37:35.80400,1934.000,28
03:37:39.22600,1934.000,31
03:37:39.95300,1934.000,2
03:37:40.72200,1934.250,1
03:37:43.16000,1934.250,15
03:37:44.05000,1934.250,9
03:37:45.44900,1934.000,5
03:37:47.64800,1934.000,3
03:37:49.01100,1934.250,7
03:37:51.48400,1934.250,1
03:37:51.88600,1934.250,1
03:37:54.41000,1934.250,18
03:37:56.95700,1934.250,13
03:37:58.61700,1934.250,2
03:37:59.24600,1934.250,7
03:38:02.58200,1934.250,28
03:38:02.68300,1934.000,1
03:38:02.85100,1934.250,1
03:38:03.50000,1934.000,13
03:38:04.55400,1934.250,7
03:38:07.57400,1934.000,1
03:38:09.62500,1934.000,29
03:38:09.82000,1934.000,5
03:38:16.61300,1933.750,2
03:38:18.55000,1933.750,1
03:38:21.75000,1934.000,2
03:38:22.81600,1934.250,34
03:38:23.79200,1934.000,11
03:38:24.64800,1933.750,2
03:38:25.09700,1933.750,39
03:38:31.81600,1933.500,11
03:38:32.01500,1933.500,4
03:38:32.30000,1933.500,1
03:38:33.47600,1933.500,1
03:38:35.89800,1933.500,1
03:38:38.63200,1933.500,1
03:38:42.28500,1933.500,32
03:38:48.33500,1933.500,1
03:38:50.12800,1933.500,1
03:38:53.76500,1933.250,66
03:38:54.74600,1933.250,8
03:38:55.36300,1933.250,3
03:38:56.76500,1933.250,18
03:38:57.35500,1933.000,1
03:38:58.38600,1933.000,2
03:39:03.64400,1933.250,13
03:39:05.93300,1933.250,8
03:39:06.03900,1933.250,9
03:39:06.12500,1933.250,1
03:39:12.18300,1933.000,49
03:39:12.28100,1933.000,20
03:39:13.19100,1933.000,4
03:39:14.00000,1933.000,1
03:39:15.20300,1933.000,9
03:39:16.81600,1933.000,11
03:39:19.13600,1933.000,4
03:39:20.12500,1933.250,17
03:39:20.20700,1933.250,5
03:39:20.48000,1933.250,6
03:39:21.04200,1933.000,2
03:39:24.19500,1933.250,55
03:39:24.76100,1933.250,1
03:39:25.00700,1933.250,16
03:39:25.41700,1933.250,4
03:39:27.91700,1933.000,14
03:39:28.03900,1933.000,3
03:39:29.96400,1932.750,13
03:39:31.35100,1932.500,2
03:39:33.05400,1932.750,23
03:39:33.33200,1932.750,13
03:39:33.37500,1932.750,4
03:39:33.53100,1932.750,5
03:39:33.68700,1932.750,7
03:39:35.52300,1932.750,7
03:39:36.07800,1932.750,14
03:39:37.74200,1932.750,5
03:39:40.62100,1932.500,31
03:39:40.68300,1932.500,5
03:39:40.81200,1932.750,1
03:39:41.85100,1932.500,11
03:39:43.70300,1932.500,1
03:39:43.84300,1932.500,1
03:39:44.15200,1932.500,14
03:39:44.40600,1932.500,5
03:39:44.77300,1932.500,1
03:39:47.94500,1932.500,14
03:39:48.04200,1932.500,3
03:39:48.80000,1932.500,2
03:39:50.38200,1932.500,1
03:39:52.25000,1932.000,141
03:39:52.35100,1932.250,1
03:39:52.44100,1932.000,72
03:39:52.55400,1931.750,68
03:39:52.64000,1931.750,49
03:39:53.11300,1931.750,1
03:39:53.43700,1931.750,2
03:39:53.62800,1931.750,1
03:39:53.92100,1931.750,49
03:39:54.02700,1931.750,1
03:39:55.15600,1931.750,1
03:39:57.05400,1932.000,48
03:39:57.53100,1932.000,54
03:39:57.90600,1932.250,1
03:39:58.59700,1932.000,1
03:39:59.72600,1932.250,1
03:40:01.07400,1932.000,7
03:40:01.79200,1932.000,17
03:40:02.05000,1932.000,1
03:40:02.67100,1932.250,8
03:40:02.78500,1932.250,4
03:40:03.32800,1932.250,15
03:40:03.62500,1932.000,1
03:40:04.15600,1932.250,1
03:40:04.68700,1932.250,4
03:40:04.89800,1932.000,2
03:40:06.14800,1932.250,1
03:40:06.69900,1932.250,5
03:40:07.58500,1932.250,8
03:40:08.46000,1932.250,1
03:40:09.06200,1932.250,12
03:40:10.43300,1932.250,6
03:40:12.68700,1932.250,1
03:40:15.17500,1932.500,62
03:40:16.78900,1932.250,14
03:40:16.91700,1932.250,41
03:40:17.21800,1932.000,87
03:40:17.35900,1932.000,3
03:40:17.43700,1931.750,36
03:40:17.49600,1931.750,1
03:40:17.57000,1931.750,28
03:40:18.61700,1932.250,40
03:40:18.82000,1932.000,3
03:40:20.42900,1931.750,5
03:40:21.26100,1931.750,1
03:40:21.57000,1932.000,42
03:40:21.93700,1932.000,2
03:40:22.11300,1931.750,2
03:40:24.53500,1932.000,21
03:40:24.83900,1932.250,1
03:40:25.53100,1932.000,5
03:40:30.51500,1932.000,20
03:40:31.62100,1931.750,2
03:40:32.19500,1932.000,1
03:40:33.27700,1932.000,38
03:40:33.39000,1932.250,2
03:40:34.17500,1932.000,19
03:40:35.18700,1932.000,6
03:40:35.78100,1932.000,6
03:40:36.64800,1932.000,29
03:40:37.34700,1932.000,2
03:40:38.01900,1932.000,10
03:40:39.30800,1932.000,1
03:40:39.52300,1932.000,5
03:40:39.67900,1932.000,10
03:40:40.03900,1932.250,11
03:40:41.10500,1932.000,1
03:40:41.36300,1932.000,1
03:40:41.82000,1931.500,90
03:40:42.05400,1931.750,3
03:40:43.92500,1931.750,4
03:40:44.75300,1931.750,19
03:40:47.12100,1931.750,1
03:40:50.71800,1932.250,227
03:40:52.43300,1932.000,1
03:40:53.04200,1932.000,2
03:40:54.79200,1932.000,46
03:40:59.24600,1932.000,71
03:40:59.28900,1932.000,5
03:40:59.70700,1932.000,7
03:41:01.08200,1932.000,13
03:41:06.08200,1932.250,22
03:41:07.37500,1932.250,15
03:41:07.78900,1932.250,4
03:41:09.54600,1932.000,41
03:41:10.58900,1932.250,1
03:41:11.73000,1932.250,29
03:41:12.75700,1932.250,27
03:41:12.95300,1932.250,7
03:41:15.00700,1932.250,16
03:41:16.87100,1932.250,1
03:41:18.49600,1932.250,5
03:41:19.15600,1932.250,1
03:41:22.05000,1932.250,1
03:41:25.35100,1932.500,30
03:41:25.62800,1932.500,1
03:41:26.56600,1932.500,38
03:41:27.18300,1932.250,1
03:41:29.65600,1932.500,9
03:41:29.83500,1932.500,2
03:41:31.94900,1932.250,22
03:41:33.71000,1932.000,18
03:41:34.06600,1932.000,5
03:41:36.12100,1931.750,23
03:41:37.95300,1931.750,6
03:41:38.57000,1931.750,25
03:41:38.89400,1931.750,1
03:41:39.49600,1931.750,5
03:41:40.45300,1931.750,9
03:41:41.16700,1931.750,13
03:41:45.90600,1932.000,3
03:41:46.00000,1932.000,6
03:41:46.51900,1932.000,2
03:41:47.15600,1932.000,14
03:41:49.76500,1932.000,3
03:41:51.66000,1931.750,36
03:41:57.01900,1931.750,43
03:41:58.03500,1931.750,14
03:41:58.23800,1931.750,1
03:42:00.64000,1932.000,63
03:42:01.34700,1932.250,8
03:42:01.71000,1932.250,7
03:42:02.05400,1932.250,10
03:42:02.24200,1932.250,10
03:42:04.56600,1932.250,5
03:42:10.82400,1931.750,28
03:42:11.80000,1931.750,12
03:42:12.65200,1931.750,1
03:42:13.12800,1931.750,2
03:42:13.67100,1931.750,32
03:42:15.50700,1931.750,6
03:42:17.38600,1931.750,1
03:42:18.21000,1931.750,19
03:42:18.72200,1931.750,1
03:42:19.57800,1932.000,11
03:42:20.14400,1932.000,9
03:42:22.25000,1932.000,2
03:42:24.40600,1932.000,8
03:42:27.41000,1932.250,1
03:42:30.00300,1932.000,29
03:42:34.71000,1932.000,1
03:42:35.42100,1932.000,1
03:42:36.41000,1932.000,14
03:42:36.87500,1932.000,17
03:42:37.88600,1932.000,5
03:42:40.56600,1931.750,8
03:42:40.64400,1932.000,1
03:42:41.33200,1932.000,15
03:42:41.88600,1932.250,12
03:42:42.45300,1932.250,14
03:42:42.94100,1932.250,8
03:42:45.18300,1932.250,22
03:42:47.82400,1932.250,7
03:42:48.12100,1932.250,26
03:42:50.70300,1932.250,6
03:42:53.05000,1932.250,13
03:42:53.58900,1932.250,7
03:42:54.85500,1932.250,6
03:42:56.71800,1932.250,1
03:42:58.91700,1932.250,2
03:42:59.01100,1932.250,5
03:42:59.27700,1932.250,8
03:43:03.47200,1932.250,36
03:43:05.16400,1932.250,10
03:43:06.19900,1932.000,25
03:43:06.85900,1932.250,3
03:43:08.49600,1932.250,1
03:43:10.32400,1932.250,10
03:43:12.48000,1932.500,43
03:43:12.58500,1932.500,8
03:43:13.94100,1932.500,1
03:43:15.67900,1932.500,1
03:43:17.97200,1932.500,8
03:43:19.28900,1932.500,1
03:43:20.17100,1932.500,9
03:43:20.53100,1932.250,3
03:43:23.67100,1932.500,8
03:43:24.38600,1932.500,1
03:43:27.92900,1932.500,11
03:43:28.54200,1932.500,1
03:43:32.19100,1932.500,2
03:43:32.59300,1932.500,3
03:43:35.34300,1932.500,1
03:43:36.03100,1932.500,1
03:43:37.04200,1932.500,3
03:43:37.19100,1932.500,2
03:43:38.26500,1932.500,8
03:43:39.08200,1932.500,1
03:43:40.16400,1932.500,1
03:43:40.42500,1932.500,8
03:43:42.36300,1932.250,38
03:43:46.94100,1932.000,1
03:43:48.77300,1932.250,7
03:43:50.38200,1932.250,1
03:43:50.64000,1932.250,5
03:43:56.67100,1932.250,2
03:43:59.11300,1932.500,14
03:43:59.67900,1932.500,1
03:44:02.29600,1932.500,20
03:44:04.60100,1932.500,1
03:44:04.82000,1932.500,9
03:44:04.87500,1932.500,5
03:44:09.34700,1932.500,11
03:44:09.60500,1932.500,2
03:44:10.44900,1932.750,36
03:44:13.21800,1932.500,43
03:44:20.48000,1932.500,14
03:44:23.21800,1932.500,17
03:44:28.94100,1932.500,32
03:44:29.96000,1932.500,1
03:44:30.90600,1932.500,1
03:44:31.95300,1932.500,8
03:44:34.96400,1932.250,4
03:44:35.57400,1932.500,8
03:44:39.58200,1932.500,1
03:44:46.54200,1932.500,1
03:44:46.70300,1932.500,49
03:44:47.10100,1932.750,49
03:44:48.64000,1932.750,25
03:44:49.92900,1932.500,13
03:44:50.39400,1932.500,4
03:44:50.78500,1932.750,117
03:44:50.78500,1932.750,9
03:44:51.00000,1932.750,4
03:44:52.15600,1932.750,7
03:44:53.41000,1932.750,11
03:44:54.27700,1932.750,7
03:44:56.15200,1932.750,2
03:44:58.58900,1932.750,6
03:44:58.93700,1932.750,8
03:45:02.35500,1932.750,7
03:45:02.67900,1932.750,8
03:45:03.33500,1932.750,7
03:45:03.96000,1932.750,22
03:45:07.82800,1933.250,108
03:45:07.95300,1933.000,39
03:45:08.03100,1933.250,4
03:45:08.10100,1933.000,40
03:45:08.19100,1933.250,4
03:45:08.89400,1933.250,1
03:45:09.67500,1933.250,3
03:45:10.15600,1933.000,10
03:45:10.24200,1932.750,34
03:45:10.30800,1932.750,7
03:45:10.66000,1933.000,7
03:45:12.25700,1932.750,2
03:45:12.43300,1932.750,16
03:45:12.50300,1933.000,7
03:45:14.14000,1932.750,5
03:45:14.78900,1932.750,1
03:45:16.06200,1932.750,14
03:45:17.61300,1932.500,43
03:45:18.60900,1932.250,11
03:45:18.75000,1932.500,1
03:45:19.08900,1932.500,2
03:45:19.71000,1932.250,19
03:45:20.48800,1932.250,4
03:45:20.61300,1932.250,1
03:45:29.09300,1932.500,14
03:45:29.89000,1932.750,17
03:45:30.45300,1932.750,6
03:45:31.51500,1932.500,4
03:45:37.08900,1932.750,14
03:45:37.55800,1932.750,5
03:45:37.64400,1932.750,2
03:45:39.76900,1932.750,2
03:45:40.93700,1932.750,6
03:45:41.12500,1932.750,4
03:45:42.22600,1932.750,16
03:45:43.88200,1932.750,6
03:45:50.50700,1932.500,1
03:45:53.23400,1932.750,1
03:45:56.78100,1932.750,34
03:45:57.03500,1932.750,6
03:45:58.60100,1933.000,4
03:45:58.90200,1933.000,8
03:46:00.69100,1933.000,15
03:46:01.50000,1933.000,1
03:46:04.07000,1933.000,17
03:46:04.92100,1933.000,5
03:46:11.42100,1933.000,7
03:46:11.80400,1932.750,14
03:46:11.86700,1933.000,6
03:46:14.16000,1933.000,5
03:46:14.60900,1933.000,2
03:46:15.07000,1933.000,5
03:46:17.08500,1933.000,1
03:46:18.58500,1933.000,15
03:46:18.89000,1933.000,3
03:46:21.82000,1933.000,2
03:46:22.82400,1933.250,4
03:46:23.15200,1933.250,4
03:46:23.81200,1933.250,1
03:46:23.96000,1933.000,10
03:46:24.92100,1933.000,1
03:46:25.01100,1933.000,4
03:46:26.75700,1933.250,4
03:46:28.19500,1933.000,1
03:46:29.49600,1933.000,1
03:46:32.97200,1933.000,13
03:46:34.14400,1933.000,5
03:46:35.30000,1933.000,4
03:46:35.44900,1933.000,3
03:46:35.61700,1933.000,1
03:46:36.16700,1933.000,4
03:46:37.73000,1933.000,19
03:46:39.91700,1933.000,1
03:46:42.47600,1933.000,14
03:46:44.61700,1932.750,66
03:46:45.32000,1932.750,19
03:46:46.58200,1932.750,3
03:46:49.92100,1932.750,22
03:46:54.60100,1932.750,10
03:46:55.67900,1933.000,32
03:46:55.75700,1933.000,3
03:46:56.90200,1933.000,8
03:46:58.00300,1933.000,9
03:47:02.34300,1932.750,10
03:47:04.70700,1932.500,5
03:47:07.08500,1932.750,8
03:47:08.32800,1933.000,30
03:47:09.05400,1933.250,22
03:47:11.37100,1933.000,12
03:47:20.40600,1933.000,6
03:47:21.19900,1933.000,3
03:47:22.21400,1933.000,1
03:47:23.69900,1932.750,33
03:47:23.83200,1932.750,14
03:47:29.85500,1933.000,21
03:47:33.51500,1932.750,33
03:47:40.71000,1932.750,9
03:47:44.35500,1933.000,14
03:47:44.74200,1933.000,3
03:47:46.53900,1933.000,5
03:47:49.13200,1932.750,27
03:47:49.51100,1932.750,16
03:47:50.33500,1932.750,1
03:47:50.88600,1932.750,11
03:47:59.94500,1932.750,5
03:48:06.41700,1933.000,32
03:48:07.79200,1933.000,3
03:48:11.00700,1933.000,5
03:48:11.67900,1933.000,1
03:48:16.71400,1933.000,1
03:48:16.96400,1933.000,14
03:48:17.89000,1933.000,5
03:48:18.66700,1933.000,40
03:48:21.42100,1933.000,17
03:48:22.03500,1933.000,10
03:48:22.14800,1933.000,8
03:48:22.94100,1933.000,1
03:48:24.50700,1933.000,22
03:48:26.92900,1933.000,1
03:48:27.44100,1933.000,9
03:48:36.58500,1933.000,7
03:48:36.86300,1933.000,1
03:48:45.09700,1933.000,11
03:48:45.28900,1933.000,11
03:48:50.61300,1933.250,29
03:48:50.72600,1933.250,1
03:48:50.96400,1933.250,2
03:48:52.46400,1933.250,6
03:48:54.71000,1933.500,3
03:48:55.01100,1933.500,1
03:48:55.41400,1933.500,62
03:48:56.83900,1933.750,52
03:48:57.39400,1933.750,2
03:48:58.25700,1934.250,83
03:48:58.45700,1934.000,50
03:48:59.03900,1934.250,2
03:49:00.66400,1934.250,3
03:49:01.27700,1934.250,1
03:49:01.85100,1934.000,17
03:49:02.68300,1934.500,2
03:49:02.81200,1934.250,2
03:49:03.17100,1934.250,1
03:49:04.83500,1934.250,32
03:49:05.00300,1934.250,22
03:49:05.13600,1934.250,2
03:49:06.22600,1934.250,2
03:49:07.28100,1934.250,7
03:49:08.44900,1934.250,29
03:49:09.28500,1934.000,2
03:49:09.68300,1934.250,6
03:49:11.29200,1934.250,1
03:49:12.73400,1934.000,74
03:49:13.33200,1934.000,15
03:49:18.36700,1934.000,18
03:49:18.72200,1934.000,12
03:49:19.65600,1934.000,5
03:49:20.01500,1934.250,15
03:49:20.60900,1934.250,18
03:49:22.01900,1934.250,8
03:49:22.19500,1934.250,11
03:49:22.62100,1934.250,1
03:49:22.95300,1934.250,2
03:49:23.05800,1934.250,1
03:49:23.33200,1934.250,4
03:49:24.58900,1934.250,1
03:49:26.75700,1934.250,5
03:49:29.86700,1934.250,3
03:49:30.16700,1934.250,1
03:49:32.85100,1934.000,38
03:49:35.10100,1934.250,5
03:49:36.05000,1934.250,12
03:49:36.32400,1934.250,2
03:49:37.71000,1934.250,5
03:49:38.47600,1934.000,53
03:49:38.55800,1934.000,1
03:49:39.77300,1933.750,1
03:49:40.05400,1933.750,2
03:49:41.92500,1934.000,5
03:49:42.66700,1933.750,14
03:49:45.60100,1934.000,30
03:49:47.07400,1934.250,1
03:49:48.57400,1934.250,1
03:49:48.75300,1933.750,7
03:49:48.81200,1934.000,20
03:49:48.87500,1934.000,4
03:49:54.54600,1934.000,24
03:49:55.62500,1934.000,1
03:49:56.19900,1934.250,1
03:49:59.40200,1934.000,9
03:50:00.38200,1934.000,7
03:50:00.55400,1934.250,1
03:50:01.63600,1934.000,1
03:50:02.41400,1934.000,1
03:50:02.61300,1934.000,12
03:50:02.86700,1934.000,5
03:50:04.59700,1934.250,35
03:50:05.53500,1934.000,27
03:50:05.62800,1934.000,4
03:50:06.62100,1934.000,1
03:50:08.67100,1933.750,33
03:50:10.63200,1934.000,8
03:50:13.91000,1934.000,1
03:50:15.08500,1934.000,22
03:50:17.26100,1934.000,1
03:50:24.41400,1934.250,4
03:50:30.73000,1934.250,38
03:50:31.81600,1934.250,27
03:50:32.41700,1934.250,5
03:50:35.64800,1934.250,30
03:50:46.08200,1934.250,55
03:50:50.71000,1934.250,1
03:50:55.78100,1934.000,45
03:50:56.15200,1934.000,1
03:50:57.37500,1934.000,4
03:50:59.14800,1934.000,1
03:51:01.35500,1933.750,40
03:51:01.64000,1933.750,7
03:51:06.47200,1933.750,152
03:51:06.76100,1933.500,5
03:51:07.42100,1933.500,6
03:51:08.78900,1933.500,17
03:51:09.14800,1933.500,1
03:51:13.48800,1933.500,2
03:51:15.08900,1933.500,1
03:51:18.17500,1933.500,2
03:51:21.75700,1933.500,1
03:51:23.22200,1933.500,1
03:51:25.89800,1933.500,29
03:51:26.94500,1933.500,5
03:51:28.11300,1933.500,1
03:51:32.08900,1933.500,32
03:51:32.64000,1933.500,4
03:51:33.10900,1933.500,5
03:51:35.09300,1933.500,1
03:51:35.69900,1933.500,1
03:51:37.10500,1933.250,1
03:51:38.25700,1933.250,42
03:51:38.57800,1933.250,2
03:51:43.66400,1933.250,3
03:51:45.36300,1933.250,4
03:51:46.46400,1933.250,3
03:51:47.71400,1933.500,22
03:51:49.57000,1933.500,21
03:51:50.28100,1933.500,1
03:51:51.88200,1933.250,25
03:51:52.11300,1933.500,10
03:51:54.35100,1933.250,1
03:51:56.35100,1933.500,1
03:51:59.51500,1933.500,4
03:51:59.88200,1933.500,3
03:52:00.15600,1933.500,51
03:52:11.50700,1933.250,31
03:52:13.92900,1933.250,2
03:52:21.16000,1933.250,1
03:52:22.62800,1933.250,3
03:52:27.70700,1933.250,11
03:52:28.24200,1933.250,12
03:52:28.95700,1933.500,3
03:52:30.83200,1933.250,1
03:52:31.14000,1933.250,34
03:52:35.88600,1933.000,35
03:52:36.12800,1933.250,1
03:52:36.60100,1933.000,10
03:52:36.74200,1933.000,2
03:52:40.67900,1933.000,16
03:52:40.87500,1933.000,1
03:52:41.37500,1933.000,4
03:52:42.91400,1932.750,3
03:52:48.04200,1932.750,34
03:52:48.97200,1932.500,16
03:52:49.06600,1932.500,1
03:52:49.37500,1932.500,4
03:52:51.32400,1932.500,5
03:52:54.16400,1932.500,1
03:52:56.36700,1932.500,1
03:52:56.90600,1932.500,1
03:52:57.54600,1932.500,1
03:52:57.84300,1932.500,3
03:52:59.23000,1932.500,2
03:52:59.88600,1932.500,38
03:53:03.05400,1932.250,4
03:53:04.12500,1932.250,39
03:53:04.82800,1932.250,17
03:53:05.42900,1932.250,2
03:53:08.57400,1932.250,2
03:53:08.74200,1932.250,12
03:53:09.62800,1932.250,1
03:53:11.00000,1932.250,12
03:53:12.20700,1932.250,1
03:53:12.54600,1932.000,3
03:53:13.14800,1932.000,1
03:53:14.38200,1932.000,50
03:53:18.03900,1932.250,4
03:53:18.26100,1932.250,1
03:53:20.44500,1932.000,1
03:53:21.37500,1932.000,167
03:53:21.50300,1932.250,1
03:53:22.95700,1932.000,10
03:53:26.53900,1932.000,1
03:53:27.37500,1932.250,5
03:53:29.53100,1932.000,5
03:53:30.44100,1932.250,31
03:53:33.15600,1932.250,8
03:53:35.18700,1932.250,1
03:53:37.72600,1932.250,8
03:53:38.50000,1932.250,1
03:53:40.39000,1932.000,1
03:53:41.69500,1932.250,4
03:53:43.64000,1932.000,2
03:53:47.11700,1932.000,45
03:53:49.00700,1931.750,12
03:53:50.51100,1931.750,1
03:53:52.21800,1932.000,5
03:53:52.96000,1932.000,1
03:53:53.55400,1931.750,1
03:53:54.51900,1931.750,1
03:53:55.25000,1932.000,1
03:53:57.16400,1931.750,8
03:53:59.81600,1931.750,1
03:54:02.07000,1931.750,40
03:54:02.21000,1931.750,5
03:54:02.46000,1931.750,1
03:54:04.67900,1931.250,43
03:54:06.11300,1931.500,4
03:54:06.24200,1931.500,23
03:54:07.10500,1931.500,10
03:54:07.24600,1931.500,1
03:54:08.30800,1931.500,1
03:54:09.58500,1932.000,31
03:54:09.86300,1931.750,19
03:54:10.03500,1931.750,3
03:54:10.17900,1931.750,6
03:54:10.80000,1931.750,3
03:54:12.91700,1931.750,11
03:54:13.82000,1931.750,13
03:54:16.17100,1931.750,1
03:54:16.33200,1931.750,3
03:54:17.22200,1931.750,1
03:54:18.41400,1931.750,2
03:54:19.66000,1931.500,3
03:54:20.58200,1931.750,10
03:54:21.96000,1931.750,10
03:54:22.50000,1931.750,3
03:54:23.72200,1932.000,1
03:54:24.87500,1931.750,3
03:54:25.30000,1931.750,22
03:54:26.48800,1932.000,1
03:54:27.77300,1931.750,14
03:54:32.03500,1932.000,1
03:54:34.50700,1932.000,23
03:54:36.03500,1932.000,4
03:54:40.75300,1931.750,32
03:54:40.75700,1931.750,12
03:54:54.14000,1931.500,7
03:54:55.77300,1931.750,45
03:54:56.53100,1931.500,10
03:54:57.51500,1931.500,1
03:54:59.43300,1931.750,10
03:54:59.59700,1931.750,5
03:54:59.85900,1931.750,5
03:55:04.73000,1931.750,45
03:55:07.28100,1931.750,14
03:55:09.89000,1932.000,32
03:55:12.19900,1932.000,6
03:55:16.27300,1932.000,1
03:55:20.21400,1932.250,2
03:55:20.28900,1932.000,11
03:55:21.22200,1932.000,1
03:55:21.44500,1932.000,1
03:55:21.57800,1932.000,15
03:55:22.61300,1932.000,1
03:55:24.10100,1932.000,20
03:55:25.03100,1932.000,18
03:55:25.91400,1932.000,1
03:55:27.88200,1932.000,1
03:55:35.63200,1932.000,2
03:55:41.19900,1932.000,13
03:55:43.91700,1932.000,15
03:55:44.31200,1932.000,3
03:55:44.79600,1932.000,1
03:55:44.92900,1932.000,15
03:55:45.30800,1932.250,5
03:55:45.83500,1932.000,4
03:55:50.49600,1932.000,2
03:55:50.88200,1932.250,1
03:55:53.28100,1932.250,32
03:55:53.89000,1932.250,40
03:55:55.55000,1932.250,2
03:55:57.85900,1932.250,30
03:55:57.89000,1932.000,18
03:55:58.24600,1932.000,9
03:56:02.11700,1932.000,7
03:56:03.34300,1932.000,6
03:56:04.57000,1932.000,3
03:56:05.94900,1932.000,6
03:56:06.80400,1931.750,1
03:56:07.79600,1932.000,2
03:56:07.87500,1932.000,20
03:56:08.41000,1932.000,10
03:56:12.71800,1932.000,7
03:56:12.93300,1932.000,2
03:56:14.55000,1932.000,1
03:56:16.83500,1932.000,1
03:56:17.63600,1932.250,1
03:56:20.52300,1932.250,1
03:56:20.82800,1932.000,11
03:56:23.83900,1932.250,1
03:56:24.78500,1932.000,38
03:56:25.82800,1932.250,2
03:56:26.21000,1932.000,1
03:56:29.62500,1932.000,5
03:56:32.19100,1931.750,1
03:56:33.18700,1932.000,10
03:56:33.57400,1932.000,7
03:56:35.64800,1932.000,3
03:56:36.83900,1932.000,11
03:56:37.45700,1932.000,29
03:56:38.41000,1932.000,1
03:56:38.96800,1931.750,1
03:56:43.05000,1931.750,4
03:56:44.84700,1932.000,15
03:56:45.35500,1932.000,4
03:56:46.94100,1931.750,20
03:56:50.08900,1931.750,1
03:56:52.31200,1931.750,1
03:56:53.13600,1931.750,4
03:56:54.14800,1931.500,31
03:56:56.19100,1931.500,4
03:56:56.51500,1931.500,13
03:56:56.80000,1931.500,7
03:56:57.04200,1931.500,1
03:56:57.15600,1931.500,1
03:56:57.25700,1931.500,6
03:56:58.34700,1931.500,1
03:56:59.25000,1931.500,4
03:57:02.17900,1931.250,10
03:57:04.00000,1931.500,2
03:57:04.21800,1931.500,1
03:57:05.69900,1931.500,1
03:57:07.53900,1931.250,2
03:57:08.15200,1931.500,2
03:57:09.11300,1931.250,74
03:57:10.26500,1931.250,1
03:57:11.32000,1931.250,1
03:57:12.97200,1931.250,26
03:57:13.48400,1931.000,7
03:57:14.08200,1931.250,23
03:57:14.58200,1931.000,9
03:57:15.18700,1931.250,1
03:57:15.40200,1931.250,2
03:57:16.25300,1931.250,8
03:57:17.68300,1931.000,7
03:57:18.60900,1931.000,7
03:57:19.11300,1931.000,1
03:57:20.17900,1931.250,1
03:57:20.33900,1931.000,1
03:57:21.23000,1931.000,1
03:57:21.63600,1931.000,87
03:57:21.76900,1931.000,1
03:57:22.12100,1931.000,1
03:57:22.39000,1931.000,1
03:57:23.16700,1930.750,8
03:57:23.89800,1931.000,39
03:57:24.02300,1931.000,11
03:57:24.14000,1931.000,2
03:57:24.27700,1931.000,1
03:57:24.53100,1931.000,1
03:57:24.68700,1931.000,13
03:57:24.76900,1931.250,2
03:57:25.39400,1931.000,9
03:57:25.66700,1931.250,3
03:57:27.24600,1931.000,1
03:57:30.39800,1931.000,25
03:57:31.30800,1931.000,1
03:57:31.77300,1931.250,1
03:57:33.14000,1931.250,1
03:57:33.94500,1931.250,1
03:57:34.81200,1931.250,124
03:57:37.73800,1931.000,71
03:57:38.19100,1931.000,4
03:57:39.23400,1930.750,1
03:57:39.51500,1930.750,5
03:57:42.11700,1930.750,3
03:57:42.45700,1930.750,1
03:57:43.25300,1931.250,68
03:57:45.32000,1931.000,39
03:57:45.60100,1931.000,14
03:57:45.77300,1930.750,4
03:57:48.32000,1931.000,56
03:57:48.45300,1931.000,2
03:57:48.70700,1931.000,1
03:57:51.07000,1931.000,1
03:57:52.68300,1931.000,3
03:57:52.94500,1931.000,1
03:57:53.86700,1931.000,2
03:57:55.29200,1931.000,1
03:57:57.83900,1931.000,67
03:57:59.05400,1931.000,2
03:58:01.91400,1931.250,34
03:58:03.12800,1931.250,10
03:58:07.84300,1931.250,2
03:58:10.89800,1931.250,8
03:58:11.32400,1931.250,6
03:58:12.34300,1931.250,10
03:58:16.12500,1931.250,2
03:58:18.21800,1931.250,30
03:58:22.41000,1931.250,5
03:58:25.26900,1931.250,2
03:58:27.88600,1931.250,1
03:58:28.86300,1931.250,1
03:58:29.87100,1931.250,2
03:58:30.80000,1931.250,1
03:58:30.95300,1931.250,6
03:58:33.15200,1931.250,15
03:58:38.50000,1931.500,92
03:58:42.14000,1931.500,3
03:58:43.08500,1931.500,5
03:58:45.41000,1931.750,1
03:58:46.73400,1931.500,15
03:58:49.60500,1931.500,7
03:58:49.96000,1931.500,2
03:58:51.03500,1931.500,2
03:58:53.36700,1931.500,8
03:58:53.92500,1931.750,3
03:58:54.67500,1931.500,13
03:58:54.79600,1931.500,1
03:58:55.46800,1931.500,1
03:58:56.11300,1931.500,29
03:58:58.37500,1931.500,1
03:59:02.00700,1931.500,10
03:59:04.47600,1931.500,17
03:59:14.14400,1931.500,8
03:59:16.10500,1931.500,10
03:59:16.57800,1931.500,1
03:59:16.84300,1931.500,3
03:59:17.71400,1931.500,8
03:59:19.14400,1931.500,1
03:59:20.00000,1931.500,5
03:59:21.41000,1931.500,1
03:59:22.07000,1931.250,11
03:59:22.70700,1931.500,1
03:59:23.15200,1931.500,4
03:59:24.40600,1931.250,1
03:59:24.66700,1931.500,1
03:59:26.19500,1931.500,1
03:59:28.73800,1931.500,6
03:59:31.18700,1931.500,7
03:59:32.77700,1931.500,8
03:59:33.12800,1931.500,1
03:59:33.94100,1931.250,1
03:59:37.20300,1931.500,4
03:59:38.34700,1931.500,5
03:59:39.54600,1931.500,1
03:59:40.72200,1931.500,4
03:59:44.45700,1931.500,4
03:59:45.25700,1931.500,1
03:59:52.43300,1931.000,185
03:59:52.48000,1931.000,28
03:59:53.26100,1931.000,1
03:59:58.45300,1931.000,24
03:59:59.69500,1931.250,24
04:00:00.43300,1931.500,0
04:00:00.52300,1931.250,6
04:00:00.62100,1931.250,1
04:00:00.73400,1931.250,5
04:00:01.09300,1931.500,7
04:00:01.58500,1931.750,47
04:00:01.69900,1931.750,64
04:00:02.14400,1932.000,1
04:00:03.37800,1931.500,2
04:00:04.08900,1931.500,16
04:00:06.20700,1931.500,1
04:00:08.48400,1931.250,34
04:00:09.20300,1931.250,2
04:00:12.11700,1931.250,12
04:00:12.79200,1931.250,5
04:00:15.43300,1931.250,10
04:00:17.30400,1931.750,69
04:00:18.15200,1931.750,1
04:00:19.25300,1931.500,7
04:00:20.10100,1931.500,10
04:00:21.33900,1931.500,1
04:00:21.63600,1931.500,7
04:00:22.08500,1931.500,7
04:00:24.63600,1931.500,1
04:00:26.95300,1931.500,13
04:00:28.24600,1931.500,24
04:00:28.72200,1931.500,1
04:00:39.53100,1931.500,1
04:00:39.67100,1931.500,1
04:00:40.08200,1931.500,11
04:00:41.64400,1931.500,24
04:00:43.28500,1931.500,1
04:00:43.76500,1931.500,9
04:00:46.46000,1931.500,1
04:00:47.01900,1931.500,2
04:00:51.80000,1931.250,1
04:00:53.57000,1931.250,25
04:00:54.53100,1931.500,25
04:00:55.00000,1931.500,6
04:00:59.36700,1931.500,14
04:01:03.21000,1931.500,11
04:01:03.71400,1931.500,11
04:01:05.08200,1931.500,6
04:01:06.19100,1931.500,3
04:01:06.90600,1931.750,2
04:01:07.08200,1931.500,2
04:01:08.42100,1931.500,2
04:01:08.58200,1931.750,3
04:01:09.56600,1931.500,6
04:01:09.71400,1931.500,2
04:01:11.07000,1931.500,1
04:01:12.53900,1931.750,2
04:01:13.83500,1931.500,4
04:01:14.55400,1931.500,7
04:01:15.12500,1931.250,94
04:01:15.18700,1931.250,1
04:01:16.22600,1931.000,3
04:01:18.45300,1931.250,1
04:01:19.38200,1931.000,21
04:01:20.23000,1931.000,27
04:01:21.27700,1931.000,14
04:01:21.82400,1931.000,2
04:01:28.76500,1931.000,11
04:01:29.11300,1931.000,1
04:01:29.96800,1930.750,10
04:01:31.25000,1931.000,2
04:01:36.92100,1931.000,1
04:01:37.62800,1930.750,78
04:01:37.81200,1930.500,7
04:01:38.04600,1930.750,4
04:01:38.80000,1930.750,6
04:01:39.55800,1931.000,5
04:01:39.89800,1930.750,5
04:01:41.30000,1931.000,8
04:01:41.44500,1931.250,1
04:01:43.67100,1931.250,1
04:01:45.62500,1931.250,16
04:01:46.28900,1931.250,5
04:01:46.53500,1931.250,1
04:01:47.02700,1931.250,3
04:01:48.32000,1931.250,1
04:01:49.91700,1931.250,2
04:01:50.00000,1931.250,48
04:01:50.62500,1931.250,2
04:01:52.87100,1931.500,1
04:01:55.21800,1931.500,1
04:01:55.87100,1931.500,7
04:01:56.52700,1931.250,23
04:01:59.10900,1931.000,47
04:01:59.33900,1931.000,4
04:02:01.23400,1931.000,36
04:02:01.50700,1931.000,1
04:02:03.75700,1931.000,26
04:02:04.19500,1931.000,3
04:02:07.78500,1930.750,1
04:02:09.29600,1930.750,4
04:02:11.14400,1930.750,4
04:02:13.31600,1931.000,1
04:02:13.88600,1931.000,7
04:02:14.05000,1930.500,40
04:02:14.22200,1930.750,6
04:02:14.38600,1930.750,3
04:02:15.35500,1930.750,43
04:02:17.69500,1930.750,15
04:02:18.33500,1930.750,1
04:02:21.60100,1931.000,15
04:02:21.70700,1931.000,15
04:02:23.38200,1931.250,1
04:02:26.60500,1931.000,7
04:02:27.07800,1931.000,1
04:02:27.53100,1931.000,81
04:02:29.01900,1931.000,10
04:02:29.91700,1931.000,1
04:02:30.32400,1931.000,1
04:02:31.17900,1931.000,1
04:02:34.20700,1930.750,1
04:02:35.35900,1931.000,1
04:02:35.46000,1931.000,1
04:02:36.61300,1931.000,3
04:02:36.81600,1931.000,3
04:02:38.57000,1931.250,5
04:02:39.80800,1931.000,27
04:02:40.29600,1930.750,21
04:02:45.74600,1931.000,1
04:02:46.25700,1931.000,1
04:02:47.05400,1930.750,1
04:02:47.94500,1930.750,30
04:02:50.60900,1930.750,1
04:02:50.91400,1930.750,1
04:02:51.38200,1930.750,1
04:02:51.90200,1930.750,5
04:02:52.23800,1930.750,3
04:02:55.54600,1930.750,5
04:02:56.23400,1931.000,1
04:02:56.33200,1930.750,1
04:02:56.78900,1930.750,2
04:02:59.02300,1930.500,2
04:02:59.80400,1930.500,1
04:03:01.43700,1930.750,3
04:03:02.00000,1930.500,48
04:03:02.13200,1930.750,3
04:03:04.73800,1930.750,18
04:03:04.91400,1930.750,5
04:03:06.01500,1930.500,67
04:03:07.55400,1930.500,2
04:03:08.81600,1930.500,1
04:03:08.96800,1930.500,3
04:03:09.55400,1930.500,7
04:03:13.66400,1930.500,5
04:03:16.43300,1930.500,54
04:03:17.53900,1930.500,16
04:03:19.19100,1930.500,11
04:03:21.50300,1930.500,9
04:03:22.24200,1930.500,6
04:03:22.45700,1930.500,12
04:03:22.64000,1930.500,1
04:03:23.89000,1930.500,14
04:03:24.32000,1930.500,4
04:03:25.25300,1930.500,1
04:03:25.42100,1930.500,4
04:03:26.08200,1930.500,1
04:03:27.33500,1930.500,6
04:03:28.94500,1930.500,10
04:03:29.42900,1930.250,6
04:03:30.78900,1930.500,27
04:03:31.23000,1930.500,10
04:03:32.72600,1930.500,2
04:03:33.02300,1930.500,2
04:03:33.09700,1930.750,1
04:03:33.29600,1931.000,50
04:03:33.30400,1930.750,3
04:03:35.10500,1931.000,1
04:03:36.15600,1930.750,19
04:03:38.23400,1930.750,54
04:03:38.77700,1930.750,15
04:03:39.09300,1930.500,9
04:03:39.28500,1930.500,18
04:03:39.84300,1930.500,1
04:03:39.97200,1930.500,7
04:03:40.14400,1930.500,13
04:03:41.90200,1930.500,6
04:03:42.28900,1930.750,1
04:03:42.65200,1930.500,21
04:03:46.28900,1930.500,6
04:03:50.70300,1930.500,1
04:03:54.58500,1930.500,18
04:03:55.32400,1930.500,1
04:03:57.47200,1930.750,23
04:03:57.77700,1930.500,1
04:03:58.94100,1930.750,2
04:04:03.95700,1930.750,34
04:04:05.05800,1930.750,16
04:04:10.95700,1930.750,15
04:04:12.11700,1930.750,1
04:04:13.62100,1930.750,1
04:04:14.78500,1930.500,113
04:04:15.55000,1930.500,2
04:04:18.54200,1930.500,1
04:04:20.01100,1930.500,1
04:04:20.54600,1930.500,40
04:04:22.19500,1930.500,8
04:04:23.62100,1930.250,1
04:04:27.48800,1930.250,21
04:04:28.01900,1930.250,34
04:04:28.25000,1930.250,2
04:04:28.53500,1930.250,1
04:04:28.90600,1930.250,1
04:04:29.39400,1930.250,1
04:04:36.34300,1930.250,155
04:04:43.11300,1930.500,11
04:04:43.78100,1930.500,2
04:04:44.10100,1930.500,5
04:04:44.49600,1930.750,4
04:04:50.25300,1930.500,1
04:04:51.16000,1930.750,18
04:04:52.03900,1930.750,14
04:04:53.83500,1930.750,9
04:04:54.31600,1930.750,2
04:04:56.58200,1930.500,104
04:04:57.42900,1930.500,2
04:04:58.36700,1930.500,101
04:05:03.17500,1930.750,40
04:05:03.37800,1930.750,4
04:05:04.21800,1930.750,3
04:05:06.05400,1930.750,13
04:05:10.56200,1930.500,32
04:05:10.82000,1930.500,16
04:05:11.00300,1930.500,4
04:05:11.92100,1930.500,1
04:05:16.13600,1930.750,22
04:05:19.60500,1930.750,8
04:05:20.50700,1930.750,4
04:05:21.13600,1930.750,4
04:05:21.96000,1930.500,2
04:05:22.30800,1930.750,1
04:05:22.81600,1931.000,294
04:05:24.01100,1931.000,39
04:05:24.66700,1931.000,5
04:05:25.71400,1931.000,2
04:05:26.14400,1931.250,31
04:05:26.58200,1931.250,6
04:05:27.37800,1931.250,1
04:05:28.49200,1931.250,4
04:05:28.91700,1932.000,251
04:05:28.92500,1931.750,19
04:05:29.60900,1931.500,41
04:05:30.71800,1931.500,27
04:05:34.11700,1931.750,1
04:05:35.80800,1931.750,1
04:05:38.40600,1931.500,1
04:05:39.05800,1931.500,1
04:05:40.89800,1931.500,14
04:05:41.81600,1931.500,13
04:05:44.60900,1931.750,1
04:05:45.69100,1931.500,3
04:05:47.63600,1931.500,1
04:05:48.64400,1931.500,2
04:05:49.62800,1931.500,2
04:05:50.57000,1931.500,26
04:05:55.58900,1931.500,1
04:05:56.14400,1931.500,2
04:05:57.57800,1931.500,1
04:06:02.08900,1931.500,6
04:06:02.89800,1931.500,3
04:06:03.08500,1931.500,1
04:06:03.22600,1931.500,6
04:06:03.89000,1931.500,1
04:06:04.73000,1931.500,7
04:06:06.34700,1931.500,1
04:06:06.76500,1931.500,21
04:06:07.00300,1931.500,7
04:06:07.30800,1931.500,2
04:06:08.19900,1931.250,22
04:06:09.51100,1931.250,2
04:06:13.78500,1931.000,19
04:06:15.80400,1931.000,3
04:06:16.62800,1931.250,13
04:06:16.90600,1931.000,1
04:06:17.95300,1931.000,1
04:06:20.38600,1931.000,1
04:06:22.14400,1931.000,23
04:06:22.62100,1931.250,37
04:06:23.22200,1931.250,26
04:06:24.01100,1931.500,1
04:06:26.71400,1931.500,1
04:06:29.07000,1931.500,63
04:06:30.94500,1931.750,37
04:06:32.57400,1931.750,3
04:06:33.90200,1931.500,1
04:06:34.89000,1931.750,8
04:06:35.12500,1931.750,8
04:06:35.22200,1931.500,1
04:06:42.05400,1931.750,8
04:06:42.32000,1932.000,4
04:06:42.74200,1931.750,17
04:06:43.00700,1931.750,2
04:06:43.91700,1931.750,3
04:06:44.68700,1932.000,1
04:06:44.86700,1932.000,1
04:06:46.62500,1932.000,5
04:06:47.55000,1931.750,6
04:06:49.02300,1931.750,10
04:06:49.67500,1931.500,71
04:06:52.03900,1931.750,7
04:06:54.33500,1931.750,1
04:06:54.52700,1931.750,12
04:06:55.60100,1931.750,3
04:06:57.61700,1931.750,3
04:06:58.37800,1931.750,1
04:06:59.13200,1931.750,7
04:07:00.27700,1931.500,9
04:07:00.44900,1931.500,3
04:07:01.18700,1931.500,12
04:07:02.21800,1931.750,8
04:07:04.16400,1931.500,1
04:07:08.70700,1931.500,37
04:07:08.96400,1931.500,6
04:07:10.36300,1931.500,8
04:07:12.82000,1931.500,1
04:07:25.41000,1931.500,6
04:07:27.67900,1931.750,1
04:07:27.88200,1931.750,7
04:07:29.74200,1931.750,20
04:07:30.35100,1932.000,1
04:07:30.69900,1931.750,2
04:07:35.84700,1932.000,10
04:07:42.72200,1932.000,58
04:07:45.73400,1932.000,1
04:07:46.14400,1932.000,1
04:07:46.79600,1932.000,1
04:07:47.48800,1932.000,19
04:07:49.22600,1932.000,8
04:07:50.26500,1932.000,1
04:07:51.40600,1932.000,1
04:07:53.66400,1932.250,25
04:07:55.52300,1932.000,1
04:07:56.61300,1932.250,58
04:07:56.89800,1932.250,7
04:07:59.76500,1932.250,4
04:08:02.30000,1932.250,8
04:08:03.13200,1932.250,1
04:08:04.75000,1932.500,51
04:08:05.18700,1932.500,12
04:08:05.85900,1932.500,1
04:08:06.19100,1932.500,12
04:08:06.53500,1932.750,4
04:08:07.83200,1932.750,1
04:08:08.22600,1932.750,68
04:08:08.51500,1932.750,19
04:08:09.75000,1932.750,1
04:08:10.74600,1932.500,20
04:08:10.83500,1932.500,1
04:08:11.01900,1932.500,4
04:08:12.15200,1932.500,9
04:08:12.54600,1932.500,2
04:08:13.33200,1932.500,6
04:08:13.39000,1932.500,1
04:08:13.84700,1932.500,2
04:08:17.70700,1932.250,4
04:08:23.35100,1932.250,14
04:08:23.85900,1932.250,16
04:08:24.91400,1932.250,1
04:08:26.34300,1932.250,1
04:08:36.73000,1932.250,9
04:08:38.10500,1932.250,2
04:08:39.41700,1932.250,36
04:08:43.80000,1932.250,15
04:08:45.51500,1932.250,6
04:08:47.28500,1932.250,4
04:08:50.20700,1932.250,17
04:08:50.92100,1932.250,2
04:08:52.87800,1932.250,5
04:08:57.93300,1932.250,1
04:08:58.39000,1932.250,27
04:08:59.84300,1932.250,1
04:09:05.84700,1932.000,19
04:09:06.28100,1932.000,1
04:09:13.85900,1931.750,20
04:09:16.32400,1932.000,13
04:09:17.32000,1932.000,2
04:09:19.06200,1932.000,6
04:09:20.27700,1932.000,3
04:09:20.57000,1931.750,2
04:09:21.94500,1932.250,14
04:09:22.32800,1932.000,1
04:09:23.87100,1932.000,1
04:09:25.07000,1932.250,27
04:09:26.83500,1932.250,22
04:09:29.40600,1932.250,32
04:09:30.20700,1932.000,17
04:09:34.90200,1932.000,10
04:09:35.54200,1932.000,24
04:09:36.14800,1932.000,44
04:09:37.96400,1932.000,10
04:09:38.45300,1932.000,10
04:09:39.88200,1932.000,2
04:09:40.18700,1932.250,1
04:09:41.14800,1932.000,5
04:09:45.05400,1932.250,27
04:09:46.06600,1932.250,17
04:09:48.16400,1932.250,21
04:09:48.67100,1932.500,1
04:09:49.71800,1932.250,2
04:09:50.09700,1932.250,5
04:09:50.82800,1932.250,3
04:09:52.50000,1932.500,1
04:09:55.73000,1932.250,29
04:09:56.75700,1932.250,2
04:09:59.22600,1932.000,1
04:10:01.48400,1932.250,36
04:10:03.45700,1932.500,14
04:10:05.65200,1932.500,37
04:10:06.20300,1932.250,2
04:10:07.96400,1932.500,2
04:10:13.25700,1932.500,16
04:10:14.29200,1932.500,10
04:10:14.82000,1932.500,6
04:10:17.08200,1932.750,107
04:10:21.01100,1932.500,17
04:10:22.69900,1932.500,1
04:10:24.64800,1932.500,3
04:10:25.30800,1932.500,7
04:10:28.96400,1932.500,1
04:10:30.80800,1932.500,7
04:10:31.65600,1932.750,3
04:10:33.46000,1932.500,5
04:10:36.57400,1932.500,7
04:10:37.22600,1932.500,3
04:10:37.72600,1932.500,8
04:10:45.28500,1932.750,31
04:10:45.66700,1932.750,4
04:10:47.16700,1932.750,1
04:10:47.36700,1932.500,1
04:10:50.46000,1932.750,1
04:10:50.69100,1932.750,1
04:10:56.69100,1932.500,36
04:10:56.85900,1932.500,1
04:10:57.05800,1932.500,3
04:10:57.63600,1932.500,13
04:10:58.01100,1932.500,1
04:10:58.07000,1932.500,1
04:11:00.75000,1932.500,17
04:11:08.67100,1932.500,1
04:11:13.26900,1932.500,22
04:11:17.22200,1932.500,5
04:11:18.73800,1932.250,24
04:11:20.50300,1932.250,14
04:11:23.67500,1932.250,1
04:11:28.29200,1932.250,11
04:11:32.42100,1932.250,12
04:11:35.16400,1932.250,1
04:11:38.44500,1932.250,3
04:11:43.63600,1932.500,8
04:11:45.22200,1932.250,22
04:11:45.72600,1932.500,16
04:11:46.90200,1932.500,7
04:11:48.80800,1932.250,1
04:11:49.67900,1932.250,38
04:11:50.56600,1932.250,4
04:11:51.72200,1932.500,5
04:11:54.80000,1932.250,15
04:11:56.10500,1932.250,11
04:11:56.61300,1932.250,1
04:11:57.60900,1932.250,3
04:11:59.37100,1932.000,27
04:11:59.48400,1932.000,2
04:12:05.41000,1932.500,100
04:12:08.80400,1932.250,1
04:12:09.12500,1932.250,17
04:12:10.80400,1932.250,2
04:12:17.40200,1932.250,23
04:12:20.11300,1932.500,113
04:12:27.59700,1932.250,21
04:12:28.43700,1932.250,3
04:12:31.06200,1932.250,7
04:12:32.76100,1932.000,40
04:12:38.15600,1932.250,31
04:12:38.27300,1932.250,2
04:12:42.00300,1932.250,3
04:12:43.81200,1932.250,5
04:12:47.35100,1932.500,10
04:12:47.48400,1932.500,2
04:12:48.60900,1932.500,18
04:12:49.31200,1932.500,20
04:12:52.10100,1932.750,1
04:12:52.78500,1932.750,3
04:12:53.92100,1932.750,1
04:12:55.17500,1933.000,106
04:12:55.86700,1933.000,2
04:12:56.78500,1933.000,2
04:12:57.79600,1933.000,3
04:12:58.47200,1933.000,59
04:13:02.43300,1933.000,37
04:13:03.32400,1933.000,1
04:13:03.64800,1933.000,8
04:13:04.84700,1933.000,2
04:13:05.12800,1933.000,26
04:13:06.08900,1933.000,9
04:13:06.54200,1933.000,1
04:13:07.85900,1933.250,87
04:13:08.05000,1933.500,45
04:13:08.12800,1933.500,1
04:13:08.92500,1933.250,1
04:13:10.78100,1933.500,2
04:13:11.95300,1933.250,26
04:13:12.46000,1933.250,1
04:13:13.43300,1933.250,8
04:13:13.55400,1933.250,6
04:13:13.77300,1933.250,2
04:13:14.36700,1933.250,3
04:13:15.00000,1933.500,78
04:13:15.96000,1933.500,10
04:13:16.11700,1933.500,2
04:13:16.48400,1933.500,4
04:13:17.09300,1933.500,6
04:13:17.67500,1933.500,1
04:13:18.04200,1933.500,5
04:13:18.35500,1933.500,1
04:13:19.83200,1933.500,1
04:13:19.96400,1933.500,7
04:13:26.64000,1933.500,1
04:13:26.76100,1933.500,1
