21:00:00.40200,1917.250,0
21:00:00.51500,1917.250,7
21:00:01.04200,1917.500,1
21:00:02.19900,1917.250,20
21:00:02.75000,1917.000,2
21:00:02.82400,1917.000,1
21:00:03.39800,1917.250,12
21:00:03.63600,1917.250,3
21:00:04.00700,1917.250,1
21:00:04.33200,1917.250,1
21:00:05.65600,1917.250,1
21:00:06.69900,1917.250,1
21:00:10.37800,1917.250,1
21:00:12.48000,1917.250,7
21:00:13.16400,1917.500,2
21:00:13.34300,1917.750,110
21:00:13.42500,1917.750,1
21:00:15.19900,1918.000,25
21:00:16.88200,1918.000,5
21:00:16.96400,1918.000,1
21:00:19.37100,1918.000,1
21:00:20.17100,1918.000,1
21:00:21.13600,1918.000,1
21:00:24.76500,1917.750,20
21:00:26.19500,1918.000,1
21:00:27.45300,1917.750,4
21:00:34.97200,1917.750,1
21:00:37.78900,1917.750,1
21:00:38.23400,1917.750,6
21:00:39.88600,1917.750,1
21:00:40.51900,1917.750,1
21:00:49.35900,1917.500,1
21:00:50.54600,1917.500,1
21:01:01.47600,1917.750,28
21:01:03.56600,1918.000,1
21:01:03.64000,1918.000,2
21:01:13.08900,1918.000,2
21:01:32.73800,1917.750,2
21:01:33.90600,1918.000,1
21:01:37.26500,1917.750,95
21:01:39.66400,1917.750,2
21:01:40.90200,1917.750,1
21:01:42.08200,1917.500,1
21:01:44.52700,1917.750,2
21:01:47.12100,1917.750,1
21:01:48.52300,1918.000,1
21:01:52.87100,1917.750,4
21:02:06.02300,1917.750,8
21:02:17.30400,1917.750,7
21:02:32.56600,1917.750,2
21:02:36.35100,1917.750,2
21:02:44.55800,1917.750,2
21:02:52.22200,1917.500,1
21:02:57.37800,1917.500,87
21:02:58.41400,1917.500,1
21:03:03.32400,1917.500,7
21:03:05.34300,1917.500,7
21:03:06.52300,1917.500,5
21:03:06.95700,1917.500,5
21:03:19.38600,1918.000,70
21:03:27.74200,1918.000,55
21:03:33.14400,1917.750,1
21:03:34.33900,1917.750,30
21:03:42.66700,1917.500,7
21:03:42.91000,1917.500,2
21:03:43.05800,1917.500,1
21:03:45.05800,1917.500,1
21:03:46.07000,1917.500,3
21:03:47.82400,1917.500,2
21:03:56.21800,1917.500,2
21:03:56.65200,1917.250,11
21:04:03.15600,1917.000,67
21:04:04.39000,1917.250,5
21:04:05.82400,1917.250,2
21:04:07.10900,1917.250,1
21:04:09.06600,1917.250,3
21:04:09.14400,1917.250,1
21:04:09.38600,1917.250,1
21:04:10.85900,1917.250,1
21:04:11.95700,1917.250,2
21:04:20.30800,1917.250,1
21:04:29.30000,1917.250,1
21:04:39.01900,1917.500,3
21:04:40.21000,1917.250,1
21:04:42.30000,1917.250,2
21:04:50.72600,1917.250,1
21:04:52.68300,1917.250,10
21:04:53.71400,1917.000,4
21:04:54.00000,1917.250,3
21:04:55.10500,1917.250,1
21:04:57.13600,1917.000,16
21:05:01.47600,1917.000,5
21:05:01.85100,1917.000,1
21:05:05.30800,1917.250,1
21:05:09.09300,1917.000,1
21:05:09.19900,1917.000,18
21:05:10.10100,1917.000,2
21:05:12.65200,1917.000,1
21:05:14.03900,1916.750,14
21:05:14.88200,1917.000,3
21:05:15.61700,1917.000,1
21:05:21.08200,1917.000,14
21:05:27.78100,1917.000,4
21:05:29.90600,1917.000,1
21:05:31.35500,1917.000,6
21:05:31.96000,1916.500,223
21:05:32.03100,1916.750,21
21:05:33.24200,1916.750,5
21:05:33.84300,1917.000,1
21:05:34.67500,1917.000,3
21:05:35.33200,1917.000,1
21:05:35.89800,1916.750,1
21:05:39.64800,1916.750,14
21:05:42.07000,1916.500,5
21:05:42.69900,1916.750,1
21:05:43.72200,1916.750,1
21:05:44.28100,1916.750,1
21:05:48.08200,1916.750,14
21:05:51.15200,1916.500,5
21:05:52.04600,1916.500,1
21:05:53.69900,1916.500,1
21:05:56.91000,1916.500,2
21:05:57.31200,1916.250,112
21:05:57.39400,1916.000,12
21:05:57.45700,1916.250,1
21:05:57.71400,1916.250,9
21:05:57.93300,1916.250,1
21:05:59.64800,1916.250,1
21:06:01.61300,1916.500,5
21:06:02.30800,1916.250,4
21:06:03.54200,1916.500,1
21:06:04.40600,1916.250,1
21:06:04.82000,1916.000,37
21:06:04.87500,1916.000,45
21:06:04.96000,1916.250,22
21:06:05.13600,1916.250,1
21:06:05.32800,1916.000,1
21:06:07.83500,1916.000,1
21:06:08.27300,1916.250,1
21:06:11.78900,1916.250,14
21:06:11.92100,1916.250,3
21:06:12.15600,1916.250,17
21:06:12.62500,1916.000,115
21:06:14.67900,1916.250,3
21:06:15.96400,1916.000,3
21:06:16.07800,1916.250,3
21:06:17.73000,1916.000,2
21:06:19.16700,1916.000,2
21:06:20.10100,1916.000,5
21:06:21.20700,1916.000,15
21:06:21.44500,1916.000,1
21:06:21.64000,1916.000,1
21:06:22.38600,1916.000,1
21:06:22.56200,1916.000,2
21:06:24.47200,1916.000,8
21:06:25.45300,1916.000,1
21:06:26.18300,1915.750,4
21:06:26.36300,1915.750,2
21:06:26.53500,1916.000,1
21:06:26.70700,1915.750,4
21:06:27.80000,1916.000,17
21:06:28.10500,1916.000,19
21:06:28.52300,1916.000,2
21:06:29.53500,1916.000,2
21:06:29.92900,1916.000,1
21:06:31.48800,1916.000,1
21:06:31.94100,1916.000,22
21:06:32.53900,1915.750,2
21:06:36.07400,1916.000,21
21:06:36.94900,1915.750,2
21:06:37.11300,1916.000,6
21:06:37.58900,1916.000,2
21:06:38.35100,1915.750,1
21:06:39.14400,1915.750,2
21:06:39.33500,1916.000,2
21:06:39.59700,1916.000,1
21:06:42.02300,1916.000,1
21:06:45.92100,1916.000,1
21:06:46.64000,1915.750,15
21:06:48.79200,1915.750,1
21:06:49.11700,1915.750,145
21:06:49.68300,1916.000,3
21:06:50.05800,1916.000,68
21:06:50.16400,1916.000,1
21:06:50.65200,1915.750,2
21:06:53.37500,1915.750,1
21:06:55.30400,1915.750,3
21:06:58.37100,1916.000,1
21:07:01.22200,1916.000,4
21:07:02.24600,1916.000,1
21:07:05.15200,1916.000,1
21:07:11.30800,1915.500,225
21:07:11.46000,1915.750,1
21:07:14.04200,1915.750,28
21:07:14.72200,1916.000,4
21:07:15.28500,1915.750,3
21:07:16.02300,1915.750,1
21:07:16.96800,1915.750,28
21:07:18.78900,1915.750,3
21:07:19.74200,1915.750,5
21:07:20.06200,1915.750,1
21:07:20.25300,1915.750,12
21:07:23.66400,1915.750,1
21:07:25.87500,1915.750,1
21:07:27.44100,1915.500,1
21:07:29.21400,1915.500,1
21:07:30.62500,1915.500,3
21:07:32.20300,1915.500,1
21:07:32.80400,1915.500,1
21:07:36.10500,1915.500,22
21:07:37.33200,1915.500,2
21:07:37.72600,1915.750,2
21:07:41.36700,1915.500,1
21:07:42.49200,1915.500,2
21:07:42.66700,1915.500,2
21:07:43.15200,1915.500,2
21:07:43.51500,1915.500,1
21:07:44.95700,1915.500,2
21:07:45.23400,1915.500,1
21:07:49.25000,1915.500,10
21:07:49.77700,1915.500,3
21:08:00.01500,1915.500,1
21:08:00.19900,1915.750,1
21:08:01.65600,1915.500,2
21:08:09.48800,1915.500,17
21:08:10.08200,1915.500,5
21:08:10.97200,1915.500,5
21:08:13.46800,1915.500,2
21:08:17.04200,1915.750,5
21:08:21.18300,1915.750,1
21:08:31.61300,1915.500,2
21:08:36.21800,1915.500,3
21:08:41.82800,1915.750,26
21:08:44.55400,1915.750,1
21:08:45.53100,1915.750,1
21:08:55.61700,1915.750,1
21:08:55.95300,1915.750,1
21:09:09.00300,1915.750,7
21:09:12.12500,1915.750,1
21:09:12.73000,1915.750,1
21:09:12.94100,1915.750,1
21:09:14.78100,1915.500,1
21:09:14.89800,1915.750,1
21:09:16.76100,1915.750,1
21:09:19.85500,1915.750,4
21:09:21.54600,1915.500,2
21:09:23.32400,1915.750,2
21:09:24.69500,1915.750,9
21:09:26.51900,1915.750,7
21:09:26.76100,1915.750,1
21:09:30.04200,1915.500,3
21:09:30.23800,1915.500,27
21:09:30.40200,1915.500,1
21:09:34.11300,1915.250,3
21:09:34.32800,1915.250,1
21:09:40.08900,1915.500,2
21:09:42.32800,1915.500,1
21:09:44.37100,1915.500,5
21:09:45.68300,1915.500,3
21:09:46.51900,1915.500,1
21:09:47.10100,1915.500,1
21:09:47.58900,1915.500,2
21:09:51.89400,1915.500,5
21:09:54.16400,1915.500,2
21:09:58.31200,1915.500,1
21:09:59.42900,1915.500,2
21:09:59.92900,1915.500,1
21:10:08.05800,1915.500,3
21:10:08.42100,1915.500,1
21:10:19.01500,1915.500,1
21:10:22.42500,1915.500,20
21:10:28.61300,1915.750,6
21:10:41.03900,1915.750,5
21:10:52.46400,1915.750,1
21:11:10.26500,1915.750,73
21:11:10.65200,1915.750,1
21:11:16.91700,1915.750,1
21:11:19.13200,1915.500,1
21:11:27.84700,1915.500,22
21:11:28.12500,1915.500,1
21:11:28.32800,1915.500,1
21:11:35.14800,1915.750,1
21:11:41.04600,1915.750,5
21:11:45.40600,1915.750,2
21:11:50.67900,1915.500,2
21:11:56.40600,1915.500,6
21:11:59.31200,1915.500,11
21:12:17.56200,1915.750,2
21:12:22.61300,1915.500,1
21:12:26.79600,1915.750,1
21:12:28.56600,1915.500,1
21:12:32.11700,1915.500,28
21:12:44.64800,1915.500,10
21:12:46.07400,1915.500,12
21:12:50.11700,1915.500,1
21:12:53.37500,1915.250,1
21:12:58.78100,1915.250,1
21:13:04.41700,1915.250,3
21:13:15.93300,1915.250,3
21:13:27.59300,1915.500,8
21:13:43.34700,1915.500,2
21:13:44.62800,1915.500,1
21:13:48.50000,1914.750,274
21:13:48.55400,1914.750,1
21:13:48.73800,1914.750,1
21:13:49.27700,1914.750,2
21:13:50.66400,1915.000,1
21:13:58.06600,1914.750,1
21:13:59.96800,1914.750,1
21:14:00.62500,1915.000,11
21:14:00.79600,1915.250,2
21:14:02.33500,1915.000,1
21:14:04.91000,1915.000,19
21:14:05.80000,1915.000,1
21:14:10.37500,1914.750,2
21:14:11.13600,1914.750,8
21:14:12.04200,1915.000,1
21:14:13.68300,1915.000,4
21:14:18.95700,1915.000,7
21:14:19.85500,1914.750,1
21:14:20.35500,1915.000,1
21:14:21.23400,1914.750,1
21:14:21.50000,1915.000,1
21:14:28.34300,1914.750,33
21:14:28.76900,1914.750,1
21:14:30.76100,1914.500,2
21:14:40.34700,1914.500,2
21:14:47.78500,1914.750,1
21:14:52.90200,1914.750,4
21:14:53.45300,1914.500,10
21:14:54.96400,1914.500,1
21:14:55.45300,1914.500,4
21:14:55.81600,1914.500,1
21:15:10.00000,1914.500,5
21:15:10.19100,1914.500,1
21:15:10.48400,1914.500,1
21:15:13.63200,1914.750,1
21:15:14.41000,1914.500,5
21:15:17.47600,1914.500,1
21:15:20.74600,1914.750,1
21:15:22.58900,1914.500,5
21:15:25.60500,1914.750,1
21:15:27.59700,1914.500,1
21:15:27.78500,1914.500,16
21:15:30.04600,1914.500,1
21:15:30.23800,1914.500,1
21:15:36.10500,1914.250,10
21:15:37.43300,1914.250,1
21:15:42.08200,1914.500,48
21:15:43.53900,1914.250,10
21:15:45.53100,1914.250,10
21:15:46.59300,1914.250,2
21:15:48.15600,1914.250,1
21:15:53.15600,1914.250,1
21:15:53.42900,1913.750,123
21:15:53.53500,1914.000,5
21:15:53.84700,1914.000,7
21:15:53.95700,1914.000,1
21:15:54.66000,1914.000,1
21:15:55.41000,1913.750,4
21:15:55.85500,1914.000,10
21:15:56.94100,1913.750,1
21:15:57.52700,1913.750,51
21:15:57.61300,1913.750,2
21:15:58.15200,1913.750,1
21:15:58.45300,1913.750,1
21:15:58.91400,1914.000,1
21:15:59.50700,1913.750,3
21:15:59.75300,1913.750,1
21:16:00.41400,1913.750,10
21:16:00.53900,1913.750,2
21:16:00.75700,1913.750,5
21:16:00.93700,1913.750,1
21:16:01.42900,1913.750,2
21:16:01.81600,1913.750,1
21:16:02.57000,1913.750,1
21:16:03.17900,1913.500,2
21:16:04.23800,1913.750,1
21:16:06.53500,1913.500,17
21:16:06.72600,1913.500,23
21:16:06.74600,1913.250,1
21:16:08.37100,1913.500,1
21:16:08.84300,1913.750,10
21:16:09.64800,1913.500,1
21:16:12.35900,1913.500,1
21:16:12.53500,1913.750,1
21:16:15.45300,1913.500,1
21:16:16.25300,1913.750,1
21:16:17.22200,1913.750,1
21:16:18.41700,1913.750,1
21:16:18.57000,1913.500,5
21:16:18.86700,1913.750,1
21:16:19.36700,1913.750,14
21:16:20.80400,1913.750,6
21:16:21.11300,1914.000,1
21:16:23.59700,1914.000,1
21:16:24.79600,1913.750,8
21:16:26.13600,1913.750,2
21:16:26.51500,1914.000,1
21:16:28.45700,1913.750,7
21:16:28.88200,1913.750,3
21:16:30.71000,1913.750,6
21:16:33.04600,1913.750,2
21:16:35.52300,1913.750,1
21:16:35.66700,1913.750,1
21:16:41.68700,1913.750,2
21:16:49.16400,1914.000,3
21:16:51.26100,1913.750,1
21:16:52.08200,1913.750,1
21:16:58.32400,1914.000,1
21:16:59.32000,1913.750,2
21:17:02.35500,1913.750,2
21:17:04.69900,1914.000,1
21:17:04.96400,1913.750,1
21:17:14.65600,1914.000,3
21:17:16.52300,1914.000,2
21:17:17.82800,1913.750,1
21:17:20.60900,1913.750,1
21:17:28.88200,1914.000,1
21:17:32.30800,1913.750,25
21:17:34.21400,1913.500,41
21:17:34.50000,1913.500,2
21:17:36.68700,1913.250,1
21:17:39.10100,1913.250,142
21:17:40.05400,1913.250,1
21:17:41.42500,1913.250,1
21:17:43.16700,1913.500,2
21:17:43.43700,1913.250,1
21:17:44.09300,1913.250,3
21:17:48.14000,1913.250,2
21:17:48.29600,1913.250,10
21:17:48.41700,1913.250,19
21:17:48.62100,1913.250,1
21:17:48.65200,1913.250,4
21:17:49.93300,1913.250,1
21:17:50.25300,1913.250,2
21:17:51.01100,1913.250,1
21:17:51.35100,1913.250,16
21:17:52.86700,1913.250,1
21:17:54.23000,1913.000,30
21:17:54.50300,1913.250,12
21:17:54.78100,1913.250,1
21:17:55.71400,1913.250,1
21:17:56.59700,1913.250,1
21:17:57.62100,1913.250,5
21:17:59.44500,1913.000,1
21:18:01.51500,1913.000,4
21:18:03.23000,1913.000,1
21:18:05.30800,1913.000,3
21:18:05.64800,1913.000,3
21:18:05.76500,1913.250,32
21:18:06.00700,1913.250,9
21:18:08.66700,1913.250,5
21:18:08.96000,1913.250,1
21:18:09.11300,1913.250,1
21:18:10.86300,1913.000,3
21:18:11.45300,1913.250,1
21:18:12.53900,1913.250,10
21:18:14.12100,1913.250,4
21:18:15.26100,1913.250,8
21:18:15.39800,1913.250,2
21:18:15.52700,1913.250,1
21:18:16.48800,1913.000,2
21:18:16.62500,1913.250,1
21:18:17.91400,1913.250,1
21:18:24.08200,1913.250,1
21:18:27.13200,1913.500,2
21:18:29.22600,1913.500,1
21:18:29.34300,1913.500,28
21:18:29.53500,1913.500,6
21:18:30.03100,1913.250,1
21:18:31.07000,1913.250,2
21:18:37.93700,1913.250,2
21:18:42.44500,1913.250,1
21:18:43.92100,1913.500,8
21:18:50.68300,1913.500,15
21:18:51.55400,1913.500,7
21:18:51.84700,1913.500,5
21:18:52.28900,1913.500,2
21:18:52.45700,1913.500,1
21:18:54.51900,1913.500,4
21:18:54.64000,1913.500,1
21:18:55.12500,1913.500,1
21:19:03.22200,1913.500,3
21:19:03.55800,1913.250,20
21:19:05.51100,1913.250,2
21:19:06.38200,1913.250,15
21:19:06.92900,1913.250,1
21:19:07.60900,1913.250,4
21:19:08.72600,1913.250,1
21:19:09.87500,1913.250,1
21:19:10.68300,1913.000,30
21:19:11.82800,1913.250,1
21:19:13.41400,1913.000,1
21:19:15.53100,1913.250,2
21:19:22.32400,1913.250,1
21:19:30.25700,1913.250,15
21:19:32.91400,1913.500,1
21:19:34.05000,1913.250,1
21:19:35.34300,1913.500,1
21:19:36.16700,1913.250,2
21:19:38.73000,1913.500,2
21:19:39.18300,1913.250,1
21:19:42.12500,1913.250,17
21:19:42.40200,1913.250,1
21:19:46.59700,1913.250,5
21:19:48.46400,1913.500,1
21:19:49.40200,1913.250,33
21:19:49.55800,1913.500,1
21:19:54.97200,1913.000,8
21:19:56.64400,1913.250,1
21:19:59.83200,1913.000,1
21:20:00.51100,1913.250,3
21:20:04.23400,1913.000,4
21:20:04.79600,1913.000,12
21:20:05.66400,1913.000,2
21:20:06.62500,1913.250,1
21:20:09.18700,1913.250,1
21:20:11.16000,1913.250,68
21:20:11.91700,1913.000,1
21:20:12.82800,1913.000,5
21:20:13.29600,1913.250,2
21:20:13.44900,1913.250,7
21:20:18.15600,1913.250,1
21:20:18.87500,1913.250,2
21:20:20.20300,1913.250,1
21:20:21.22200,1913.250,1
21:20:22.12100,1913.250,1
21:20:23.30400,1913.250,30
21:20:25.28900,1913.250,1
21:20:25.43700,1913.500,1
21:20:27.15600,1913.250,1
21:20:29.53900,1913.250,1
21:20:32.04200,1913.250,3
21:20:33.40200,1913.250,3
21:20:36.77300,1913.250,41
21:20:39.30400,1913.250,1
21:20:40.31200,1913.250,3
21:20:41.18700,1913.000,1
21:20:43.83200,1913.000,1
21:20:48.01500,1913.000,2
21:20:48.50000,1913.250,1
21:20:48.95300,1913.250,6
21:20:49.32400,1913.250,9
21:20:50.60900,1913.250,1
21:20:51.72600,1913.250,23
21:20:52.29200,1913.250,1
21:20:53.92100,1913.250,2
21:20:55.51100,1913.250,1
21:20:58.08500,1913.250,13
21:21:01.29600,1913.250,2
21:21:03.71000,1913.000,20
21:21:06.60100,1913.000,5
21:21:08.95300,1913.250,1
21:21:16.29200,1913.000,2
21:21:22.84300,1913.250,1
21:21:26.68700,1913.000,2
21:21:26.80800,1913.000,1
21:21:27.14400,1913.000,57
21:21:27.64400,1913.000,5
21:21:32.74200,1913.000,1
21:21:34.58900,1913.000,206
21:21:34.89000,1913.000,2
21:21:35.57000,1913.000,1
21:21:36.84700,1913.000,99
21:21:37.45700,1912.750,63
21:21:37.51900,1912.750,5
21:21:37.62100,1912.750,2
21:21:37.67500,1912.750,3
21:21:38.66000,1912.750,1
21:21:38.82000,1912.750,2
21:21:38.91000,1912.750,1
21:21:40.86300,1913.000,1
21:21:43.45700,1913.000,2
21:21:45.39400,1913.000,50
21:21:45.58200,1913.000,6
21:21:46.92500,1912.750,4
21:21:47.63200,1913.000,1
21:21:49.73800,1913.000,5
21:21:53.14800,1913.000,22
21:21:54.69100,1913.000,1
21:21:58.26100,1913.000,41
21:22:03.30800,1913.000,7
21:22:03.53100,1913.000,2
21:22:04.91700,1913.000,1
21:22:05.24200,1913.000,1
21:22:05.86700,1913.000,1
21:22:08.17900,1913.000,3
21:22:08.37500,1913.000,5
21:22:08.92500,1913.000,1
21:22:10.08500,1913.000,1
21:22:11.50700,1913.000,12
21:22:14.77700,1913.000,1
21:22:15.17900,1912.750,1
21:22:19.45700,1913.000,5
21:22:19.82000,1913.000,9
21:22:20.73000,1913.000,7
21:22:27.62500,1913.250,2
21:22:28.07800,1913.250,1
21:22:28.75300,1913.250,28
21:22:35.65200,1913.250,3
21:22:39.10900,1913.500,5
21:22:39.90600,1913.250,1
21:22:46.24600,1913.250,27
21:22:47.76100,1913.250,4
21:22:56.11700,1913.250,1
21:22:58.86300,1913.500,2
21:23:01.26900,1913.250,35
21:23:03.91700,1913.000,1
21:23:10.69900,1913.000,127
21:23:11.13200,1913.000,67
21:23:12.58200,1913.000,41
21:23:16.66400,1913.000,1
21:23:18.94500,1913.000,1
21:23:19.25700,1913.000,16
21:23:23.60900,1913.250,2
21:23:29.60900,1913.000,1
21:23:32.51500,1913.250,39
21:23:41.42500,1913.250,2
21:23:43.48400,1913.000,2
21:23:49.00300,1913.250,1
21:23:49.57800,1913.250,1
21:23:55.47600,1913.250,2
21:23:56.75700,1913.250,2
21:23:57.91400,1913.500,1
21:24:07.49600,1913.250,3
21:24:08.07000,1913.500,1
21:24:11.25300,1913.250,10
21:24:13.13600,1913.500,1
21:24:30.52300,1913.250,1
21:24:30.94500,1913.250,23
21:24:33.44100,1913.250,1
21:24:34.27700,1913.250,1
21:24:39.34700,1913.250,1
21:24:40.80000,1913.250,1
21:24:42.88200,1913.250,3
21:24:43.25300,1913.250,2
21:24:45.92900,1913.500,1
21:24:47.61300,1913.250,4
21:24:50.81200,1913.250,2
21:24:52.08900,1913.250,2
21:24:56.54600,1913.250,2
21:24:57.62100,1913.250,1
21:25:01.89000,1913.250,2
21:25:08.46400,1913.250,3
21:25:18.75000,1913.250,1
21:25:20.30000,1913.250,1
21:25:27.51500,1913.250,1
21:25:37.15600,1913.250,9
21:25:43.29600,1913.250,3
21:25:44.77300,1913.250,1
21:25:59.42900,1913.250,2
21:26:12.07800,1913.250,2
21:26:17.35100,1913.500,86
21:26:20.43700,1913.500,1
21:26:22.55800,1913.500,2
21:26:25.59700,1913.750,27
21:26:26.96800,1913.500,1
21:26:27.70300,1913.750,1
21:26:32.64800,1913.750,2
21:26:33.87100,1913.750,22
21:26:35.96400,1913.750,1
21:26:37.10100,1914.000,8
21:26:37.84300,1914.000,7
21:26:38.51500,1914.000,2
21:26:40.52300,1914.000,2
21:26:40.85100,1914.000,7
21:26:42.11700,1914.000,2
21:26:42.41000,1914.250,2
21:26:42.67500,1914.000,1
21:26:42.81200,1914.000,1
21:26:43.16000,1914.000,21
21:26:43.31200,1914.000,5
21:26:43.77700,1914.000,5
21:26:44.56200,1913.750,1
21:26:48.40600,1913.750,14
21:26:50.60100,1914.000,2
21:26:51.01900,1914.000,4
21:26:51.32000,1914.000,3
21:26:51.71400,1914.000,7
21:26:52.23800,1914.000,5
21:26:53.57000,1914.250,1
21:26:54.15200,1914.000,1
21:26:54.37800,1914.000,8
21:26:58.97200,1914.000,1
21:27:10.00700,1913.750,4
21:27:12.89400,1913.750,1
21:27:13.66000,1913.750,1
21:27:14.73800,1914.000,1
21:27:18.38600,1914.000,13
21:27:19.73400,1914.250,2
21:27:21.49600,1914.250,1
21:27:22.01100,1914.000,1
21:27:22.43300,1914.250,30
21:27:25.12800,1914.000,1
21:27:26.08500,1914.250,4
21:27:30.21400,1914.250,1
21:27:30.64400,1914.250,1
21:27:32.29200,1914.250,1
21:27:34.78500,1914.000,4
21:27:35.44500,1914.250,1
21:27:37.21800,1914.250,1
21:27:37.43700,1914.250,1
21:27:37.65600,1914.000,1
21:27:37.92900,1914.250,3
21:27:38.77300,1914.250,1
21:27:41.05000,1914.250,1
21:27:41.17500,1914.250,1
21:27:43.10100,1914.000,1
21:27:44.29200,1914.250,4
21:27:46.04600,1914.250,4
21:27:48.30000,1914.250,8
21:27:49.80800,1914.250,1
21:27:56.59700,1914.250,22
21:27:57.20300,1914.250,3
21:27:58.14000,1914.000,56
21:27:59.28100,1914.000,14
21:28:07.80000,1914.000,2
21:28:11.25300,1913.750,2
21:28:15.02300,1913.750,1
21:28:17.79200,1914.000,1
21:28:20.86300,1913.750,1
21:28:35.53900,1913.750,1
21:28:38.24600,1913.750,16
21:28:45.82400,1913.750,1
21:28:50.66400,1913.750,1
21:28:59.08900,1913.750,2
21:29:02.77700,1913.750,12
21:29:03.46400,1913.750,1
21:29:05.20700,1914.000,1
21:29:14.44100,1914.000,1
21:29:27.49600,1913.750,15
21:29:28.91700,1913.750,9
21:29:29.08900,1913.750,1
21:29:29.17100,1913.750,1
21:29:34.08500,1913.750,12
21:29:37.39800,1913.500,3
21:29:39.18700,1913.750,5
21:29:39.41000,1913.750,5
21:29:40.06200,1913.500,1
21:29:42.59700,1914.000,1
21:29:43.27700,1913.750,1
21:29:45.78100,1914.000,66
21:29:47.27700,1914.000,6
21:29:53.14000,1913.750,3
21:29:54.65200,1913.750,1
21:29:57.63600,1914.000,1
21:30:01.03900,1914.000,16
21:30:14.24600,1914.000,1
21:30:23.23400,1914.000,3
21:30:25.75300,1914.000,75
21:30:30.12800,1914.000,1
21:30:34.93300,1914.000,1
21:30:35.69900,1913.750,77
21:30:35.78500,1913.500,2
21:30:37.43700,1913.500,10
21:30:47.56200,1913.500,3
21:31:15.47600,1913.500,2
21:31:15.96000,1913.500,48
21:31:17.64800,1913.500,1
21:31:21.02700,1913.500,2
21:31:39.52700,1913.500,2
21:31:40.45300,1913.500,11
21:31:44.46000,1913.500,2
21:31:56.22200,1913.500,2
21:32:15.63600,1913.750,6
21:32:17.18700,1913.750,1
21:32:19.73800,1913.500,2
21:32:25.96800,1913.500,2
21:32:38.25700,1913.500,2
21:32:43.53100,1913.500,5
21:32:47.22200,1913.500,1
21:32:47.64400,1913.500,1
21:32:51.65600,1913.500,24
21:32:51.83900,1913.500,10
21:32:52.17100,1913.500,1
21:32:52.32400,1913.500,1
21:32:53.88200,1913.500,7
21:33:10.89000,1913.500,2
21:33:18.88600,1913.500,1
21:33:21.52700,1913.500,2
21:33:37.27700,1913.500,4
21:33:38.58900,1913.500,1
21:33:40.94500,1913.500,1
21:33:49.23400,1913.500,1
21:33:53.35500,1913.750,37
21:33:58.04600,1913.750,1
21:33:58.83500,1913.750,1
21:34:44.82800,1913.750,17
21:34:46.08500,1913.750,2
21:34:48.78900,1913.500,1
21:34:55.41700,1913.750,1
21:35:00.28100,1913.750,11
21:35:08.77300,1913.750,1
21:35:17.30000,1913.750,24
21:35:19.97200,1913.750,1
21:35:38.30000,1913.750,1
21:35:42.16000,1913.750,1
21:35:45.80400,1913.750,23
21:36:10.49200,1913.750,12
21:36:10.91000,1913.750,1
21:37:26.39000,1914.000,14
21:37:28.32400,1914.000,1
21:37:29.01900,1913.750,1
21:37:31.65600,1913.750,1
21:37:32.17500,1913.750,50
21:37:32.58900,1913.750,1
21:37:33.44500,1913.750,1
21:37:37.47600,1913.750,5
21:37:41.19900,1913.750,1
21:37:43.60900,1913.500,1
21:37:51.47200,1913.750,1
21:37:54.43700,1913.750,1
21:38:03.87100,1913.500,11
21:38:05.17100,1913.500,7
21:38:09.25300,1913.500,69
21:38:14.01500,1913.500,2
21:38:19.05800,1913.500,4
21:38:24.46000,1913.250,52
21:38:25.84300,1913.250,1
21:38:41.32800,1913.500,1
21:38:42.66700,1913.500,15
21:38:43.66700,1913.500,1
21:38:47.05000,1913.500,39
21:38:55.01900,1913.500,16
21:39:07.55000,1913.500,35
21:39:13.45700,1913.500,1
21:39:21.50300,1913.500,7
21:39:24.13200,1913.500,28
21:39:31.91400,1913.500,2
21:39:37.80800,1913.500,18
21:39:39.71000,1913.500,1
21:39:42.53900,1913.500,61
21:39:48.65600,1913.500,1
21:39:49.57800,1913.750,8
21:39:59.43700,1913.500,17
21:40:02.37500,1913.500,31
21:40:04.40200,1913.250,5
21:40:15.14400,1913.250,1
21:40:16.61700,1913.250,5
21:40:17.14400,1913.250,66
21:40:18.30000,1913.000,14
21:40:18.88600,1913.250,1
21:40:22.50300,1913.000,1
21:40:27.60900,1913.000,1
21:40:29.69100,1913.000,1
21:40:30.56600,1913.000,5
21:40:31.79600,1913.000,1
21:40:32.63200,1913.000,5
21:40:33.11300,1913.000,1
21:40:40.21000,1913.000,1
21:40:44.77300,1913.000,1
21:40:51.04600,1913.250,28
21:40:51.87800,1913.250,8
21:40:53.82400,1913.250,1
21:40:54.03900,1913.000,1
21:40:56.40200,1913.250,12
21:41:04.11700,1913.250,8
21:41:04.95700,1913.250,1
21:41:05.20700,1913.250,5
21:41:06.47600,1913.250,1
21:41:07.88200,1913.250,1
21:41:12.79200,1913.250,1
21:41:21.64800,1913.250,7
21:41:23.92100,1913.250,1
21:41:38.25700,1913.250,5
21:41:38.45700,1913.500,1
21:41:38.55400,1913.250,5
21:41:46.02700,1913.500,1
21:41:53.05400,1913.250,14
21:42:21.71000,1913.250,4
21:42:31.90600,1913.250,16
21:42:32.37100,1913.500,38
21:43:05.29600,1913.250,3
21:43:10.17100,1913.250,15
21:43:15.73800,1913.250,3
21:43:21.83900,1913.250,17
21:43:31.85900,1913.000,1
21:43:39.62800,1913.250,2
21:43:43.32000,1913.250,1
21:43:58.46800,1913.250,1
21:44:17.76900,1913.250,21
21:44:17.89800,1913.250,1
21:44:22.68300,1913.250,1
21:44:25.01100,1913.000,1
21:44:26.76100,1913.250,4
21:44:27.51900,1913.250,12
21:44:30.79200,1913.250,1
21:44:40.19100,1913.250,1
21:45:02.00300,1913.250,2
21:45:05.86700,1913.250,16
21:45:25.37800,1913.250,10
21:45:25.74600,1913.250,15
21:45:26.59700,1913.000,10
21:45:38.57800,1913.000,1
21:45:39.13600,1913.000,1
21:45:39.58500,1913.000,2
21:45:40.28100,1913.000,1
21:45:41.62100,1913.000,1
21:45:45.03500,1913.000,1
21:45:46.04200,1913.250,1
21:45:46.12100,1913.250,2
21:45:48.45700,1913.250,4
21:45:51.26900,1913.250,6
21:45:53.01100,1913.250,13
21:45:55.36700,1913.250,10
21:45:59.23400,1913.250,1
21:46:02.71800,1913.250,2
21:46:10.75700,1913.250,1
21:46:11.54600,1913.250,9
21:46:12.91700,1913.250,5
21:46:35.94900,1913.250,4
21:46:40.10500,1913.250,70
21:46:40.75000,1913.250,1
21:46:56.92500,1913.250,1
21:46:58.00300,1913.250,3
21:46:58.29600,1913.500,1
21:47:04.28500,1913.500,2
21:47:06.61300,1913.500,34
21:47:23.77300,1913.750,3
21:47:24.01500,1913.750,1
21:47:25.03900,1913.500,5
21:47:25.88600,1913.500,1
21:47:28.45300,1913.500,1
21:47:42.80400,1913.750,1
21:47:43.09300,1913.500,2
21:47:55.88600,1913.500,3
21:48:08.56600,1913.750,25
21:48:15.61700,1914.000,116
21:48:15.65200,1914.000,1
21:48:15.81200,1914.000,2
21:48:16.25000,1914.000,14
21:48:16.96000,1914.000,9
21:48:19.75000,1914.000,11
21:48:21.66700,1914.250,3
21:48:22.21400,1914.250,1
21:48:24.21400,1914.250,4
21:48:31.55800,1914.250,1
21:48:32.39400,1914.250,1
21:48:35.06200,1914.250,30
21:48:36.28100,1914.250,30
21:48:36.96400,1914.250,1
21:48:37.45300,1914.250,6
21:48:41.28100,1914.250,1
21:48:43.13200,1914.250,2
21:48:43.54600,1914.000,1
21:48:46.00000,1914.000,43
21:48:46.73800,1913.750,1
21:48:51.50000,1913.750,40
21:48:53.66400,1913.750,46
21:48:55.16700,1913.500,3
21:48:55.52300,1913.750,1
21:48:57.59700,1913.500,1
21:48:59.35100,1913.750,1
21:49:14.24200,1913.750,5
21:49:17.55000,1913.750,1
21:49:24.10100,1913.750,1
21:49:26.13600,1913.750,1
21:49:33.14800,1913.500,1
21:49:36.01500,1913.500,29
21:49:36.60900,1913.500,12
21:49:38.86700,1913.500,40
21:49:40.03900,1913.250,1
21:49:46.50700,1913.250,2
21:49:48.05400,1913.250,27
21:49:54.24600,1913.250,1
21:49:59.87100,1913.250,11
21:50:14.75700,1913.250,2
21:50:16.71000,1913.250,1
21:50:21.91400,1913.500,5
21:50:24.88600,1913.250,1
21:50:36.72200,1913.250,1
21:50:40.01900,1913.250,1
21:51:13.17900,1913.250,24
21:51:15.32800,1913.250,1
21:51:21.76100,1913.250,13
21:51:24.64800,1913.250,1
21:51:24.95300,1913.500,1
21:51:25.17900,1913.500,36
21:51:25.21400,1913.500,14
21:51:36.10500,1913.500,7
21:51:37.03500,1913.500,1
21:51:37.65200,1913.500,4
21:51:38.19500,1913.250,1
21:51:50.05400,1913.250,1
21:52:04.93300,1913.250,26
21:52:15.22600,1913.500,6
21:52:15.35500,1913.500,1
21:52:31.49200,1913.250,2
21:52:33.83200,1913.500,7
21:52:37.25000,1913.500,11
21:52:37.93700,1913.250,10
21:52:43.14800,1913.500,1
21:52:46.77300,1913.500,1
21:52:48.82400,1913.500,14
21:52:54.44900,1913.500,7
21:52:57.89400,1913.250,1
21:53:08.49200,1913.500,5
21:53:21.33900,1913.500,1
21:53:23.49200,1913.250,40
21:53:23.55800,1913.250,74
21:53:23.61300,1913.250,4
21:53:25.29200,1913.250,2
21:53:38.48000,1913.250,5
21:53:54.89800,1913.500,24
21:54:10.66000,1913.500,3
21:54:25.11700,1913.500,1
21:54:29.60900,1913.500,2
21:54:32.79200,1913.500,2
21:54:33.78500,1913.500,2
21:54:36.87500,1913.500,1
21:54:37.31200,1913.500,4
21:54:59.28500,1913.500,24
21:55:00.17100,1913.500,8
21:55:00.50700,1913.500,1
21:55:13.89400,1913.250,2
21:55:17.23000,1913.500,81
21:55:19.85500,1913.750,2
21:55:26.75300,1913.500,20
21:55:30.95300,1913.500,2
21:55:31.69500,1913.500,5
21:55:44.85500,1913.500,1
21:55:47.41000,1913.500,1
21:55:50.71400,1913.500,1
21:55:56.56600,1913.500,1
21:56:07.24200,1913.500,53
21:56:08.50000,1913.250,3
21:56:10.12100,1913.500,1
21:56:11.03500,1913.250,1
21:56:16.25000,1913.250,1
21:56:19.83200,1913.250,16
21:56:36.19100,1913.250,8
21:56:37.37800,1913.250,1
21:56:50.43700,1913.500,2
21:56:58.72200,1913.500,2
21:57:15.05400,1913.500,2
21:57:47.12100,1913.500,2
21:57:49.01100,1913.500,24
21:57:49.50300,1913.250,1
21:58:17.08200,1913.500,2
21:58:18.71000,1913.250,50
21:58:39.80400,1913.250,29
21:58:43.23400,1913.250,1
21:58:47.28500,1913.250,3
21:59:10.31200,1913.000,2
21:59:10.51900,1913.000,1
21:59:14.54600,1913.250,17
21:59:15.97200,1913.250,1
21:59:19.88200,1913.250,1
21:59:31.56600,1913.250,10
21:59:39.82000,1913.750,71
21:59:50.00700,1913.750,1
21:59:55.70300,1913.500,49
21:59:59.96800,1913.750,1
22:00:01.02700,1913.500,0
22:00:12.26900,1913.500,2
22:00:18.91400,1913.250,116
22:00:35.53100,1913.250,14
22:00:36.30400,1913.000,1
22:00:36.77300,1913.000,1
22:00:38.26500,1913.250,1
22:00:42.21400,1913.250,2
22:00:43.85900,1913.250,1
22:00:46.68700,1913.250,3
22:00:47.70700,1913.250,3
22:00:55.48800,1913.500,17
22:01:21.67100,1913.500,3
22:01:24.00700,1913.500,1
22:01:24.20300,1913.250,1
22:01:27.27700,1913.500,21
22:01:31.39800,1913.750,19
22:01:32.10100,1913.750,1
22:01:40.78100,1913.750,5
22:01:42.33200,1913.750,3
22:01:47.23800,1913.750,4
22:01:49.32000,1914.000,2
22:01:52.90600,1914.000,1
22:01:53.50700,1913.750,2
22:01:55.16400,1913.750,1
22:02:02.87800,1913.750,2
22:02:08.83900,1913.750,1
22:02:11.11700,1913.750,3
22:02:18.44100,1913.500,2
22:02:22.03500,1913.750,120
22:02:26.02300,1913.500,7
22:02:28.54600,1913.750,1
22:02:29.73400,1913.750,3
22:02:38.91700,1914.000,30
22:02:39.54200,1914.000,6
22:02:42.35900,1914.000,2
22:02:49.81200,1914.000,1
22:02:51.82000,1914.250,68
22:02:55.40200,1914.250,2
22:02:55.75300,1914.500,1
22:02:59.26100,1914.500,7
22:03:02.70700,1914.250,2
22:03:03.43300,1914.250,1
22:03:06.62500,1914.500,1
22:03:09.02300,1914.000,66
22:03:11.90600,1914.000,1
22:03:26.29200,1914.000,1
22:03:35.37500,1914.250,1
22:03:36.00000,1914.000,20
22:03:37.32800,1914.000,6
22:03:40.77300,1914.000,11
22:03:42.79600,1914.000,1
22:03:45.73800,1913.750,1
22:03:46.42900,1914.000,1
22:03:49.93300,1914.000,36
22:03:55.77700,1914.000,1
22:03:57.42900,1914.000,1
22:03:59.25700,1914.250,1
22:04:17.69500,1914.250,49
22:04:28.59700,1914.250,10
22:04:32.14000,1914.500,20
22:04:32.53500,1914.500,10
22:04:39.39800,1914.500,82
22:04:41.42900,1914.250,1
22:04:42.01100,1914.500,1
22:05:00.82800,1914.250,2
22:05:09.22200,1914.250,10
22:05:10.55400,1914.250,48
22:05:13.07800,1914.250,1
22:05:27.92900,1914.000,1
22:05:31.67500,1914.250,3
22:05:32.03100,1914.250,26
22:05:34.89400,1914.250,1
22:05:35.87800,1914.500,2
22:05:36.14800,1914.250,1
22:05:38.66700,1914.250,2
22:05:39.75700,1914.250,1
22:05:51.54600,1914.500,1
22:05:54.59300,1914.500,42
22:05:56.07000,1914.500,6
22:05:57.58200,1914.500,1
22:05:58.25700,1914.500,1
22:05:59.60500,1914.500,5
22:06:06.16700,1914.500,6
22:06:10.57800,1914.500,7
22:06:15.55000,1914.500,11
22:06:16.90200,1914.500,1
22:06:21.80000,1914.500,17
22:06:24.44500,1914.500,65
22:06:25.29600,1914.500,1
22:06:25.66000,1914.250,1
22:06:26.88200,1914.500,1
22:06:34.45300,1914.500,5
22:06:37.77700,1914.500,6
22:06:39.12800,1914.500,2
22:06:43.28100,1914.500,8
22:06:45.41000,1914.500,1
22:06:49.31600,1914.500,6
22:06:56.14000,1914.500,1
22:06:56.66000,1914.250,165
22:06:56.73000,1914.250,13
22:06:57.80400,1914.250,1
22:07:03.96000,1914.250,23
22:07:10.71000,1914.250,5
22:07:11.14000,1914.250,1
22:07:14.47200,1914.250,2
22:07:17.47600,1914.250,1
22:07:22.48800,1914.250,11
22:07:27.76900,1914.000,1
22:07:30.49600,1914.000,1
22:07:37.37800,1914.250,1
22:07:52.87100,1914.000,4
22:07:56.60500,1914.000,42
22:07:57.95300,1914.000,2
22:08:24.65600,1913.750,6
22:08:26.09700,1913.750,3
22:08:27.28900,1913.750,1
22:08:30.56200,1913.750,11
22:08:31.33900,1913.750,3
22:08:32.57400,1913.750,6
22:08:36.46000,1913.500,3
22:08:37.63200,1913.750,1
22:08:40.33500,1913.750,1
22:08:44.60900,1913.750,10
22:08:45.29200,1913.500,1
22:08:47.33200,1913.750,2
22:08:58.42900,1913.500,4
22:08:59.15600,1913.500,7
22:09:10.53500,1913.250,2
22:09:10.65600,1913.250,1
22:09:10.76900,1913.250,54
22:09:13.40200,1913.250,5
22:09:13.89000,1913.250,1
22:09:15.91700,1913.250,1
22:09:17.52300,1913.000,110
22:09:18.89800,1913.250,5
22:09:19.12100,1913.250,5
22:09:19.34300,1913.250,3
22:09:20.13600,1913.250,1
22:09:20.39000,1913.250,1
22:09:24.59300,1913.250,1
22:09:27.75300,1913.250,6
22:09:28.37500,1913.250,1
22:09:32.73000,1913.250,6
22:09:33.24600,1913.000,7
22:09:35.36300,1913.000,22
22:09:35.95700,1913.250,9
22:09:38.24200,1913.000,1
22:09:38.50300,1913.000,1
22:09:39.23800,1913.000,1
22:09:41.29200,1913.000,1
22:09:42.40200,1913.000,5
22:09:43.36700,1913.000,2
22:09:43.92900,1913.000,1
22:09:48.85900,1913.000,1
22:09:52.90200,1913.000,2
22:09:54.22200,1913.000,1
22:10:02.60500,1913.000,7
22:10:03.76100,1912.750,9
22:10:03.94900,1912.750,6
22:10:05.10500,1913.000,1
22:10:06.19100,1913.000,2
22:10:07.42900,1912.750,1
22:10:08.92900,1912.750,1
22:10:09.85900,1912.750,1
22:10:13.51100,1912.750,1
22:10:13.94100,1912.750,1
22:10:17.15600,1912.750,1
22:10:21.01500,1912.750,2
22:10:24.77300,1912.750,1
22:10:25.91400,1913.000,7
22:10:26.22200,1912.750,1
22:10:28.47200,1913.250,30
22:10:29.74200,1913.000,10
22:10:35.84700,1913.250,2
22:10:37.28900,1913.000,2
22:10:38.07800,1913.000,1
22:10:41.41000,1913.000,4
22:10:42.11700,1913.000,7
22:10:43.80800,1912.750,3
22:10:46.24200,1913.000,2
22:10:47.88600,1913.000,1
22:10:52.43300,1913.000,1
22:10:58.67100,1913.000,1
22:11:14.27300,1913.000,40
22:11:15.24600,1912.750,1
22:11:17.91700,1912.750,1
22:11:20.25000,1913.000,2
22:11:25.60100,1913.000,1
22:11:26.05800,1913.000,7
22:11:26.31200,1913.000,9
22:11:30.44100,1912.750,1
22:11:36.86700,1913.000,1
22:11:39.22600,1913.000,1
22:11:43.12100,1913.000,1
22:12:11.36700,1913.000,23
22:12:13.01500,1912.750,1
22:12:26.35500,1912.750,221
22:12:27.55800,1912.750,67
22:12:30.57400,1912.750,91
22:12:31.94100,1912.500,52
22:12:33.31200,1912.750,1
22:12:34.05800,1912.750,1
22:12:38.50000,1912.750,2
22:12:45.89400,1912.750,2
22:12:48.29600,1912.500,1
22:12:50.36700,1912.500,1
22:12:52.30000,1912.500,1
22:12:53.68700,1912.500,10
22:12:56.28500,1912.500,34
22:12:57.00300,1912.500,1
22:12:57.23800,1912.500,2
22:12:58.62100,1912.500,1
22:12:59.44500,1912.500,1
22:13:02.68700,1912.750,11
22:13:03.15200,1912.500,3
22:13:03.27300,1912.500,1
22:13:06.82000,1912.500,27
22:13:09.25000,1912.750,1
22:13:11.60900,1912.750,112
22:13:11.67900,1912.750,8
22:13:12.26100,1912.750,4
22:13:12.49200,1912.500,1
22:13:17.38600,1912.750,1
22:13:24.69100,1912.750,1
22:13:25.62100,1912.750,61
22:13:30.21400,1912.750,68
22:13:31.28900,1912.750,65
22:13:31.44900,1912.750,24
22:13:33.92100,1912.750,5
22:13:38.53500,1912.750,1
22:13:40.85100,1912.750,3
22:13:44.86700,1912.500,1
22:13:47.47200,1912.500,2
22:13:48.03900,1912.750,1
22:13:49.29600,1912.750,16
22:13:50.38200,1912.750,1
22:14:00.74200,1912.750,14
22:14:01.78500,1912.750,5
22:14:02.87100,1912.750,6
22:14:03.61700,1912.750,2
22:14:07.41000,1912.750,2
22:14:11.24600,1912.750,1
22:14:16.33200,1912.750,4
22:14:20.01900,1912.750,7
22:14:21.06600,1912.750,1
22:14:38.88600,1913.000,2
22:14:39.25700,1912.750,1
22:14:39.33900,1912.750,5
22:14:58.12500,1912.750,17
22:14:58.96000,1912.750,21
22:15:00.18700,1912.750,4
22:15:00.51100,1912.750,1
22:15:05.82000,1912.750,1
22:15:07.29200,1912.500,1
22:15:12.96000,1912.750,19
22:15:18.64800,1912.750,12
22:15:25.04600,1912.750,3
22:15:25.46800,1912.750,1
22:15:31.13200,1912.750,2
22:15:32.09300,1912.750,2
22:15:38.26500,1912.750,1
22:15:42.85500,1912.750,1
22:15:53.43300,1912.750,59
22:15:56.02300,1912.500,1
22:15:59.02700,1912.500,1
22:15:59.63600,1912.500,1
22:16:05.46800,1912.750,12
22:16:07.00000,1912.500,1
22:16:10.72200,1912.500,4
22:16:13.33500,1912.750,2
22:16:22.26900,1912.750,1
22:16:27.63600,1912.750,19
22:16:32.79600,1912.750,2
22:16:37.31200,1912.500,2
22:16:38.06200,1912.750,1
22:16:59.07800,1912.750,74
22:16:59.29200,1912.500,3
22:16:59.56200,1912.750,1
22:17:14.65600,1912.750,61
22:17:24.56600,1912.750,64
22:17:27.21800,1912.750,10
22:17:34.67100,1912.750,1
22:17:39.21400,1912.750,1
22:17:39.44100,1912.750,1
22:17:44.36300,1912.750,1
22:17:52.63600,1912.500,35
22:17:59.57800,1912.250,549
22:17:59.60900,1912.250,101
22:18:01.23400,1912.250,3
22:18:02.25700,1912.500,1
22:18:08.44500,1912.500,1
22:18:09.84300,1912.500,1
22:18:14.52700,1912.250,2
22:18:24.97200,1912.500,1
22:18:26.44500,1912.250,9
22:18:28.15600,1912.250,2
22:18:28.85500,1912.250,2
22:18:29.07400,1912.250,2
22:18:30.88600,1912.500,1
22:18:44.73800,1912.250,1
22:18:47.79200,1912.250,1
22:18:50.57000,1912.250,4
22:18:55.47600,1912.250,128
22:18:56.23000,1912.000,181
22:18:56.27300,1912.000,1
22:18:57.11700,1912.000,1
22:19:00.38200,1912.000,2
22:19:04.93700,1912.250,4
22:19:12.61300,1912.250,7
22:19:12.80800,1912.000,33
22:19:13.83200,1912.250,1
22:19:14.93300,1912.250,8
22:19:15.10900,1912.250,4
22:19:18.63600,1912.000,6
22:19:18.82800,1912.000,205
22:19:20.21000,1912.000,1
22:19:21.60500,1912.250,1
22:19:25.26100,1912.000,2
22:19:25.44900,1912.000,4
22:19:28.25700,1912.000,1
22:19:31.16400,1912.000,5
22:19:31.69900,1912.000,1
22:19:36.59300,1912.000,4
22:19:38.00700,1912.000,1
22:19:44.80800,1912.000,1
22:19:45.94100,1912.250,1
22:19:58.65200,1912.250,3
22:20:00.32400,1912.250,12
22:20:00.49200,1912.250,1
22:20:03.56600,1912.000,9
22:20:05.87800,1912.250,3
22:20:10.74200,1912.000,63
22:20:12.03900,1912.000,2
22:20:17.71800,1912.000,1
22:20:18.11300,1912.000,1
22:20:21.95300,1912.000,1
22:20:24.37800,1912.000,10
22:20:24.85500,1912.000,25
22:20:29.68300,1912.000,3
22:20:30.46000,1912.250,1
22:20:31.66000,1912.250,125
22:20:32.51900,1912.000,1
22:20:34.41000,1912.000,1
22:20:36.50700,1912.250,14
22:20:44.75000,1912.250,3
22:20:46.60100,1912.250,6
22:20:49.37100,1912.500,29
22:20:58.55000,1912.500,1
22:21:17.25300,1912.500,5
22:21:18.83500,1912.750,1
22:21:22.80000,1912.500,29
22:21:26.89800,1912.500,1
22:21:43.91400,1912.250,25
22:22:11.34700,1912.250,2
22:22:16.51900,1912.250,4
22:22:29.49600,1912.250,1
22:22:46.61700,1912.250,54
22:22:46.75300,1912.250,2
22:22:48.94900,1912.250,1
22:22:49.08200,1912.250,2
22:23:13.24600,1912.250,27
22:23:16.70300,1912.250,3
22:23:17.65200,1912.500,2
22:23:17.89400,1912.250,20
22:23:19.84700,1912.250,5
22:23:26.25000,1912.250,1
22:23:26.61200,1912.250,2
22:23:27.17500,1912.250,1
22:23:30.89800,1912.000,1
22:23:39.26500,1912.000,2
22:23:44.95300,1912.000,35
22:23:50.89800,1912.000,1
22:23:52.16400,1912.250,2
22:23:52.40200,1912.250,3
22:23:56.63200,1912.250,1
22:24:11.85500,1912.000,57
22:24:20.75700,1912.000,14
22:24:21.02300,1912.000,6
22:24:36.64400,1912.000,1
22:24:37.33900,1912.000,5
22:24:39.14400,1912.000,1
22:24:40.51900,1912.250,7
22:24:41.27300,1912.000,15
22:24:41.51100,1912.250,1
22:24:44.37100,1912.250,1
22:24:57.66000,1912.500,10
22:24:59.87500,1912.250,3
22:25:01.73000,1912.500,7
22:25:03.60100,1912.250,2
22:25:03.96400,1912.250,20
22:25:07.81200,1912.250,7
22:25:13.39800,1912.000,1
22:25:24.48800,1912.250,1
22:25:26.50300,1912.250,1
22:25:27.55000,1912.000,3
22:25:32.69100,1912.250,1
22:25:43.12800,1912.250,1
22:25:50.46800,1912.000,1
22:25:54.61300,1912.250,1
22:25:55.52700,1912.250,1
22:26:20.93700,1912.000,11
22:26:22.03500,1912.250,1
22:26:22.33500,1912.250,1
22:26:23.30800,1912.000,68
22:26:23.55800,1911.750,40
22:26:23.60100,1912.000,99
22:26:24.40600,1912.000,5
22:26:24.80400,1912.000,1
22:26:25.94100,1912.250,6
22:26:27.55000,1912.000,1
22:26:31.15200,1912.250,1
22:26:41.40200,1912.000,10
22:26:49.01100,1912.250,15
22:26:49.57800,1912.250,10
22:27:05.66400,1912.250,2
22:27:08.70300,1912.250,1
22:27:10.11700,1912.250,1
22:27:10.64000,1912.250,2
22:27:13.80000,1912.250,12
22:27:18.72200,1912.250,1
22:27:22.89800,1912.250,23
22:27:24.39000,1912.250,1
22:27:37.36700,1912.250,5
22:27:39.70700,1912.000,3
22:27:43.08900,1912.250,1
22:28:06.55000,1912.250,2
22:28:07.66000,1912.000,1
22:28:12.72200,1912.250,5
22:28:17.25700,1912.250,24
22:28:18.21800,1912.250,1
22:28:18.52300,1912.250,1
22:28:26.30000,1912.250,2
22:28:40.42100,1912.250,11
22:28:41.23000,1912.250,3
22:29:00.97200,1912.000,7
22:29:03.33500,1912.000,4
22:29:03.95300,1912.000,10
22:29:09.76100,1912.000,7
22:29:09.95300,1912.250,1
22:29:14.14000,1912.250,1
22:29:17.05800,1912.000,35
22:29:17.17100,1912.000,21
22:29:17.80000,1912.000,1
22:29:21.01900,1912.000,1
22:29:22.16700,1912.000,1
22:29:22.91000,1912.000,1
22:29:24.41400,1912.000,1
22:29:32.12800,1912.000,29
22:29:32.36300,1912.000,1
22:29:34.25300,1912.000,2
22:29:34.90600,1912.000,1
22:29:37.63200,1912.250,1
22:29:38.92500,1911.750,177
22:29:41.27700,1912.000,4
22:29:47.85100,1911.750,1
22:29:48.44100,1911.750,2
22:29:49.01500,1911.750,1
22:29:50.08900,1912.000,3
22:29:52.96400,1911.750,9
22:29:54.71800,1911.750,1
22:29:57.69900,1911.750,1
22:29:58.69500,1911.750,10
22:29:59.03500,1911.500,162
22:29:59.17900,1911.500,8
22:29:59.26900,1911.750,1
22:30:00.03100,1911.500,204
22:30:00.05400,1911.750,20
22:30:00.24600,1911.750,6
22:30:00.37500,1911.500,5
22:30:00.52700,1911.500,1
22:30:01.96400,1911.750,152
22:30:02.81200,1911.750,7
22:30:03.34300,1911.500,2
22:30:04.06200,1911.500,1
22:30:04.30000,1911.750,1
22:30:05.32000,1911.750,2
22:30:06.02300,1911.500,1
22:30:06.96000,1911.500,1
22:30:12.08900,1911.750,1
22:30:12.66700,1911.750,1
22:30:17.10100,1911.500,7
22:30:18.58500,1911.500,1
22:30:19.15600,1911.750,1
22:30:19.51100,1911.750,6
22:30:20.03500,1911.750,1
22:30:20.36300,1911.750,1
22:30:20.69100,1911.750,1
22:30:22.83200,1911.750,1
22:30:23.38200,1911.750,5
22:30:30.12800,1911.750,2
22:30:34.33500,1911.750,1
22:30:36.85900,1911.750,1
22:30:38.44500,1911.750,12
22:30:40.09700,1911.750,10
22:30:40.92500,1911.750,10
22:30:43.82400,1911.750,1
22:30:44.23400,1911.750,1
22:30:44.36700,1912.000,2
22:30:44.50300,1911.750,10
22:30:46.19500,1911.750,3
22:30:48.42100,1911.750,1
22:30:50.77700,1911.750,1
22:30:52.02300,1911.750,10
22:30:57.06600,1911.750,10
22:30:57.28500,1911.750,4
22:30:57.91400,1911.750,1
22:31:04.64400,1912.000,46
22:31:07.94100,1912.000,2
22:31:13.62800,1912.000,6
22:31:15.01900,1912.000,1
22:31:17.74200,1911.750,1
22:31:19.92100,1911.750,1
22:31:20.22200,1911.750,22
22:31:23.94500,1912.000,19
22:31:34.12800,1912.000,11
22:31:34.56600,1912.250,3
22:31:40.39000,1912.000,10
22:31:42.59300,1912.250,2
22:31:43.16700,1912.250,1
22:31:46.76900,1912.000,1
22:31:47.66000,1912.000,1
22:31:47.82000,1912.250,1
22:31:50.55000,1912.250,1
22:31:52.36700,1912.250,28
22:31:56.26100,1912.500,4
22:32:00.78500,1912.000,19
22:32:01.70300,1912.250,5
22:32:02.14800,1912.500,2
22:32:02.43700,1912.250,5
22:32:05.23400,1912.000,12
22:32:09.49600,1912.250,2
22:32:09.95700,1912.250,1
22:32:13.58900,1912.250,1
22:32:18.10500,1912.250,1
22:32:25.80400,1912.000,24
22:32:36.39800,1911.750,52
22:32:39.11700,1911.750,1
22:32:42.73400,1911.750,2
22:32:43.27700,1911.750,4
22:32:44.90600,1911.750,7
22:32:48.37500,1911.750,50
22:32:48.87100,1911.500,29
22:32:50.40600,1911.750,2
22:32:57.13600,1911.750,1
22:32:59.57000,1911.500,15
22:33:04.48400,1911.750,35
22:33:12.26100,1911.750,30
22:33:13.65200,1911.750,1
22:33:14.32000,1911.750,7
22:33:23.83500,1911.750,9
22:33:25.26500,1911.750,2
22:33:25.46000,1911.750,3
22:33:26.48000,1911.750,2
22:33:28.48400,1911.750,1
22:33:31.79200,1911.750,10
22:33:32.12500,1911.750,1
22:33:33.24200,1912.000,1
22:33:43.73800,1911.750,1
22:33:44.55400,1911.750,1
22:33:50.13200,1911.750,32
22:33:50.40600,1911.750,5
22:33:52.11700,1911.750,3
22:33:53.33200,1911.750,3
22:33:54.78500,1911.750,1
22:33:58.42900,1911.500,5
22:34:03.69500,1911.750,7
22:34:08.48800,1911.750,20
22:34:10.28500,1912.000,1
22:34:18.84700,1911.750,1
22:34:26.41700,1912.000,1
22:34:32.15600,1912.000,50
22:34:33.42100,1912.000,126
22:34:40.53900,1912.000,2
22:34:43.63600,1912.000,1
22:34:46.73800,1912.000,2
22:34:47.81200,1911.750,1
22:34:59.07000,1911.750,5
22:34:59.75000,1911.750,31
22:35:00.59300,1911.500,24
22:35:01.71000,1911.750,2
22:35:09.37800,1911.750,1
22:35:11.15600,1911.750,1
22:35:13.10500,1911.750,1
22:35:14.32000,1911.500,3
22:35:16.67900,1911.750,1
22:35:18.41700,1911.750,47
22:35:20.23000,1912.000,1
22:35:25.46800,1911.750,9
22:35:25.92500,1911.750,6
22:35:27.06200,1911.750,1
22:35:35.47600,1911.750,4
22:35:43.60500,1911.750,18
22:35:51.06200,1911.500,1
22:35:56.93300,1911.750,26
22:36:15.82400,1912.000,5
22:36:18.82000,1911.750,1
22:36:25.58900,1911.750,1
22:36:28.25300,1911.750,4
22:36:30.20700,1911.750,3
22:36:32.82800,1911.750,26
22:36:38.27700,1912.000,4
22:36:41.16400,1911.750,2
22:36:43.48000,1912.000,1
22:36:47.50000,1912.000,4
22:36:47.68300,1912.000,1
22:36:57.39800,1912.000,2
22:37:05.23800,1912.000,9
22:37:21.07800,1912.000,1
22:37:23.09700,1911.750,3
22:37:23.97200,1911.750,34
22:37:25.80800,1911.750,17
22:37:26.17500,1911.750,1
22:37:28.49600,1911.750,1
22:37:30.15600,1911.750,1
22:37:32.87100,1911.750,1
22:37:45.63200,1911.750,4
22:37:50.10100,1911.750,3
22:37:53.55000,1911.750,14
22:38:00.23400,1911.750,5
22:38:02.12800,1911.750,4
22:38:02.64000,1911.500,5
22:38:04.43700,1911.750,4
22:38:05.16700,1911.750,1
22:38:14.08900,1911.750,5
22:38:16.01500,1911.750,1
22:38:19.14000,1911.750,1
22:38:27.14400,1911.750,1
22:38:37.84700,1911.500,2
22:38:39.78900,1911.500,1
22:38:40.31600,1911.500,1
22:38:42.14400,1911.750,4
22:38:48.51500,1911.750,1
22:38:50.26500,1911.750,1
22:38:51.01500,1911.750,2
22:38:52.94500,1911.500,5
22:38:54.21400,1911.500,1
22:38:55.30400,1911.750,5
22:38:58.39000,1911.500,12
22:39:03.10100,1911.500,6
22:39:06.45300,1911.500,3
22:39:07.27300,1911.750,56
22:39:07.35900,1911.500,14
22:39:08.14800,1911.500,3
22:39:09.79200,1911.750,41
22:39:10.03100,1911.750,5
22:39:10.28900,1911.750,1
22:39:12.75700,1911.750,7
22:39:20.32000,1912.000,2
22:39:28.54600,1912.000,80
22:39:29.18300,1912.000,1
22:39:31.62500,1912.000,3
22:39:33.34700,1912.000,1
22:39:33.83200,1912.000,1
22:39:34.48400,1912.000,32
22:39:34.67100,1912.000,2
22:39:36.20700,1912.000,7
22:39:36.41000,1912.000,1
22:39:37.55400,1912.250,7
22:39:38.29600,1912.000,3
22:39:42.94100,1912.000,1
22:39:49.83900,1912.000,1
22:40:00.19100,1912.250,3
22:40:05.05000,1912.250,2
22:40:05.78100,1912.250,35
22:40:08.43300,1912.000,6
22:40:09.12500,1912.250,6
22:40:11.09300,1912.250,2
22:40:11.60500,1912.250,1
22:40:16.72200,1912.250,1
22:40:18.15600,1912.250,11
22:40:26.49200,1912.500,2
22:40:27.25700,1912.500,1
22:40:28.35100,1912.500,1
22:40:30.52300,1912.500,31
22:40:30.95300,1912.500,1
22:40:32.21400,1912.500,31
22:40:33.35500,1912.500,15
22:40:37.21800,1912.500,2
22:40:41.23400,1912.500,70
22:40:44.06600,1912.500,1
22:40:49.55400,1912.500,5
22:40:50.32800,1912.500,1
22:40:54.61300,1913.000,101
22:40:57.63600,1912.750,1
22:40:58.09300,1913.000,1
22:40:59.48400,1912.750,1
22:41:04.04200,1912.750,12
22:41:04.22200,1913.000,1
22:41:04.53100,1912.500,6
22:41:04.62800,1912.750,3
22:41:05.22600,1912.500,2
22:41:07.89800,1912.750,47
22:41:10.03500,1912.750,1
22:41:10.26900,1912.750,1
22:41:11.07000,1912.750,1
22:41:12.80400,1912.750,1
22:41:13.25000,1912.750,1
22:41:15.64400,1912.750,33
22:41:16.58200,1912.750,7
22:41:17.20300,1912.750,3
22:41:20.83200,1912.500,1
22:41:22.30000,1912.750,1
22:41:23.85900,1912.750,1
22:41:25.03900,1912.500,1
22:41:31.69100,1912.500,1
22:41:36.84700,1912.500,9
22:41:39.50300,1912.500,36
22:41:39.71800,1912.500,1
22:41:43.12500,1912.750,2
22:41:44.30000,1912.750,9
22:41:47.58500,1912.750,1
22:41:50.81600,1913.000,47
22:41:52.59700,1913.250,6
22:41:55.12100,1913.250,1
22:41:56.89800,1913.250,1
22:42:00.80000,1913.000,5
22:42:01.19900,1913.250,2
22:42:07.66700,1913.000,1
22:42:08.06200,1913.250,4
22:42:09.81600,1913.250,1
22:42:13.21800,1913.250,2
22:42:13.77300,1913.250,17
22:42:16.60500,1913.500,40
22:42:17.23000,1913.500,16
22:42:17.49200,1913.500,3
22:42:18.55400,1913.500,1
22:42:20.19900,1913.250,1
22:42:20.91400,1913.500,8
22:42:22.29600,1913.500,1
22:42:22.69100,1913.250,10
22:42:24.25700,1913.250,8
22:42:26.72600,1913.250,7
22:42:33.32800,1913.000,2
22:42:35.48400,1913.000,1
22:42:35.96400,1913.000,1
22:42:48.44500,1913.250,14
22:42:48.56600,1913.250,8
22:42:50.07000,1913.000,1
22:42:51.71800,1913.250,1
22:42:56.69100,1913.250,1
22:43:08.60500,1913.000,23
22:43:14.89800,1913.250,38
22:43:15.16700,1913.250,34
22:43:17.17100,1913.250,1
22:43:25.79600,1913.250,1
22:43:26.78100,1913.000,1
22:43:31.08200,1913.000,1
22:43:33.65200,1912.750,168
22:43:34.01500,1912.750,10
22:43:34.46000,1912.750,2
22:43:34.58200,1912.750,1
22:43:35.56200,1912.750,23
22:43:43.75700,1912.750,1
22:43:49.39800,1912.750,2
22:43:49.59300,1912.750,2
22:43:56.72200,1913.000,1
22:43:57.57400,1913.000,53
22:44:01.09300,1913.250,2
22:44:08.01100,1913.000,4
22:44:09.64000,1913.000,2
22:44:09.90200,1912.750,5
22:44:13.51100,1912.750,15
22:44:14.58900,1912.750,1
22:44:31.09300,1913.000,4
22:44:34.85900,1913.000,4
22:44:41.65600,1913.250,4
22:44:49.12800,1913.000,16
22:44:52.71000,1913.000,1
22:44:53.64400,1913.000,3
22:44:58.00300,1913.000,1
22:45:00.51100,1913.000,3
22:45:01.87100,1912.750,1
22:45:05.75300,1913.000,5
22:45:06.11700,1913.000,1
22:45:07.92100,1912.750,2
22:45:12.69900,1912.750,1
22:45:14.26500,1913.000,1
22:45:15.54600,1913.000,1
22:45:25.10900,1913.000,9
22:45:31.89800,1913.000,1
22:45:35.08500,1913.000,4
22:45:36.63600,1913.000,4
22:45:49.54600,1913.000,1
22:45:52.86700,1913.000,1
22:45:56.27300,1913.000,2
22:46:04.75300,1913.000,2
22:46:07.65600,1913.000,1
22:46:11.33900,1913.000,1
22:46:12.02300,1913.000,1
22:46:13.07800,1913.250,69
22:46:14.54200,1913.500,1
22:46:18.03100,1913.500,1
22:46:21.67500,1913.500,1
22:46:29.80000,1913.500,8
22:46:32.22200,1913.250,1
22:46:39.86300,1913.500,1
22:46:42.89400,1913.500,77
22:46:44.28900,1913.500,1
22:46:45.75000,1913.500,1
22:46:47.48400,1913.500,1
22:46:48.23400,1913.250,1
22:46:48.58200,1913.500,5
22:46:49.87800,1913.250,1
22:46:52.51100,1913.500,1
22:46:53.36700,1913.500,1
22:46:54.51100,1913.250,1
22:46:55.24200,1913.250,35
22:46:55.81600,1913.250,1
22:46:56.45700,1913.000,1
22:46:56.76500,1913.000,1
22:47:02.67100,1913.250,2
22:47:04.33200,1913.250,1
22:47:06.37500,1913.000,11
22:47:06.88200,1913.000,11
22:47:07.23400,1913.000,3
22:47:07.56600,1913.000,10
22:47:07.66400,1913.000,2
22:47:07.81200,1913.000,1
22:47:10.17500,1913.250,72
22:47:19.70700,1913.500,65
22:47:22.75000,1913.250,10
22:47:23.19500,1913.250,1
22:47:24.01500,1913.250,2
22:47:24.60500,1913.250,6
22:47:31.00000,1913.250,4
22:47:33.03100,1913.250,1
22:47:38.63600,1913.250,1
22:47:42.27700,1913.250,5
22:47:46.62800,1913.500,1
22:47:58.35100,1913.250,4
22:47:58.93700,1913.000,1
22:48:04.11300,1913.000,84
22:48:09.70300,1913.000,64
22:48:09.93300,1913.000,10
22:48:12.65600,1913.000,9
22:48:13.51100,1913.000,1
22:48:23.00700,1913.000,1
22:48:25.16700,1913.000,3
22:48:31.52300,1912.750,2
22:48:35.05000,1912.750,22
22:48:37.28100,1912.750,4
22:48:37.93300,1912.750,4
22:48:45.73400,1913.000,2
22:48:51.72200,1912.750,2
22:48:52.84300,1912.750,6
22:48:53.46800,1913.000,2
22:48:57.28900,1912.750,6
22:49:02.46400,1912.500,34
22:49:04.17900,1912.500,1
22:49:04.45700,1912.500,1
22:49:05.07800,1912.250,7
22:49:05.71800,1912.250,1
22:49:08.81600,1912.500,13
22:49:09.66400,1912.500,1
22:49:10.03900,1912.500,21
22:49:10.82000,1912.500,5
22:49:12.12100,1912.500,10
22:49:12.91400,1912.500,5
22:49:14.08200,1912.750,1
22:49:22.35500,1912.750,5
22:49:24.18300,1912.500,2
22:49:24.40600,1912.500,1
22:49:25.08200,1912.750,34
22:49:27.37800,1912.750,1
22:49:29.55000,1912.750,2
22:49:29.96400,1912.750,1
22:49:32.47200,1912.750,20
22:49:33.24600,1912.750,5
22:49:36.02700,1912.750,2
22:49:44.19500,1912.500,1
22:49:48.29600,1912.750,1
22:49:49.48800,1912.750,5
22:49:52.92900,1912.500,1
22:50:13.39000,1912.500,6
22:50:16.02300,1912.500,18
22:50:16.27700,1912.750,2
22:50:16.34700,1912.750,2
22:50:17.29200,1912.500,1
22:50:17.39800,1912.750,1
22:50:17.79200,1912.750,1
22:50:20.54600,1912.750,1
22:50:21.35100,1912.750,3
22:50:27.17900,1912.750,1
22:50:28.26900,1912.500,10
22:50:34.35500,1912.750,1
22:50:42.44100,1912.500,19
22:50:52.91700,1912.500,4
22:50:53.51500,1912.500,15
22:50:59.45700,1912.500,5
22:51:01.73800,1912.500,13
22:51:01.93700,1912.500,1
22:51:05.53900,1912.250,5
22:51:08.80400,1912.500,1
22:51:09.28500,1912.250,1
22:51:10.17500,1912.250,1
22:51:12.49600,1912.250,1
22:51:16.94900,1912.250,5
22:51:19.74200,1912.250,1
22:51:35.08500,1912.250,20
22:51:36.28500,1912.250,5
22:51:39.36700,1912.000,7
22:51:41.79600,1912.250,2
22:51:42.85100,1912.250,1
22:51:46.37500,1912.500,5
22:51:48.76100,1912.250,2
22:51:50.33900,1912.250,1
22:51:50.70700,1912.250,1
22:51:55.10900,1912.000,1
22:51:55.60100,1912.250,1
22:51:55.84300,1912.250,1
22:51:57.87800,1912.250,1
22:52:03.22600,1912.250,2
22:52:04.11300,1912.250,2
22:52:04.80400,1912.000,1
22:52:10.21800,1912.000,5
22:52:10.95300,1912.000,2
22:52:14.51900,1912.250,14
22:52:19.91700,1912.250,1
22:52:20.13600,1912.250,2
22:52:24.33500,1912.250,2
22:52:24.57400,1912.500,1
22:52:27.62800,1912.250,5
22:52:38.44500,1912.500,5
22:52:42.14800,1912.250,1
22:52:44.08500,1912.500,2
22:52:47.51900,1912.500,24
22:52:47.57800,1912.500,3
22:52:48.74200,1912.500,1
22:52:50.96000,1912.750,1
22:52:54.54200,1912.750,17
22:52:55.01100,1913.000,3
22:52:55.92100,1912.750,1
22:52:57.21000,1912.750,1
22:53:19.16400,1912.750,23
22:53:20.64400,1912.500,7
22:53:30.44900,1912.750,51
22:53:32.15200,1912.500,13
22:53:48.80800,1912.500,1
22:54:11.21800,1912.250,50
22:54:21.72600,1912.500,5
22:54:22.71000,1912.500,4
22:54:27.57400,1912.500,10
22:54:28.36700,1912.500,6
22:54:32.24200,1912.500,4
22:54:32.79200,1912.250,7
22:54:40.40600,1912.500,2
22:54:41.69500,1912.250,1
22:54:55.94500,1912.500,3
22:54:58.04600,1912.500,2
22:55:00.51100,1912.750,3
22:55:02.55800,1912.500,1
22:55:07.41400,1912.250,1
22:55:10.27300,1912.500,1
22:55:13.10100,1912.500,1
22:55:17.35100,1912.000,19
22:55:19.89400,1912.250,4
22:55:27.73400,1912.250,16
22:55:28.88600,1912.250,1
22:55:31.25000,1912.000,1
22:55:33.12800,1912.000,5
22:55:34.58200,1912.000,2
22:55:39.85100,1912.250,1
22:55:40.83500,1912.000,15
22:55:42.51900,1912.250,12
22:55:44.62800,1912.250,2
22:55:48.43700,1912.250,12
22:55:49.96800,1912.250,1
22:56:03.21000,1912.000,10
22:56:05.74600,1912.000,6
22:56:05.85100,1912.000,1
22:56:06.65200,1912.000,1
22:56:09.85100,1912.000,65
22:56:11.39000,1911.750,18
22:56:15.91700,1911.750,1
22:56:16.05400,1911.750,1
22:56:19.58900,1912.000,1
22:56:22.83200,1912.000,40
22:56:23.30400,1912.250,1
22:56:27.46400,1912.000,1
22:56:33.60900,1912.000,1
22:56:33.82400,1912.000,1
22:56:36.32800,1912.000,8
22:56:36.68300,1912.000,2
22:56:38.28100,1912.000,16
22:56:39.03100,1912.000,1
22:56:45.73400,1912.000,6
22:56:47.76900,1912.250,2
22:56:54.48000,1912.250,14
22:56:55.95700,1912.250,9
22:57:26.86300,1912.000,2
22:57:33.65600,1912.250,1
22:57:46.20700,1912.000,2
22:58:07.42900,1912.250,25
22:58:13.23400,1912.250,2
22:58:17.10100,1912.250,1
22:58:25.26100,1912.500,4
22:58:26.62800,1912.250,6
22:58:29.23400,1912.250,10
22:58:35.64000,1912.500,1
22:58:46.28500,1912.500,1
22:59:02.75300,1912.500,42
22:59:02.90200,1912.250,2
22:59:04.03500,1912.000,15
22:59:05.97200,1912.250,2
22:59:06.11700,1912.250,2
22:59:08.45300,1912.250,3
22:59:15.11300,1912.250,4
22:59:18.11700,1912.250,1
22:59:18.53500,1912.250,1
22:59:19.06200,1912.250,1
22:59:19.55400,1912.250,1
22:59:21.91700,1912.500,9
22:59:24.07400,1912.250,2
22:59:31.24200,1912.250,1
22:59:31.48000,1912.250,1
22:59:33.68700,1912.250,1
22:59:35.71000,1912.250,4
22:59:47.58500,1912.250,5
22:59:49.71000,1912.250,3
22:59:55.23000,1912.000,1
22:59:59.05000,1912.000,3
23:00:02.19100,1912.250,0
23:00:03.92100,1912.250,3
23:00:09.15600,1912.000,6
23:00:14.64800,1912.250,1
23:00:21.89000,1912.000,12
23:00:22.97200,1911.750,6
23:00:23.34300,1912.000,4
23:00:37.44500,1911.750,1
23:00:41.83200,1911.750,86
23:00:44.13200,1911.500,8
23:00:49.03500,1911.500,14
23:00:51.22600,1911.500,5
23:00:51.86700,1911.500,1
23:00:56.36700,1911.500,1
23:00:56.59300,1911.500,119
23:00:57.45700,1911.500,9
23:00:57.93700,1911.750,1
23:00:58.29600,1911.500,2
23:00:58.44500,1911.500,2
23:01:00.25700,1911.500,3
23:01:01.88600,1911.500,1
23:01:02.18700,1911.500,1
23:01:02.79200,1911.500,2
23:01:04.51500,1911.500,1
23:01:04.70700,1911.750,1
23:01:05.09700,1911.500,1
23:01:06.16000,1911.500,2
23:01:08.89800,1911.500,1
23:01:10.04200,1911.500,16
23:01:11.14800,1911.500,1
23:01:11.41400,1911.250,42
23:01:11.49600,1911.250,2
23:01:11.56200,1911.250,1
23:01:14.92100,1911.500,3
23:01:16.64800,1911.250,1
23:01:18.13600,1911.250,1
23:01:19.92100,1911.250,1
23:01:20.42900,1911.250,1
23:01:23.53500,1911.250,43
23:01:23.78100,1911.250,6
23:01:26.65200,1911.250,2
23:01:31.42500,1911.500,1
23:01:32.71400,1911.250,1
23:01:35.42100,1911.250,1
23:01:35.70300,1911.250,1
23:01:35.85100,1911.250,1
23:01:44.75000,1911.250,1
23:01:58.16700,1911.250,1
23:01:58.77300,1911.500,16
23:01:59.46000,1911.500,1
23:02:01.08500,1911.500,5
23:02:02.88200,1911.500,2
23:02:04.73800,1911.250,315
23:02:04.83200,1911.250,1
23:02:04.91400,1911.250,5
23:02:05.04200,1911.250,1
23:02:05.88600,1911.250,9
23:02:07.06600,1911.000,39
23:02:07.42900,1911.250,1
23:02:08.43700,1911.250,1
23:02:09.06600,1911.250,5
23:02:10.32400,1911.000,1
23:02:11.29200,1911.250,2
23:02:13.76100,1911.250,2
23:02:18.29600,1911.000,1
23:02:23.30000,1911.250,1
23:02:24.50000,1911.250,7
23:02:25.33900,1911.250,1
23:02:27.73000,1911.250,1
23:02:30.73400,1911.000,2
23:02:32.30400,1911.000,6
23:02:35.84300,1911.250,5
23:02:37.63600,1911.000,1
23:02:43.19900,1911.250,23
23:02:45.81600,1911.250,1
23:02:46.50000,1911.250,1
23:02:46.73800,1911.250,14
23:02:48.75300,1911.000,2
23:02:50.10900,1911.000,1
23:02:51.73400,1911.000,1
23:02:55.56200,1911.250,4
23:02:59.33500,1911.250,1
23:03:02.80800,1911.250,2
23:03:03.28100,1911.000,10
23:03:20.87800,1911.000,2
23:03:21.91700,1911.000,2
23:03:30.53100,1911.250,5
23:03:32.33900,1911.250,16
23:03:33.96800,1911.250,1
23:03:36.93300,1911.250,5
23:03:46.56600,1911.000,3
23:03:49.42900,1911.000,1
23:03:49.89800,1911.000,71
23:03:50.12800,1911.000,2
23:03:50.61300,1911.000,2
23:03:50.83200,1911.000,3
23:03:57.61300,1911.000,10
23:03:59.29200,1911.000,1
23:04:01.62800,1910.500,597
23:04:01.71000,1910.500,4
23:04:02.00300,1910.500,1
23:04:02.85500,1910.750,28
23:04:03.38600,1911.000,1
23:04:08.56200,1911.000,1
23:04:09.55800,1910.750,6
23:04:10.26100,1910.750,1
23:04:14.07400,1910.750,1
23:04:23.40600,1910.750,1
23:04:23.93300,1910.750,1
23:04:26.59300,1910.750,1
23:04:26.91700,1911.000,1
23:04:27.21400,1911.000,1
23:04:27.46400,1910.750,1
23:04:30.66700,1910.750,7
23:04:31.74200,1911.000,1
23:04:38.09300,1910.750,1
23:04:38.92500,1910.750,32
23:04:50.30400,1910.750,3
23:04:54.44900,1910.750,1
23:04:56.92100,1910.750,4
23:05:08.94500,1911.000,2
23:05:14.01900,1911.000,1
23:05:16.28900,1910.750,1
23:05:24.67500,1910.750,1
23:05:31.05000,1910.750,19
23:05:31.53500,1910.750,1
23:05:42.44900,1910.500,4
23:05:43.72200,1910.500,10
23:05:47.12500,1910.500,1
23:05:48.48400,1910.250,1
23:05:48.97200,1910.250,3
23:05:49.52300,1910.250,2
23:05:50.31200,1910.500,1
23:05:51.49200,1910.500,1
23:05:51.60500,1910.250,3
23:05:53.75000,1910.500,10
23:05:54.01100,1910.500,1
23:05:54.25300,1910.500,18
23:05:54.95300,1910.250,7
23:05:55.70300,1910.500,1
23:05:58.25700,1910.250,14
23:05:58.90200,1910.250,1
23:06:06.31600,1910.500,18
23:06:06.47200,1910.250,7
23:06:06.55800,1910.000,46
23:06:06.69900,1910.000,2
23:06:06.78900,1910.250,1
23:06:07.47600,1910.250,1
23:06:08.69500,1910.250,1
23:06:09.17500,1910.000,1
23:06:09.77700,1910.000,1
23:06:10.89800,1910.250,10
23:06:11.41700,1910.250,1
23:06:12.26500,1910.000,10
23:06:12.62100,1910.000,1
23:06:12.70300,1910.000,1
23:06:13.89000,1910.500,1
23:06:14.73400,1910.250,1
23:06:16.10900,1910.250,8
23:06:16.58500,1910.500,1
23:06:17.42500,1910.250,2
23:06:21.04600,1910.500,23
23:06:22.42500,1910.500,20
23:06:27.87800,1910.500,1
23:06:28.71000,1910.750,7
23:06:30.09700,1910.750,1
23:06:36.73800,1910.750,2
23:06:37.01100,1910.750,5
23:06:42.79200,1910.750,1
23:06:43.12800,1911.000,4
23:06:43.83200,1911.000,1
23:06:47.08200,1911.000,5
23:06:47.78500,1911.000,1
23:06:50.30000,1911.000,1
23:06:51.41700,1911.000,47
23:06:52.34700,1911.000,1
23:06:54.34700,1911.000,1
23:06:56.37800,1911.000,1
23:06:57.58500,1911.000,1
23:07:02.05800,1910.750,2
23:07:05.95300,1911.000,2
23:07:08.32400,1911.000,1
23:07:09.26100,1910.750,37
23:07:10.79600,1910.750,1
23:07:15.66000,1910.500,1
23:07:18.96800,1910.750,1
23:07:22.54600,1910.750,1
23:07:23.00300,1910.750,14
23:07:24.41700,1911.000,1
23:07:28.13600,1910.750,5
23:07:31.78900,1910.750,1
23:07:32.94900,1910.750,1
23:07:35.81600,1910.750,4
23:07:42.39800,1911.000,1
23:07:42.86300,1910.750,1
23:07:46.56200,1911.000,1
23:07:47.35900,1911.000,1
23:07:51.35100,1910.750,1
23:07:53.90600,1911.000,1
23:07:54.92100,1910.750,1
23:07:56.08200,1910.750,6
23:08:08.89400,1911.000,70
23:08:09.08500,1911.000,25
23:08:21.34300,1911.000,1
23:08:21.91400,1911.000,1
23:08:30.44500,1911.000,13
23:08:32.44500,1911.000,10
23:08:33.79600,1911.000,8
23:08:47.80400,1910.750,8
23:09:09.28900,1911.000,4
23:09:18.59300,1911.000,1
23:09:21.62100,1910.750,3
23:09:24.51100,1911.000,1
23:09:40.69100,1910.750,2
23:09:45.00000,1910.750,32
23:09:47.64000,1910.750,1
23:09:50.35900,1910.750,1
23:09:54.52700,1910.750,1
23:10:06.62500,1910.750,2
23:10:08.69900,1910.500,2
23:10:08.89000,1910.500,14
23:10:13.52300,1910.750,1
23:10:18.76900,1910.750,1
23:10:33.57400,1910.500,1
23:10:38.52700,1910.750,4
23:10:51.00700,1910.750,1
23:10:51.23400,1910.750,10
23:10:52.15600,1910.750,3
23:10:53.62100,1910.750,3
23:11:03.44900,1910.750,21
23:11:08.62500,1910.750,11
23:11:09.00000,1910.750,1
23:11:10.29600,1910.500,10
23:11:10.86300,1910.750,1
23:11:15.73800,1910.500,1
23:11:17.28500,1910.500,2
23:11:24.42900,1910.500,2
23:11:25.60100,1910.500,3
23:11:26.46000,1910.500,1
23:11:27.41400,1910.750,1
23:11:28.07000,1910.500,2
23:11:28.60900,1910.500,1
23:11:30.56600,1910.750,1
23:11:31.38200,1910.750,1
23:11:36.79600,1910.500,2
23:11:41.22600,1910.500,2
23:12:19.47200,1910.500,23
23:12:37.79600,1910.750,1
23:13:14.55800,1911.000,2
23:13:21.03900,1911.000,5
23:13:22.20300,1911.000,1
23:13:26.64000,1910.750,10
23:13:26.71000,1910.750,2
23:13:36.29600,1911.000,23
23:13:37.79600,1910.750,29
23:13:37.89000,1910.750,1
23:13:41.33200,1910.750,1
23:13:50.97200,1910.750,52
23:13:51.05800,1910.750,8
23:13:53.03100,1910.750,5
23:13:53.11700,1910.750,1
23:13:53.49600,1910.750,2
23:13:53.92500,1910.750,5
23:14:04.79200,1910.500,9
23:14:04.90200,1910.750,2
23:14:05.11300,1910.500,1
23:14:06.65200,1910.500,36
23:14:06.70300,1910.500,5
23:14:09.44900,1910.500,9
23:14:11.04200,1910.500,7
23:14:13.89800,1910.250,1
23:14:14.26500,1910.250,1
23:14:15.94900,1910.250,1
23:14:16.85900,1910.250,1
23:14:22.15200,1910.250,3
23:14:28.90600,1910.250,1
23:14:29.21400,1910.250,5
23:14:35.36700,1910.250,1
23:14:38.32800,1910.500,1
23:14:52.46400,1910.500,1
23:14:58.00000,1910.250,1
23:14:59.54600,1910.500,1
23:15:00.83900,1910.250,8
23:15:03.33900,1910.250,5
23:15:07.03500,1910.250,1
23:15:10.41400,1910.250,2
23:15:17.08900,1910.500,33
23:15:22.65600,1910.500,31
23:15:27.59300,1910.500,1
23:15:28.65600,1910.500,1
23:15:28.86300,1910.500,1
23:15:30.26500,1910.500,2
23:15:32.81600,1910.500,2
23:15:33.39400,1910.500,1
23:15:34.10100,1910.750,2
23:15:35.09300,1910.500,6
23:15:35.93300,1910.500,10
23:15:36.29600,1910.500,1
23:15:38.62800,1910.500,4
23:15:39.49600,1910.250,3
23:15:44.68300,1910.250,1
23:16:05.00300,1910.250,9
23:16:07.17900,1910.000,38
23:16:10.34300,1910.250,1
23:16:11.62100,1910.250,7
23:16:12.23000,1910.250,3
23:16:13.68700,1910.000,1
23:16:15.73000,1910.250,6
23:16:16.11300,1910.000,1
23:16:27.03100,1910.500,1
23:16:32.45700,1910.250,2
23:16:34.58200,1910.250,1
23:16:38.33900,1910.250,2
23:16:39.52700,1910.250,5
23:16:42.29600,1910.000,1
23:16:43.85900,1910.500,1
23:16:52.08900,1910.500,1
23:16:54.82800,1910.000,30
23:17:05.39800,1910.000,2
23:17:05.75300,1910.250,3
23:17:10.20300,1910.250,5
23:17:12.60900,1910.250,1
23:17:14.39800,1910.000,5
23:17:18.26500,1910.250,1
23:17:20.47600,1910.250,1
23:17:27.37500,1910.500,2
23:17:28.04200,1910.250,4
23:17:31.24600,1910.250,2
23:17:32.03100,1910.250,1
23:17:37.82800,1910.250,1
23:17:41.17500,1910.000,1
23:17:50.87500,1910.000,1
23:17:58.80400,1910.000,1
23:17:59.17900,1910.250,2
23:18:04.23000,1909.750,256
23:18:04.30800,1909.750,11
23:18:07.42500,1909.750,22
23:18:10.13200,1910.000,3
23:18:10.65200,1910.000,1
23:18:12.00700,1910.250,1
23:18:16.53100,1910.000,1
23:18:17.35100,1910.000,1
23:18:21.26500,1910.000,3
23:18:21.89000,1910.000,25
23:18:22.23800,1910.250,1
23:18:24.30000,1910.000,11
23:18:24.40600,1910.250,1
23:18:31.58500,1910.000,5
23:18:33.14400,1910.000,9
23:18:39.91700,1910.000,5
23:18:45.78100,1910.000,1
23:18:46.44500,1910.000,1
23:18:49.71800,1910.000,1
23:18:52.87500,1910.000,1
23:18:57.13200,1910.250,4
23:18:57.93300,1910.000,1
23:18:58.34700,1910.250,1
23:19:10.63200,1910.000,2
23:19:11.50300,1910.000,15
23:19:18.80800,1910.000,1
23:19:22.03900,1910.000,1
23:19:23.60100,1910.000,67
23:19:27.80800,1910.000,1
23:19:32.55400,1910.000,1
23:19:34.68300,1910.000,29
23:19:36.46400,1910.000,11
23:19:39.27300,1909.750,104
23:19:40.30400,1909.750,1
23:19:44.32000,1909.750,7
23:19:44.69500,1909.750,1
23:19:45.85900,1909.500,44
23:19:56.64400,1909.500,1
23:19:57.29200,1909.500,1
23:20:02.59300,1909.750,2
23:20:03.60500,1909.500,25
23:20:04.16000,1909.500,17
23:20:06.79200,1909.500,17
23:20:07.59300,1909.500,148
23:20:08.64400,1909.500,1
23:20:09.05800,1909.500,1
23:20:09.96800,1909.250,46
23:20:10.91400,1909.500,1
23:20:14.26100,1909.250,1
23:20:16.26900,1909.250,2
23:20:18.58200,1909.500,1
23:20:18.80400,1909.250,1
23:20:19.19900,1909.250,1
23:20:20.32000,1909.250,1
23:20:29.71000,1909.250,1
23:20:33.62100,1909.250,1
23:20:33.85900,1909.250,5
23:20:34.32400,1909.250,1
23:20:34.78900,1909.250,1
23:20:35.17100,1909.500,1
23:20:36.45300,1909.500,1
23:20:37.47200,1909.250,8
23:20:39.53500,1909.250,3
23:20:40.96400,1909.250,1
23:20:43.11300,1909.250,1
23:20:44.67100,1909.500,5
23:20:45.09700,1909.500,2
23:20:46.30000,1909.500,38
23:20:48.05800,1909.750,15
23:20:48.44100,1910.000,20
23:20:49.39400,1909.750,1
23:20:50.86300,1909.750,6
23:20:54.93300,1910.000,1
23:20:56.63200,1910.000,1
23:20:58.67900,1910.000,1
23:21:03.94500,1910.000,296
23:21:09.16000,1910.250,1
23:21:09.73000,1910.250,7
23:21:14.19900,1910.250,1
23:21:18.02700,1910.000,10
23:21:21.48800,1910.250,50
23:21:27.44500,1910.500,60
23:21:28.59700,1910.500,3
23:21:28.80800,1910.750,2
23:21:29.91400,1910.750,2
23:21:30.86700,1910.500,1
23:21:34.51900,1910.750,5
23:21:34.63200,1910.750,21
23:21:34.82000,1910.750,2
23:21:36.93700,1910.750,48
23:21:38.32800,1910.750,28
23:21:38.68300,1910.750,2
23:21:39.30800,1910.750,3
23:21:39.57800,1910.500,1
23:21:46.55400,1910.500,1
23:21:49.21400,1910.500,14
23:21:51.76100,1910.500,1
23:21:54.32800,1910.750,1
23:21:55.33200,1910.750,10
23:22:01.89800,1911.000,2
23:22:02.40200,1910.750,1
23:22:03.61300,1911.000,4
23:22:04.58500,1911.000,1
23:22:04.82800,1910.750,4
23:22:05.17100,1910.750,1
23:22:06.93700,1910.750,1
23:22:07.43300,1910.750,1
23:22:09.05000,1910.750,1
23:22:11.13600,1911.000,4
23:22:12.78900,1911.000,1
23:22:18.26900,1911.000,8
23:22:21.67100,1910.750,24
23:22:24.49600,1910.500,1
23:22:36.82800,1910.500,1
23:22:40.18300,1910.500,1
23:22:43.87800,1910.500,71
23:22:46.71800,1910.500,5
23:22:52.70700,1910.750,1
23:22:53.17100,1910.500,1
23:22:54.60500,1910.500,1
23:23:06.47600,1910.500,9
23:23:07.39800,1910.750,2
23:23:09.60500,1910.500,1
23:23:14.65600,1910.500,9
23:23:14.89800,1910.500,6
23:23:16.10500,1910.250,1
23:23:16.55000,1910.500,1
23:23:31.06600,1910.750,1
23:23:37.53500,1910.500,2
23:23:44.13200,1910.500,2
23:23:51.51100,1910.750,60
23:23:52.89000,1910.500,4
23:23:55.10100,1910.750,1
23:23:59.31600,1910.750,1
23:24:09.12800,1910.750,3
23:24:12.19900,1910.750,1
23:24:13.11300,1910.500,3
23:24:13.73400,1910.500,1
23:24:14.30400,1910.750,1
23:24:15.67900,1910.500,4
23:24:15.94900,1910.500,6
23:24:17.37800,1910.750,1
23:24:21.12100,1910.500,2
23:24:23.68700,1910.750,1
23:24:26.21800,1910.500,13
23:24:29.14400,1910.250,1
23:24:31.73400,1910.500,20
23:24:35.13600,1910.750,11
23:24:39.78900,1910.750,20
23:24:40.27300,1910.750,13
23:24:42.01100,1910.750,3
23:24:42.74600,1910.500,2
23:24:45.42500,1910.500,1
23:24:51.96400,1910.500,1
23:24:57.68300,1910.750,1
23:24:58.23000,1910.500,1
23:25:03.39000,1910.500,2
23:25:03.81200,1910.500,1
23:25:06.53100,1910.750,1
23:25:06.83900,1910.500,6
23:25:08.25700,1910.500,1
23:25:16.94500,1910.750,1
23:25:26.75300,1910.500,5
23:25:32.77300,1910.500,1
23:25:38.32800,1910.500,18
23:25:45.03900,1910.500,1
23:25:47.41000,1910.500,2
23:25:47.73400,1910.500,5
23:25:48.94900,1910.500,1
23:25:49.28900,1910.250,6
23:25:50.94100,1910.250,1
23:25:55.53900,1910.500,1
23:25:56.52700,1910.250,5
23:26:04.58900,1910.250,4
23:26:06.75000,1910.500,2
23:26:08.47200,1910.500,8
23:26:31.14400,1910.750,3
23:26:31.44900,1910.750,12
23:26:32.23000,1910.750,3
23:26:35.33500,1910.750,12
23:26:36.62800,1911.000,2
23:26:37.78900,1910.750,12
23:26:38.33200,1910.500,3
23:26:41.35100,1910.500,3
23:26:42.71400,1910.750,1
23:26:44.49200,1910.750,10
23:26:47.80400,1910.500,15
23:26:54.17900,1910.750,2
23:26:54.57800,1910.750,9
23:26:58.33200,1910.750,1
23:27:06.96400,1910.750,2
23:27:07.58200,1911.000,2
23:27:11.87100,1910.750,13
23:27:15.30000,1910.750,8
23:27:20.60100,1910.750,16
23:27:28.59300,1910.750,13
23:27:35.25300,1910.750,8
23:27:35.50700,1910.750,3
23:27:38.72200,1910.750,1
23:27:41.50700,1911.000,1
23:27:43.11700,1911.000,1
23:27:44.18300,1910.750,1
23:27:44.37100,1910.750,1
23:27:44.56200,1910.750,1
23:27:53.47200,1911.000,1
23:27:56.16000,1911.000,2
23:28:04.23000,1911.000,5
23:28:05.76900,1911.000,22
23:28:08.60100,1911.000,5
23:28:09.16400,1911.000,10
23:28:13.07400,1911.000,1
23:28:13.68700,1911.000,1
23:28:14.65200,1911.000,22
23:28:15.58200,1911.000,1
23:28:17.30400,1911.000,1
23:28:21.93700,1911.000,1
23:28:23.97200,1911.000,1
23:28:25.34300,1910.750,2
23:28:31.47600,1910.750,1
23:28:39.27300,1911.000,16
23:28:40.36300,1910.750,1
23:28:45.30400,1911.000,1
23:28:46.90200,1911.000,1
23:28:47.40600,1911.250,136
23:28:49.27700,1911.250,4
23:28:49.46400,1911.250,2
23:28:50.64400,1911.250,1
23:28:51.26100,1911.000,6
23:28:58.89000,1911.000,1
23:29:00.65200,1910.750,14
23:29:05.20700,1911.000,1
23:29:07.29600,1911.000,6
23:29:08.08500,1911.000,1
23:29:10.26500,1911.000,9
23:29:23.50300,1911.000,1
23:29:50.00300,1911.250,1
23:29:50.97200,1911.000,12
23:29:54.09700,1911.000,1
23:29:54.74200,1911.000,5
23:30:08.50700,1911.000,89
23:30:13.76100,1911.000,6
23:30:16.85900,1911.000,6
23:30:17.64400,1910.750,14
23:30:18.33200,1910.750,4
23:30:36.93700,1911.000,5
23:30:40.04200,1911.000,1
23:30:45.74600,1910.750,26
23:30:49.26100,1910.750,1
23:30:50.01500,1910.750,1
23:30:53.92100,1910.750,1
23:30:57.37100,1910.750,1
23:30:58.13600,1910.750,2
23:31:02.75300,1910.750,18
23:31:06.55000,1910.750,1
23:31:07.00700,1910.750,4
23:31:14.12500,1910.750,1
23:31:14.43700,1910.500,1
23:31:23.01900,1910.500,6
23:31:24.21000,1910.500,1
23:31:24.51900,1910.500,9
23:31:26.35100,1910.500,9
23:31:30.71800,1910.500,13
23:31:32.75000,1910.250,3
23:31:33.32800,1910.500,1
23:31:35.48400,1910.250,1
23:31:36.65200,1910.500,1
23:31:45.58500,1910.500,1
23:31:47.16700,1910.250,12
23:31:47.41400,1910.000,5
23:31:49.84700,1910.000,5
23:31:50.36300,1910.000,5
23:31:51.22200,1910.000,1
23:31:51.75000,1910.000,1
23:31:51.91700,1910.000,1
23:31:56.32000,1910.000,1
23:31:58.25300,1910.250,18
23:31:58.67100,1910.250,1
23:32:07.61300,1910.250,3
23:32:17.84700,1910.250,5
23:32:20.54600,1910.250,1
23:32:35.79600,1910.000,68
23:32:39.33500,1910.000,2
23:32:42.90600,1910.000,1
23:32:45.94500,1910.250,1
23:32:51.71800,1910.250,1
23:32:56.63600,1910.250,1
23:32:58.65200,1910.250,5
23:32:59.68700,1910.250,5
23:33:04.57400,1910.000,6
23:33:11.96000,1910.250,4
23:33:14.35100,1910.250,2
23:33:19.75700,1910.000,10
23:33:30.91000,1910.000,1
23:33:33.78900,1910.000,23
23:33:35.09700,1910.000,4
23:33:38.29600,1909.750,5
23:33:40.46400,1910.000,1
23:33:41.83900,1909.750,1
23:33:44.16000,1909.750,4
23:33:45.04600,1910.000,2
23:33:48.21400,1910.000,10
23:33:48.89400,1910.000,1
23:33:49.79600,1910.000,14
23:33:52.40600,1910.000,1
23:33:55.10500,1910.250,21
23:33:56.76900,1910.000,5
23:33:59.14000,1910.000,1
23:34:06.68300,1910.000,14
23:34:08.85900,1909.750,1
23:34:11.94900,1909.750,1
23:34:13.97200,1909.750,75
23:34:20.21400,1909.500,38
23:34:20.90200,1909.500,1
23:34:27.80400,1909.750,12
23:34:28.81600,1909.500,2
23:34:33.10100,1909.500,4
23:34:40.01100,1909.500,28
23:34:41.81600,1909.500,15
23:34:45.59300,1909.500,2
23:34:49.66000,1909.500,2
23:34:51.87500,1909.500,6
23:34:55.65200,1909.250,2
23:34:59.95700,1909.750,1
23:35:00.26100,1910.000,20
23:35:06.81600,1909.750,1
23:35:07.12100,1909.750,4
23:35:09.80800,1909.750,1
23:35:11.17900,1909.750,2
23:35:16.84700,1909.750,1
23:35:18.03500,1909.750,3
23:35:20.74200,1910.000,1
23:35:24.69900,1910.000,1
23:35:27.43300,1909.750,6
23:35:28.62800,1909.750,23
23:35:30.68300,1909.750,11
23:35:40.76100,1909.750,32
23:35:44.15600,1909.750,1
23:35:57.00700,1909.750,20
23:36:07.17100,1910.000,3
23:36:09.53100,1909.750,43
23:36:11.74600,1910.000,1
23:36:14.32800,1909.750,2
23:36:15.41400,1909.750,1
23:36:20.03100,1909.750,1
23:36:24.87500,1910.000,1
23:36:27.46800,1909.750,1
23:36:29.22600,1909.750,1
23:36:29.55000,1909.750,20
23:36:40.81200,1910.000,1
23:36:48.18700,1909.750,23
23:36:53.17900,1909.750,4
23:36:53.33900,1909.750,2
23:36:55.32000,1910.000,1
23:36:58.26900,1910.000,1
23:37:03.10900,1909.750,5
23:37:07.58500,1909.750,3
23:37:07.66700,1909.750,17
23:37:07.87500,1909.750,2
23:37:09.42900,1909.750,11
23:37:12.82800,1909.750,1
23:37:14.26100,1910.000,2
23:37:15.64800,1909.750,1
23:37:17.34700,1909.750,2
23:37:18.00000,1909.750,1
23:37:21.53500,1909.750,1
23:37:30.45300,1909.750,1
23:37:33.21000,1909.750,2
23:37:34.35500,1910.000,1
23:37:45.90600,1909.750,1
23:37:47.23800,1909.750,2
23:37:48.38200,1909.750,1
23:37:49.27300,1909.750,1
23:37:59.74600,1909.750,1
23:38:10.89400,1909.750,2
23:38:26.31600,1909.750,2
23:38:28.46000,1910.000,3
23:38:36.26900,1910.000,1
23:38:37.92100,1910.000,1
23:38:40.75000,1909.750,23
23:38:44.31200,1910.000,1
23:38:48.00300,1909.750,5
23:38:50.07800,1909.750,1
23:38:54.87500,1910.000,1
23:38:55.38600,1910.000,1
23:39:08.42500,1909.500,5
23:39:10.78500,1909.500,1
23:39:17.41700,1909.500,1
23:39:17.56200,1909.500,1
23:39:20.63200,1909.500,20
23:39:21.02700,1909.500,6
23:39:28.79600,1909.750,8
23:39:30.64800,1909.500,3
23:39:33.08200,1909.750,2
23:39:35.64400,1909.750,12
23:39:36.60100,1910.000,2
23:39:38.42900,1909.750,4
23:39:41.58900,1909.750,1
23:39:51.38200,1909.750,1
23:39:55.22200,1910.000,103
23:39:56.08500,1910.000,1
23:40:06.23400,1910.000,4
23:40:07.37100,1910.000,3
23:40:10.90200,1910.000,112
23:40:12.55000,1910.250,3
23:40:14.21400,1910.250,1
23:40:31.60500,1910.250,64
23:40:33.30800,1910.250,10
23:40:36.29200,1910.250,6
23:40:39.12800,1910.500,3
23:40:39.70700,1910.500,8
23:40:43.67500,1910.250,10
23:40:47.20300,1910.500,1
23:40:49.92500,1910.250,1
23:40:52.85100,1910.250,3
23:40:54.60500,1910.500,1
23:40:57.75300,1910.500,2
23:41:07.02300,1910.500,3
23:41:07.52700,1910.500,51
23:41:08.26100,1910.500,2
23:41:08.60500,1910.500,1
23:41:09.26900,1910.750,1
23:41:12.65200,1910.500,1
23:41:14.83500,1910.500,1
23:41:15.16000,1910.500,18
23:41:15.89400,1910.500,2
23:41:17.42500,1910.500,3
23:41:17.78500,1910.500,11
23:41:24.72600,1910.500,18
23:41:33.79600,1910.500,25
23:41:34.90200,1910.500,1
23:41:36.08500,1910.500,10
23:41:37.06600,1910.500,2
23:41:43.13600,1910.500,12
23:41:48.02700,1910.500,2
23:41:57.30000,1910.500,1
23:41:57.92100,1910.500,16
23:41:59.28500,1910.500,7
23:42:11.74200,1910.500,4
23:42:13.18300,1910.250,1
23:42:16.07800,1910.500,1
23:42:17.66700,1910.500,2
23:42:26.84300,1910.250,19
23:42:27.44900,1910.250,1
23:42:31.31200,1910.000,3
23:42:32.38600,1910.250,1
23:42:37.65200,1910.500,2
23:42:38.71400,1910.250,1
23:42:44.39000,1910.250,1
23:42:44.71400,1910.250,2
23:42:49.48000,1910.250,1
23:42:49.73000,1910.500,1
23:42:54.68300,1910.250,10
23:43:04.31600,1910.500,116
23:43:09.14400,1910.500,1
23:43:10.43700,1910.750,2
23:43:12.03500,1910.500,1
23:43:13.41000,1910.500,1
23:43:19.35100,1910.500,14
23:43:28.07800,1910.500,19
23:43:31.14400,1910.500,1
23:43:32.08900,1910.500,4
23:43:33.22600,1910.500,1
23:43:33.42500,1910.500,1
23:43:58.27700,1910.500,1
23:44:10.14800,1910.500,2
23:44:11.85900,1910.500,2
23:44:15.40600,1910.500,1
23:44:17.71800,1910.500,4
23:44:30.27700,1910.750,37
23:44:36.15200,1910.750,1
23:44:44.81200,1911.000,3
23:44:46.08200,1910.750,2
23:44:52.94500,1911.000,1
23:44:57.79200,1910.750,46
23:45:03.54600,1910.750,11
23:45:09.12800,1910.750,1
23:45:13.47600,1910.750,2
23:45:27.24600,1910.500,1
23:45:28.17500,1910.750,1
23:45:28.49200,1910.750,1
23:45:30.75300,1910.500,3
23:45:31.91700,1910.500,25
23:45:32.01500,1910.500,1
23:45:33.00300,1910.500,6
23:45:36.41000,1910.500,1
23:45:42.24200,1910.500,1
23:45:43.07800,1910.500,2
23:45:52.32400,1910.500,1
23:46:12.78500,1910.500,31
23:46:16.71000,1910.750,1
23:46:24.71800,1910.750,1
23:46:27.61700,1910.750,31
23:46:29.68300,1911.000,1
23:46:39.95300,1911.000,5
23:46:45.27300,1911.000,1
23:46:51.30000,1910.750,15
23:47:23.64800,1910.750,15
23:47:26.12100,1910.500,21
23:47:27.68700,1910.500,2
23:47:28.66000,1910.500,38
23:47:35.10900,1910.750,4
23:47:40.65200,1910.500,3
23:47:55.10900,1910.500,5
23:48:18.33900,1910.750,32
23:48:23.33900,1910.750,1
23:48:23.94100,1911.000,1
23:48:40.60100,1910.750,8
23:48:42.09700,1910.750,1
23:49:00.91700,1910.750,7
23:49:01.16000,1910.750,1
23:49:04.13200,1910.750,1
23:49:27.18700,1911.000,1
23:49:30.12500,1910.750,4
23:49:44.18700,1910.750,1
23:49:56.11700,1910.750,1
23:50:11.95700,1910.750,4
23:50:15.90600,1910.750,2
23:50:20.78900,1910.750,30
23:50:32.19500,1910.750,13
23:50:36.11300,1910.750,3
23:50:38.07000,1910.750,2
23:50:41.78900,1910.750,5
23:50:45.68700,1911.000,3
23:50:46.10100,1910.750,7
23:50:53.69900,1910.500,4
23:50:54.52700,1910.500,10
23:51:02.40200,1910.500,2
23:51:03.17900,1910.500,1
23:51:03.71000,1910.750,2
23:51:03.90200,1910.500,1
23:51:06.61300,1910.500,1
23:51:19.72600,1910.750,1
23:51:30.49600,1910.500,1
23:51:34.55800,1910.750,4
23:51:48.62100,1910.750,1
23:51:51.47600,1910.750,1
23:51:55.91000,1910.750,1
23:52:18.42100,1910.750,25
23:52:24.50300,1910.750,1
23:52:33.41400,1910.500,5
23:52:40.73800,1910.500,1
23:52:43.63600,1910.500,2
23:52:44.62500,1910.500,1
23:53:12.61700,1910.750,20
23:53:18.39800,1910.750,5
23:53:18.80400,1910.750,1
23:53:19.14000,1910.750,1
23:53:28.92900,1910.750,22
23:53:29.58500,1910.750,1
23:53:29.80000,1910.750,1
23:53:38.19100,1910.750,1
23:53:42.32400,1910.750,1
23:54:13.17900,1911.000,3
23:54:15.51500,1911.000,1
23:54:22.11700,1911.000,1
23:54:25.95700,1911.000,1
23:54:37.74600,1911.000,78
23:54:38.08200,1911.250,48
23:54:38.32800,1911.250,2
23:54:39.94500,1911.250,1
23:54:43.75300,1911.500,5
23:54:44.64800,1911.500,47
23:54:45.75700,1911.500,20
23:54:49.64800,1911.500,1
23:54:59.80000,1912.000,24
23:54:59.87800,1912.000,1
23:55:00.50000,1911.750,3
23:55:03.76500,1911.750,1
23:55:05.37500,1912.000,4
23:55:06.53500,1911.750,1
23:55:07.29200,1911.750,8
23:55:07.77700,1911.750,5
23:55:08.59300,1911.750,2
23:55:09.56600,1911.750,2
23:55:10.30800,1911.750,1
23:55:14.16700,1912.000,2
23:55:14.84300,1911.750,7
23:55:17.12800,1911.750,21
23:55:19.73000,1911.500,7
23:55:21.54600,1911.500,2
23:55:24.10900,1911.500,9
23:55:24.55000,1911.500,4
23:55:26.14400,1911.500,1
23:55:28.43300,1911.250,4
23:55:34.81200,1911.500,1
23:55:35.25000,1911.500,1
23:55:39.65600,1911.500,1
23:55:43.32400,1911.750,1
23:55:45.48800,1911.500,3
23:55:49.09700,1911.500,8
23:55:50.53100,1911.250,1
23:55:52.48000,1911.500,1
23:55:55.00700,1911.500,8
23:55:57.73400,1911.500,10
23:56:01.47200,1911.500,2
23:56:05.33200,1911.500,4
23:56:05.83500,1911.500,1
23:56:09.32400,1911.500,1
23:56:10.95700,1911.500,2
23:56:22.17500,1911.750,17
23:56:22.36300,1911.750,1
23:56:22.77700,1912.000,1
23:56:26.46000,1911.750,9
23:56:29.01900,1912.000,4
23:56:35.18700,1912.000,2
23:56:43.87100,1911.750,2
23:56:48.39800,1911.750,11
23:56:48.86700,1911.750,3
23:56:51.17100,1911.750,5
23:56:52.10100,1911.750,1
23:56:54.50300,1911.750,1
23:56:55.95700,1912.000,1
23:56:59.83500,1911.750,3
23:57:03.12800,1911.750,18
23:57:06.12100,1911.750,11
23:57:08.01900,1911.750,4
23:57:11.30400,1911.750,1
23:57:14.61300,1911.750,2
23:57:16.44100,1911.750,13
23:57:25.12500,1911.750,2
23:57:30.14000,1911.500,1
23:57:36.69500,1911.500,1
23:57:38.07800,1911.750,1
23:57:39.44900,1911.500,1
23:57:39.72200,1911.750,1
23:57:39.91000,1911.500,5
23:57:42.67500,1911.500,40
23:57:49.73000,1911.500,1
23:57:51.71400,1911.750,4
23:57:53.21400,1911.750,1
23:57:55.11700,1911.500,1
23:58:03.34300,1911.500,2
23:58:11.34700,1911.500,22
23:58:17.37800,1911.500,5
23:58:19.63600,1911.500,3
23:58:22.49600,1911.500,1
23:58:30.30400,1911.500,2
23:58:41.97200,1911.500,1
23:58:43.63200,1911.500,1
23:58:45.73000,1911.500,1
23:58:56.12500,1911.500,1
23:59:05.74600,1911.250,4
23:59:10.88600,1911.500,1
23:59:12.44500,1911.500,30
23:59:15.83500,1911.500,20
23:59:16.29600,1911.500,18
23:59:20.59300,1911.500,6
23:59:34.93300,1911.250,1
23:59:41.64800,1911.500,2
23:59:42.92100,1911.250,1
23:59:54.44900,1911.500,31
23:59:57.44500,1911.750,7
