03:00:00.10900,1925.250,0
03:00:00.22200,1925.250,11
03:00:00.30000,1925.500,5
03:00:00.54200,1925.500,77
03:00:00.70300,1925.500,1
03:00:00.76100,1925.750,1
03:00:01.26900,1925.500,26
03:00:01.42500,1925.500,1
03:00:01.83900,1925.500,1
03:00:02.67100,1925.500,2
03:00:03.22200,1925.500,1
03:00:04.10500,1925.750,76
03:00:04.10500,1925.750,48
03:00:04.17900,1925.750,5
03:00:04.43300,1925.750,2
03:00:04.77700,1925.750,15
03:00:05.08900,1926.000,8
03:00:05.27700,1925.750,1
03:00:05.57800,1926.000,19
03:00:05.86700,1926.000,24
03:00:06.00000,1926.000,1
03:00:06.06200,1926.250,9
03:00:06.30000,1926.250,5
03:00:06.44100,1926.250,1
03:00:06.62500,1926.250,1
03:00:06.67900,1926.250,4
03:00:06.78500,1926.250,7
03:00:06.96800,1926.250,64
03:00:07.10100,1926.500,56
03:00:07.19500,1926.500,2
03:00:07.39800,1926.500,2
03:00:08.15600,1926.500,4
03:00:09.39400,1926.500,32
03:00:09.62500,1926.500,21
03:00:09.75700,1926.750,3
03:00:10.10900,1926.500,5
03:00:10.26900,1926.500,14
03:00:10.60500,1926.750,4
03:00:11.15600,1926.500,2
03:00:11.44900,1926.750,2
03:00:11.53900,1926.250,124
03:00:11.54200,1926.250,5
03:00:11.95700,1926.500,1
03:00:12.36300,1926.500,5
03:00:12.50300,1926.500,1
03:00:13.44100,1926.500,15
03:00:15.06600,1926.250,16
03:00:15.44500,1926.250,41
03:00:15.51500,1926.250,7
03:00:15.68700,1926.250,2
03:00:15.79600,1926.250,16
03:00:15.91700,1926.250,2
03:00:16.13600,1926.250,1
03:00:16.25300,1926.250,8
03:00:16.33500,1926.250,2
03:00:16.68700,1926.250,10
03:00:16.89400,1926.250,1
03:00:17.09300,1926.250,1
03:00:17.16400,1926.250,8
03:00:17.57400,1926.250,2
03:00:17.68700,1926.250,2
03:00:18.14000,1926.000,15
03:00:19.05000,1926.250,1
03:00:19.67100,1925.750,68
03:00:20.37100,1925.750,2
03:00:20.61700,1925.750,27
03:00:20.83900,1925.750,3
03:00:21.23800,1926.000,15
03:00:21.64000,1925.750,1
03:00:22.05800,1925.750,17
03:00:22.19100,1925.750,7
03:00:22.27700,1925.750,11
03:00:22.36300,1926.000,15
03:00:23.05800,1926.000,21
03:00:23.48400,1926.250,121
03:00:23.84700,1926.000,1
03:00:24.55000,1926.000,1
03:00:25.52700,1926.250,2
03:00:26.78900,1926.250,4
03:00:27.41400,1926.250,1
03:00:27.95300,1926.250,1
03:00:28.10500,1926.000,1
03:00:28.85100,1926.000,4
03:00:30.02700,1926.000,12
03:00:30.28100,1925.750,17
03:00:30.48000,1925.500,17
03:00:30.87800,1925.750,1
03:00:31.16700,1925.750,4
03:00:31.42100,1925.750,32
03:00:31.83500,1926.000,7
03:00:32.34700,1926.000,10
03:00:32.91000,1926.000,5
03:00:35.32400,1926.000,63
03:00:36.35500,1926.250,1
03:00:36.48800,1926.250,15
03:00:38.26100,1926.250,12
03:00:38.68700,1926.500,2
03:00:39.49200,1926.500,3
03:00:40.28500,1926.500,1
03:00:40.72200,1926.250,5
03:00:41.71000,1926.250,1
03:00:41.93700,1926.250,2
03:00:42.28100,1926.500,14
03:00:43.61700,1926.750,1
03:00:44.45700,1926.750,1
03:00:44.77300,1926.500,33
03:00:44.92900,1926.500,35
03:00:45.33200,1926.500,15
03:00:45.43700,1926.250,1
03:00:45.62500,1926.500,1
03:00:45.71800,1926.500,11
03:00:45.85500,1926.500,3
03:00:46.58500,1926.500,1
03:00:47.43300,1926.250,1
03:00:47.66400,1926.500,1
03:00:48.62100,1926.500,8
03:00:49.39400,1926.500,14
03:00:49.46800,1926.500,2
03:00:49.61300,1926.500,1
03:00:49.96800,1926.750,8
03:00:52.44900,1926.500,1
03:00:52.62800,1926.500,25
03:00:52.82800,1926.500,2
03:00:53.39800,1926.500,6
03:00:54.42100,1926.500,7
03:00:55.56600,1926.500,4
03:00:55.73000,1926.500,1
03:00:56.14000,1926.500,26
03:00:57.70300,1926.500,39
03:00:58.68700,1926.750,49
03:00:59.45300,1926.750,64
03:01:00.28900,1927.000,91
03:01:00.57000,1926.750,2
03:01:00.67900,1927.000,12
03:01:00.74600,1927.000,2
03:01:02.00300,1926.750,28
03:01:02.03500,1926.750,18
03:01:02.20300,1926.750,5
03:01:02.55000,1926.750,7
03:01:03.39800,1927.000,32
03:01:03.76500,1927.250,7
03:01:04.08200,1927.250,2
03:01:04.72200,1927.250,22
03:01:05.21800,1927.250,1
03:01:05.23400,1927.250,2
03:01:06.27300,1927.500,105
03:01:06.32400,1927.500,11
03:01:06.58200,1927.750,1
03:01:07.16400,1927.750,2
03:01:07.47200,1927.500,2
03:01:07.75000,1927.750,10
03:01:08.26500,1927.500,12
03:01:08.88600,1927.250,1
03:01:09.03900,1927.250,79
03:01:09.09700,1927.500,3
03:01:09.27300,1927.250,4
03:01:09.53100,1927.250,2
03:01:09.62100,1927.500,2
03:01:10.48000,1927.250,27
03:01:10.75700,1927.250,5
03:01:11.14400,1927.250,24
03:01:11.23800,1927.250,67
03:01:11.70700,1927.250,1
03:01:12.02300,1927.500,109
03:01:12.53900,1927.750,1
03:01:13.26900,1927.500,27
03:01:13.47600,1927.250,4
03:01:14.25700,1927.250,2
03:01:14.39000,1927.500,1
03:01:14.51100,1927.250,16
03:01:15.31600,1927.250,1
03:01:15.85500,1927.250,1
03:01:16.33900,1927.250,3
03:01:17.12800,1927.500,28
03:01:17.93300,1927.250,1
03:01:18.18700,1927.250,1
03:01:18.32000,1927.500,10
03:01:18.55000,1927.500,3
03:01:19.05400,1927.250,2
03:01:19.28500,1927.250,4
03:01:19.83900,1927.500,1
03:01:20.64800,1927.500,15
03:01:21.38200,1927.500,21
03:01:23.10900,1927.500,21
03:01:23.31200,1927.500,30
03:01:23.81200,1927.500,10
03:01:24.85500,1927.250,2
03:01:25.19500,1927.250,2
03:01:25.70700,1927.500,2
03:01:25.87800,1927.500,25
03:01:26.30400,1927.500,1
03:01:26.80400,1927.500,19
03:01:27.36700,1927.500,37
03:01:27.96800,1927.750,11
03:01:28.23000,1927.750,1
03:01:29.70300,1927.750,1
03:01:31.10900,1927.500,10
03:01:31.58900,1927.750,118
03:01:31.85100,1927.500,4
03:01:32.06200,1927.750,13
03:01:32.55400,1927.750,18
03:01:33.14800,1927.750,8
03:01:33.31200,1927.750,2
03:01:33.48400,1927.500,1
03:01:34.38200,1927.500,50
03:01:38.47600,1928.000,85
03:01:38.65200,1927.750,2
03:01:38.66400,1927.750,4
03:01:39.00000,1927.750,2
03:01:40.33500,1928.000,98
03:01:40.87100,1928.250,9
03:01:41.39800,1928.250,89
03:01:41.49200,1928.250,4
03:01:41.73800,1928.250,1
03:01:42.48400,1928.500,6
03:01:43.16000,1928.250,3
03:01:43.91000,1928.250,41
03:01:44.05000,1928.250,1
03:01:44.20700,1928.250,2
03:01:44.52700,1928.250,2
03:01:45.06600,1928.250,7
03:01:46.92100,1928.500,4
03:01:48.22200,1928.500,2
03:01:49.10900,1928.250,5
03:01:49.35100,1928.250,1
03:01:49.67900,1928.500,10
03:01:49.96000,1928.500,2
03:01:50.50300,1928.500,4
03:01:50.71000,1928.500,3
03:01:50.91400,1928.250,35
03:01:51.04600,1928.000,1
03:01:51.33900,1928.250,1
03:01:51.58500,1928.250,5
03:01:51.97200,1928.250,1
03:01:54.19900,1928.250,1
03:01:54.50300,1928.250,1
03:01:55.01900,1928.000,1
03:01:55.93700,1928.250,52
03:01:55.96800,1928.250,2
03:01:56.51100,1928.250,21
03:01:56.79200,1928.250,15
03:01:57.62100,1928.500,1
03:01:58.27700,1928.500,18
03:01:58.78500,1928.250,7
03:01:59.23800,1928.250,1
03:01:59.44500,1928.500,8
03:01:59.83900,1928.500,2
03:02:00.51900,1928.500,5
03:02:00.64800,1928.500,5
03:02:00.91700,1928.250,5
03:02:01.42500,1928.500,1
03:02:01.73400,1928.500,2
03:02:02.24200,1928.250,4
03:02:02.71400,1928.250,57
03:02:02.83900,1928.500,1
03:02:03.09700,1928.250,2
03:02:03.87500,1928.250,1
03:02:04.05800,1928.500,51
03:02:04.44500,1928.250,1
03:02:04.73000,1928.500,1
03:02:05.12100,1928.500,2
03:02:05.25700,1928.500,1
03:02:06.57800,1928.250,1
03:02:07.57800,1928.250,1
03:02:08.00000,1928.500,1
03:02:08.30000,1928.500,4
03:02:09.66400,1928.500,11
03:02:09.90200,1928.500,3
03:02:10.32000,1928.500,5
03:02:10.37500,1928.500,1
03:02:10.68700,1928.500,2
03:02:10.92100,1928.750,1
03:02:11.04200,1928.500,9
03:02:11.21800,1928.500,5
03:02:11.69900,1928.500,2
03:02:12.27300,1928.500,10
03:02:12.50700,1928.500,18
03:02:12.91700,1928.500,7
03:02:13.08500,1928.250,2
03:02:13.27700,1928.500,7
03:02:13.91700,1928.500,15
03:02:14.14000,1928.750,30
03:02:14.88600,1928.500,24
03:02:15.46400,1928.500,2
03:02:15.91400,1928.500,1
03:02:16.17900,1928.250,4
03:02:16.59700,1928.500,4
03:02:17.05000,1928.250,57
03:02:17.42500,1928.250,1
03:02:17.57000,1928.000,4
03:02:17.68700,1928.000,1
03:02:18.26100,1928.250,1
03:02:19.29200,1928.250,2
03:02:20.23800,1928.000,42
03:02:20.57000,1927.750,8
03:02:21.29600,1928.000,10
03:02:21.84700,1927.750,6
03:02:22.50300,1928.000,5
03:02:22.60900,1927.750,3
03:02:24.35900,1927.750,30
03:02:25.31200,1927.750,56
03:02:25.91700,1927.750,15
03:02:27.12100,1927.750,2
03:02:28.28500,1927.750,1
03:02:28.39000,1928.000,1
03:02:30.26900,1927.750,1
03:02:30.44100,1927.750,7
03:02:31.42100,1927.750,34
03:02:31.81200,1927.500,12
03:02:32.33200,1927.750,1
03:02:33.23800,1927.500,47
03:02:34.68300,1927.250,4
03:02:34.96800,1927.500,1
03:02:35.58500,1927.250,6
03:02:36.02700,1927.500,1
03:02:36.35900,1927.250,5
03:02:37.37500,1927.500,1
03:02:38.45300,1927.250,31
03:02:39.55400,1927.250,1
03:02:39.89400,1927.250,1
03:02:40.68300,1927.500,4
03:02:40.87100,1927.500,1
03:02:41.60500,1927.250,1
03:02:41.97200,1927.250,1
03:02:42.53500,1927.250,42
03:02:42.85500,1926.750,36
03:02:42.90200,1927.000,3
03:02:43.57800,1927.000,51
03:02:43.77300,1927.000,4
03:02:44.85100,1927.000,6
03:02:45.26500,1927.000,3
03:02:45.46400,1926.750,1
03:02:45.69900,1926.750,1
03:02:45.89800,1926.750,2
03:02:46.25700,1926.750,36
03:02:47.24200,1926.750,1
03:02:49.02700,1926.500,2
03:02:49.37500,1926.500,5
03:02:50.22200,1926.500,1
03:02:51.82400,1926.750,39
03:02:52.19500,1926.500,38
03:02:52.72600,1926.750,1
03:02:53.17500,1926.500,1
03:02:54.55400,1926.500,6
03:02:55.64000,1926.750,30
03:02:56.32800,1926.750,7
03:02:57.09700,1927.000,17
03:02:58.42900,1927.250,26
03:02:59.82800,1927.250,2
03:03:02.65600,1927.250,52
03:03:02.80400,1927.250,48
03:03:02.95300,1927.250,3
03:03:04.10100,1927.250,17
03:03:04.93700,1927.250,1
03:03:05.11300,1927.250,23
03:03:05.26900,1927.250,1
03:03:06.14000,1927.250,13
03:03:07.80800,1927.250,1
03:03:08.41000,1927.250,1
03:03:09.44500,1927.000,56
03:03:09.61300,1927.000,20
03:03:09.77700,1927.000,1
03:03:10.40200,1927.000,13
03:03:11.67500,1927.000,10
03:03:11.68300,1927.000,1
03:03:13.29600,1927.000,11
03:03:13.37100,1926.750,6
03:03:13.57400,1927.000,10
03:03:14.01100,1926.750,1
03:03:15.51100,1926.750,50
03:03:15.85500,1926.750,1
03:03:17.21400,1926.750,9
03:03:17.58900,1926.500,3
03:03:17.69100,1926.500,18
03:03:18.14800,1926.250,3
03:03:18.31600,1926.500,1
03:03:18.73000,1926.500,41
03:03:19.37500,1927.000,23
03:03:19.74200,1926.750,1
03:03:19.89000,1926.750,5
03:03:20.03900,1927.000,27
03:03:20.24600,1927.000,1
03:03:22.73000,1927.000,8
03:03:23.17900,1927.000,1
03:03:26.52700,1927.000,1
03:03:27.03900,1926.500,126
03:03:27.17100,1926.500,4
03:03:28.52300,1926.500,2
03:03:33.27700,1926.500,24
03:03:33.95700,1926.500,1
03:03:35.43700,1926.000,26
03:03:37.56600,1926.250,1
03:03:37.89400,1926.000,96
03:03:38.47200,1926.000,1
03:03:38.77700,1926.000,1
03:03:38.97200,1926.000,2
03:03:39.64000,1926.000,45
03:03:39.71000,1926.000,2
03:03:40.64000,1926.000,10
03:03:40.88200,1926.000,4
03:03:41.90200,1926.000,1
03:03:42.53900,1926.250,26
03:03:43.19100,1926.250,8
03:03:43.64000,1926.000,1
03:03:44.37800,1926.000,26
03:03:44.67100,1926.250,1
03:03:45.20700,1926.000,9
03:03:45.53500,1926.000,4
03:03:45.56600,1926.000,5
03:03:46.61300,1925.750,14
03:03:47.94500,1925.750,12
03:03:48.26900,1925.750,12
03:03:48.44100,1925.750,1
03:03:48.83200,1925.750,1
03:03:49.60900,1925.750,1
03:03:50.20700,1925.250,38
03:03:50.23800,1925.250,1
03:03:50.31200,1925.250,1
03:03:50.53900,1925.250,27
03:03:50.66700,1925.250,1
03:03:51.53500,1925.500,110
03:03:52.67500,1925.500,2
03:03:53.08900,1925.750,1
03:03:53.71400,1925.500,1
03:03:54.28900,1925.500,1
03:03:54.74600,1925.500,4
03:03:57.47200,1925.500,1
03:03:58.45700,1925.500,1
03:04:00.39400,1926.000,16
03:04:00.86700,1926.000,2
03:04:01.02300,1925.750,5
03:04:01.56600,1925.750,3
03:04:02.64000,1925.750,25
03:04:04.38600,1926.000,9
03:04:06.25300,1925.750,3
03:04:06.59300,1925.750,3
03:04:06.80400,1925.750,8
03:04:07.16400,1925.750,8
03:04:08.31600,1925.500,13
03:04:08.41400,1925.500,2
03:04:08.48800,1925.500,1
03:04:08.69500,1925.500,6
03:04:09.31600,1925.500,1
03:04:11.28500,1925.500,34
03:04:12.35500,1925.500,13
03:04:12.42500,1925.500,17
03:04:12.55400,1925.500,1
03:04:13.18300,1925.500,11
03:04:13.39400,1925.500,2
03:04:13.46800,1925.500,1
03:04:14.07800,1925.750,1
03:04:14.20700,1926.000,4
03:04:15.62100,1926.000,10
03:04:15.80400,1926.000,21
03:04:15.97200,1926.250,1
03:04:16.09300,1926.000,1
03:04:17.35500,1926.000,5
03:04:18.07800,1926.250,8
03:04:19.05400,1926.000,13
03:04:19.32800,1926.000,4
03:04:19.54200,1926.000,3
03:04:20.70300,1925.750,14
03:04:21.97200,1926.000,1
03:04:22.39400,1926.000,7
03:04:23.85900,1926.000,7
03:04:24.04600,1926.000,1
03:04:25.44900,1926.000,5
03:04:26.22600,1926.250,23
03:04:27.08200,1926.500,70
03:04:27.66000,1926.500,1
03:04:28.21400,1926.750,14
03:04:29.15600,1926.750,12
03:04:29.28500,1927.000,1
03:04:29.60500,1926.750,15
03:04:30.88600,1926.500,22
03:04:34.17100,1926.500,25
03:04:36.20300,1926.750,30
03:04:37.34300,1926.750,18
03:04:38.73400,1926.750,3
03:04:39.59300,1926.250,5
03:04:41.74600,1926.250,2
03:04:43.44100,1926.500,1
03:04:45.12500,1926.750,258
03:04:51.62100,1926.750,1
03:04:52.04200,1926.500,12
03:04:55.45700,1926.250,45
03:04:55.70300,1926.250,9
03:04:56.35500,1926.250,4
03:04:56.52300,1926.250,13
03:04:57.38600,1926.500,11
03:04:57.84300,1926.250,1
03:05:00.33500,1926.250,23
03:05:00.44900,1926.250,11
03:05:00.52300,1926.500,1
03:05:00.62800,1926.250,7
03:05:02.18700,1926.250,15
03:05:02.72600,1926.500,11
03:05:03.31200,1926.250,1
03:05:04.46800,1926.500,220
03:05:04.89000,1926.750,2
03:05:05.02300,1926.500,1
03:05:06.01100,1926.500,2
03:05:07.12500,1926.500,2
03:05:07.72200,1926.500,6
03:05:08.19900,1926.750,2
03:05:08.67500,1926.500,18
03:05:08.68700,1926.500,4
03:05:10.24600,1926.250,24
03:05:11.26900,1926.250,10
03:05:11.59700,1926.500,1
03:05:12.93300,1926.750,39
03:05:15.60500,1926.750,29
03:05:15.79200,1927.000,51
03:05:15.83500,1927.250,3
03:05:16.03500,1927.250,40
03:05:16.11700,1927.250,8
03:05:16.33900,1927.000,2
03:05:18.20700,1926.750,3
03:05:18.56200,1926.750,1
03:05:19.80800,1926.750,13
03:05:20.52300,1926.750,14
03:05:20.69100,1926.750,6
03:05:22.52700,1927.000,14
03:05:23.47600,1927.250,9
03:05:24.44100,1927.500,21
03:05:25.53500,1927.500,1
03:05:26.25300,1927.500,5
03:05:26.47600,1927.500,1
03:05:26.52300,1927.250,24
03:05:27.17900,1927.250,57
03:05:27.25700,1927.250,1
03:05:27.58900,1927.250,6
03:05:27.65600,1927.250,2
03:05:27.91000,1927.500,2
03:05:28.10900,1927.500,71
03:05:28.39400,1927.500,1
03:05:28.49200,1927.750,1
03:05:28.76900,1927.500,2
03:05:29.04600,1927.750,1
03:05:29.36700,1927.750,2
03:05:31.14400,1927.750,1
03:05:31.39800,1927.750,1
03:05:32.33500,1927.750,126
03:05:32.50000,1927.750,9
03:05:33.05400,1927.750,15
03:05:33.76900,1927.750,6
03:05:34.61700,1928.000,1
03:05:34.82400,1928.000,1
03:05:35.78900,1928.000,1
03:05:36.78100,1927.750,1
03:05:37.14400,1928.000,48
03:05:37.18300,1928.000,3
03:05:37.37100,1928.000,25
03:05:37.85500,1928.000,8
03:05:38.60100,1928.250,1
03:05:39.35900,1928.250,85
03:05:39.57000,1928.000,10
03:05:39.84700,1928.000,1
03:05:40.38600,1928.000,15
03:05:40.87100,1928.000,1
03:05:41.17900,1927.750,29
03:05:41.38600,1927.750,15
03:05:41.57800,1927.750,1
03:05:42.18700,1927.750,1
03:05:42.40200,1927.750,4
03:05:43.05800,1927.750,7
03:05:43.39800,1927.750,5
03:05:43.67500,1928.000,3
03:05:45.04200,1927.750,1
03:05:45.23400,1927.750,5
03:05:46.30400,1927.500,6
03:05:46.92900,1927.500,1
03:05:48.36700,1927.750,20
03:05:48.47600,1927.750,1
03:05:48.65600,1927.750,4
03:05:49.47200,1927.750,1
03:05:49.96800,1927.500,96
03:05:50.05800,1927.500,5
03:05:51.92500,1927.500,1
03:05:53.13200,1927.500,19
03:05:53.86300,1927.500,1
03:05:55.25700,1927.500,12
03:05:55.75000,1927.500,14
03:05:55.96000,1927.500,8
03:05:57.48000,1927.500,1
03:05:59.06600,1927.250,49
03:06:01.15200,1927.000,41
03:06:01.17500,1927.000,1
03:06:02.14400,1927.000,5
03:06:03.41700,1927.000,10
03:06:04.15600,1927.000,31
03:06:04.21000,1926.750,1
03:06:05.25700,1927.000,3
03:06:07.62800,1927.000,111
03:06:08.39000,1927.000,57
03:06:08.85500,1927.000,40
03:06:09.12500,1927.000,5
03:06:09.64000,1927.000,1
03:06:11.11700,1927.000,2
03:06:11.71400,1927.000,5
03:06:12.10100,1927.000,1
03:06:14.71400,1927.250,52
03:06:14.84700,1927.250,2
03:06:15.87500,1927.000,1
03:06:16.23800,1926.750,13
03:06:17.82000,1926.750,15
03:06:19.07000,1926.500,2
03:06:19.30000,1926.500,94
03:06:19.57400,1926.500,5
03:06:19.78900,1926.250,46
03:06:20.50000,1926.000,27
03:06:20.62800,1926.000,2
03:06:21.69100,1926.250,1
03:06:23.87800,1926.000,23
03:06:24.24200,1926.000,26
03:06:24.58200,1926.000,1
03:06:25.05000,1926.000,1
03:06:25.57800,1925.750,2
03:06:26.05800,1926.000,6
03:06:26.42100,1926.000,39
03:06:27.10900,1926.000,9
03:06:27.33200,1925.750,8
03:06:27.38200,1925.750,3
03:06:27.46400,1926.000,1
03:06:28.11700,1925.750,7
03:06:28.16700,1925.750,3
03:06:29.73000,1925.750,25
03:06:30.26100,1925.750,6
03:06:30.57000,1925.750,1
03:06:31.23800,1925.750,8
03:06:32.11300,1925.500,29
03:06:32.45700,1925.500,2
03:06:32.61300,1925.500,2
03:06:33.63600,1925.500,15
03:06:34.69100,1925.750,14
03:06:35.04200,1925.750,15
03:06:36.00300,1925.500,3
03:06:36.78500,1925.500,13
03:06:38.04200,1925.500,1
03:06:38.42500,1925.500,2
03:06:39.42500,1925.500,18
03:06:40.20700,1925.500,16
03:06:40.45300,1925.500,5
03:06:40.83500,1925.500,1
03:06:41.42500,1925.250,25
03:06:44.05000,1925.250,2
03:06:45.53900,1925.250,25
03:06:46.19500,1925.250,1
03:06:46.40200,1925.500,14
03:06:46.55400,1925.500,10
03:06:47.48800,1925.500,7
03:06:48.14800,1925.750,52
03:06:48.57800,1925.500,1
03:06:49.63200,1925.750,35
03:06:49.68700,1925.750,3
03:06:50.08900,1926.000,17
03:06:50.18700,1926.000,4
03:06:50.21000,1926.250,14
03:06:50.68300,1926.000,26
03:06:51.08200,1926.250,1
03:06:51.87800,1926.000,8
03:06:52.96400,1926.000,1
03:06:53.71800,1926.250,20
03:06:53.94100,1926.500,5
03:06:54.01500,1926.250,11
03:06:54.11700,1926.500,1
03:06:54.26900,1926.500,6
03:06:55.28100,1926.500,4
03:06:55.46400,1926.500,1
03:06:56.26900,1926.500,1
03:06:56.57800,1926.500,9
03:06:56.89000,1926.500,7
03:06:57.55400,1926.500,16
03:06:58.28500,1926.500,3
03:06:59.22600,1926.500,10
03:06:59.30000,1926.500,1
03:06:59.91000,1926.500,4
03:07:00.23400,1926.500,29
03:07:01.14800,1926.500,1
03:07:01.33500,1926.750,4
03:07:01.81200,1926.750,1
03:07:03.11300,1926.500,67
03:07:03.21800,1926.500,4
03:07:03.32000,1926.250,67
03:07:03.53900,1926.250,15
03:07:05.14800,1926.250,11
03:07:05.71400,1926.250,2
03:07:07.69500,1926.250,1
03:07:08.05000,1926.500,4
03:07:08.36700,1926.500,11
03:07:08.42100,1926.500,3
03:07:08.81200,1926.500,11
03:07:09.56200,1926.500,6
03:07:11.78500,1926.500,1
03:07:12.44100,1926.750,22
03:07:12.62800,1926.750,3
03:07:12.86700,1926.750,2
03:07:13.56600,1926.500,35
03:07:14.52700,1926.250,86
03:07:16.10100,1926.250,33
03:07:16.41000,1926.500,1
03:07:17.01900,1926.500,25
03:07:17.11300,1926.500,8
03:07:17.72600,1926.250,2
03:07:18.20300,1926.250,20
03:07:18.49600,1926.250,11
03:07:18.64400,1926.250,1
03:07:19.57000,1926.250,20
03:07:20.31600,1926.250,2
03:07:21.11700,1926.250,1
03:07:21.86300,1926.250,26
03:07:23.23800,1926.000,2
03:07:23.51900,1926.000,54
03:07:23.62100,1925.750,4
03:07:23.64400,1925.750,20
03:07:23.67100,1925.750,1
03:07:24.35100,1926.000,19
03:07:24.85900,1926.000,16
03:07:26.17500,1925.750,54
03:07:26.72600,1925.500,2
03:07:28.37500,1925.500,5
03:07:28.75000,1925.750,19
03:07:29.47600,1925.750,1
03:07:29.94500,1925.750,38
03:07:30.40600,1925.750,1
03:07:31.11300,1926.000,10
03:07:32.96800,1926.000,23
03:07:33.07400,1926.250,5
03:07:33.32400,1926.250,2
03:07:34.53500,1926.250,16
03:07:34.91700,1926.000,4
03:07:36.23400,1926.000,47
03:07:36.42500,1926.000,3
03:07:37.38200,1925.750,27
03:07:37.45300,1926.000,10
03:07:37.64800,1926.000,1
03:07:38.32800,1926.000,3
03:07:40.03500,1926.250,51
03:07:41.02300,1926.250,38
03:07:41.42100,1926.250,5
03:07:42.69100,1926.250,10
03:07:42.92100,1926.500,27
03:07:43.20300,1926.500,22
03:07:44.45700,1926.500,1
03:07:44.84300,1926.750,21
03:07:45.23000,1926.750,4
03:07:46.35500,1927.250,34
03:07:46.69500,1927.250,2
03:07:46.94900,1927.250,2
03:07:47.85500,1927.250,1
03:07:48.74200,1927.250,1
03:07:49.00700,1927.000,43
03:07:49.29200,1927.000,3
03:07:50.96000,1926.750,88
03:07:51.13600,1926.750,3
03:07:52.28100,1926.500,46
03:07:52.62100,1926.500,17
03:07:54.43700,1926.500,4
03:07:56.57400,1926.250,90
03:07:56.70700,1926.250,2
03:07:58.07400,1926.250,7
03:07:58.11700,1926.250,8
03:07:59.25700,1926.250,2
03:08:02.87100,1926.000,55
03:08:02.89800,1925.750,1
03:08:03.20300,1926.000,9
03:08:04.02300,1926.000,1
03:08:04.73000,1925.750,72
03:08:06.30000,1926.000,36
03:08:06.36300,1926.000,4
03:08:06.81200,1926.000,4
03:08:07.26100,1926.000,2
03:08:08.20700,1926.250,18
03:08:09.22200,1926.250,12
03:08:09.72600,1926.000,1
03:08:10.17900,1926.250,10
03:08:12.54600,1926.000,10
03:08:15.16700,1926.000,2
03:08:15.39400,1926.000,4
03:08:15.83200,1926.000,14
03:08:17.95300,1926.250,12
03:08:19.10500,1926.250,8
03:08:19.62100,1926.000,5
03:08:19.96400,1926.000,1
03:08:23.34700,1926.250,1
03:08:23.92100,1926.000,21
03:08:24.75000,1926.000,6
03:08:24.90600,1926.250,1
03:08:25.14800,1926.250,3
03:08:26.67500,1926.250,42
03:08:27.78900,1926.000,49
03:08:27.92100,1926.000,3
03:08:32.25000,1926.250,2
03:08:32.42900,1926.000,1
03:08:32.87500,1926.250,3
03:08:32.94500,1926.250,4
03:08:33.64400,1926.250,1
03:08:34.00000,1926.500,16
03:08:34.41700,1926.500,19
03:08:35.03900,1926.500,4
03:08:35.43700,1926.500,16
03:08:35.77700,1926.750,3
03:08:36.01100,1926.750,4
03:08:36.32000,1926.500,7
03:08:37.66000,1926.750,39
03:08:43.27700,1927.000,19
03:08:43.62800,1927.000,40
03:08:44.55000,1927.250,10
03:08:44.82400,1927.250,1
03:08:45.19500,1927.250,1
03:08:47.02300,1927.500,36
03:08:47.14400,1927.750,1
03:08:47.33500,1927.500,1
03:08:47.67500,1927.500,19
03:08:47.84700,1927.500,5
03:08:48.21000,1927.750,2
03:08:49.87500,1927.500,1
03:08:51.16000,1927.500,1
03:08:51.28900,1927.500,3
03:08:51.37500,1927.500,1
03:08:51.89000,1927.500,15
03:08:52.91700,1927.500,1
03:08:53.25300,1927.500,15
03:08:54.00300,1927.500,2
03:08:54.35500,1927.500,2
03:08:54.69100,1927.500,3
03:08:56.92900,1927.500,4
03:08:56.96000,1927.500,3
03:08:58.75700,1927.250,1
03:09:00.20700,1927.500,11
03:09:00.48800,1927.250,4
03:09:01.37500,1927.500,1
03:09:02.41000,1927.250,57
03:09:02.49600,1927.250,1
03:09:02.59300,1927.250,6
03:09:03.15600,1927.500,16
03:09:03.83900,1927.500,1
03:09:04.46000,1927.500,56
03:09:06.05400,1927.250,13
03:09:06.24200,1927.250,5
03:09:06.71000,1927.250,16
03:09:07.04200,1927.500,6
03:09:07.93700,1927.500,10
03:09:09.48000,1927.500,1
03:09:10.50700,1927.500,10
03:09:11.06600,1927.250,8
03:09:13.08900,1927.250,19
03:09:13.15600,1927.250,5
03:09:13.62100,1927.500,20
03:09:13.84300,1927.250,1
03:09:14.89400,1927.250,2
03:09:15.45700,1927.500,20
03:09:16.86700,1927.250,36
03:09:17.45700,1927.250,6
03:09:18.13200,1927.500,12
03:09:18.17100,1927.500,2
03:09:18.65600,1927.500,2
03:09:19.06200,1927.250,21
03:09:19.45700,1927.250,1
03:09:21.05400,1927.250,5
03:09:22.58200,1927.250,2
03:09:22.89400,1927.250,12
03:09:23.71000,1927.250,5
03:09:24.37800,1927.250,8
03:09:25.62500,1927.000,2
03:09:25.80800,1927.000,28
03:09:25.88200,1927.000,2
03:09:26.83200,1927.250,23
03:09:27.21000,1927.250,1
03:09:27.35100,1927.500,13
03:09:27.57400,1927.500,1
03:09:27.83200,1927.500,8
03:09:28.23000,1927.750,1
03:09:28.37800,1927.500,7
03:09:30.62800,1927.250,12
03:09:30.79600,1927.250,6
03:09:31.41700,1927.250,4
03:09:31.71000,1927.000,2
03:09:32.39400,1927.000,1
03:09:33.19900,1927.250,14
03:09:33.74600,1927.500,2
03:09:35.00700,1927.500,27
03:09:35.13600,1927.500,11
03:09:36.52700,1927.750,86
03:09:36.64800,1927.750,27
03:09:37.24600,1927.750,6
03:09:37.46000,1927.500,1
03:09:38.15600,1927.500,1
03:09:39.21400,1927.750,8
03:09:39.37500,1928.000,2
03:09:40.79600,1927.750,6
03:09:41.26900,1927.500,67
03:09:41.57400,1927.750,35
03:09:42.13200,1927.750,13
03:09:42.57000,1927.500,20
03:09:44.37500,1927.750,10
03:09:44.85100,1928.250,53
03:09:45.11300,1928.250,1
03:09:45.53500,1928.000,15
03:09:45.77700,1928.250,1
03:09:45.91700,1928.000,3
03:09:47.46400,1928.000,2
03:09:48.51100,1927.750,5
03:09:48.55400,1927.750,5
03:09:48.72200,1927.750,37
03:09:49.37800,1927.750,1
03:09:50.00700,1927.500,3
03:09:51.07400,1927.750,7
03:09:52.53100,1928.000,1
03:09:52.90600,1927.750,2
03:09:53.10500,1927.750,3
03:09:53.52700,1927.500,38
03:09:54.57400,1927.500,12
03:09:56.82400,1927.500,26
03:09:57.07000,1927.500,2
03:09:58.55000,1927.250,8
03:09:59.27300,1927.250,1
03:10:00.30000,1927.250,33
03:10:01.09300,1927.000,14
03:10:01.17500,1927.000,2
03:10:01.68300,1927.000,4
03:10:01.90200,1927.000,6
03:10:02.47200,1927.000,1
03:10:05.03100,1926.750,31
03:10:06.56600,1926.500,1
03:10:07.36300,1926.750,10
03:10:09.00300,1926.750,2
03:10:10.33900,1927.000,1
03:10:10.67900,1927.000,7
03:10:10.88200,1927.000,7
03:10:11.25300,1927.000,1
03:10:11.57400,1927.000,2
03:10:12.41400,1927.000,3
03:10:15.73400,1926.750,11
03:10:17.19500,1926.500,4
03:10:17.37500,1926.500,4
03:10:17.83900,1926.750,5
03:10:19.18300,1926.750,9
03:10:20.33500,1926.750,3
03:10:20.60500,1927.000,29
03:10:22.94500,1927.250,24
03:10:23.05800,1927.250,7
03:10:23.35500,1927.000,28
03:10:23.56200,1927.000,1
03:10:23.87800,1926.750,5
03:10:24.55800,1927.000,5
03:10:26.21800,1927.000,39
03:10:26.50000,1927.000,7
03:10:27.75300,1927.000,1
03:10:28.33200,1927.000,13
03:10:30.86700,1926.750,5
03:10:32.23400,1926.500,16
03:10:32.46400,1926.750,1
03:10:33.30800,1926.750,3
03:10:34.40200,1926.750,5
03:10:35.88200,1926.750,2
03:10:36.48400,1926.750,13
03:10:36.92500,1926.750,13
03:10:37.35900,1926.750,7
03:10:37.45700,1926.750,4
03:10:38.41000,1926.750,5
03:10:38.73800,1926.750,3
03:10:39.16000,1926.750,11
03:10:40.51500,1926.750,6
03:10:41.87500,1926.750,18
03:10:41.91700,1926.750,10
03:10:43.97200,1926.500,4
03:10:44.57400,1926.500,10
03:10:44.78500,1926.500,3
03:10:45.31600,1926.500,5
03:10:46.55400,1926.500,13
03:10:47.25000,1926.500,2
03:10:47.96800,1926.500,1
03:10:48.39400,1926.000,26
03:10:48.93700,1926.250,11
03:10:49.59700,1926.000,1
03:10:49.79200,1926.000,1
03:10:50.45700,1926.250,16
03:10:51.56600,1926.000,1
03:10:51.91700,1926.000,3
03:10:52.26100,1926.000,1
03:10:52.60900,1926.000,1
03:10:52.91400,1925.750,50
03:10:53.16000,1925.750,2
03:10:53.32800,1925.750,1
03:10:53.56600,1925.750,1
03:10:53.88600,1925.750,2
03:10:54.18700,1926.000,108
03:10:54.41000,1926.000,5
03:10:55.73400,1926.000,5
03:10:56.09700,1926.000,1
03:10:56.49200,1926.000,10
03:10:59.61300,1926.000,11
03:11:01.55800,1925.750,5
03:11:02.01900,1925.750,92
03:11:03.51900,1925.750,1
03:11:04.66400,1925.250,488
03:11:04.73000,1925.250,3
03:11:05.48000,1925.250,4
03:11:06.91700,1925.250,1
03:11:07.63600,1925.250,10
03:11:07.87100,1925.750,46
03:11:08.26900,1925.750,1
03:11:08.50700,1925.500,56
03:11:09.76500,1925.500,8
03:11:10.89000,1925.500,9
03:11:10.93700,1925.500,10
03:11:11.59300,1925.750,1
03:11:12.69900,1925.750,13
03:11:13.00700,1925.500,1
03:11:13.76900,1925.500,2
03:11:15.13600,1925.500,3
03:11:16.47600,1925.250,11
03:11:17.57800,1925.250,9
03:11:17.68300,1925.250,13
03:11:18.68300,1925.000,99
03:11:18.95700,1925.000,1
03:11:19.14000,1925.250,1
03:11:19.45700,1925.250,42
03:11:19.69500,1925.250,7
03:11:20.58200,1925.000,2
03:11:20.71400,1925.250,8
03:11:21.00300,1925.500,20
03:11:21.16000,1925.250,1
03:11:21.28900,1925.500,31
03:11:21.43700,1925.500,2
03:11:21.61700,1925.250,1
03:11:23.34300,1925.250,16
03:11:24.25000,1925.250,1
03:11:24.60500,1925.000,1
03:11:25.65600,1925.000,104
03:11:26.18300,1924.750,49
03:11:26.76100,1925.000,9
03:11:27.14000,1925.000,1
03:11:27.45300,1925.000,3
03:11:27.93300,1925.000,22
03:11:28.70300,1924.750,1
03:11:29.78900,1924.750,1
03:11:30.35900,1925.000,1
03:11:31.91700,1924.750,5
03:11:32.14000,1924.750,12
03:11:32.30000,1924.750,12
03:11:32.52300,1924.750,1
03:11:32.67100,1924.750,1
03:11:33.28100,1924.750,2
03:11:35.23800,1924.750,1
03:11:35.38600,1924.750,2
03:11:37.57800,1924.750,8
03:11:37.79200,1924.750,13
03:11:38.21000,1924.750,11
03:11:39.61300,1924.750,6
03:11:40.08200,1925.250,39
03:11:41.22200,1925.000,10
03:11:41.45300,1925.000,4
03:11:41.55800,1924.750,1
03:11:41.78900,1924.750,1
03:11:42.69900,1924.750,2
03:11:43.03100,1924.750,18
03:11:43.93300,1924.750,4
03:11:45.08900,1924.750,2
03:11:46.29200,1925.000,44
03:11:46.45300,1925.000,4
03:11:47.28100,1925.250,1
03:11:48.26500,1925.000,1
03:11:48.73800,1925.000,1
03:11:49.33200,1925.000,1
03:11:50.00700,1925.250,20
03:11:50.21400,1925.250,1
03:11:50.53500,1925.000,27
03:11:51.75300,1924.750,2
03:11:52.55400,1924.750,6
03:11:52.87100,1925.250,242
03:11:52.94100,1925.250,28
03:11:54.90200,1925.000,54
03:11:56.16000,1924.750,7
03:11:57.25000,1925.000,2
03:11:57.42900,1924.750,1
03:11:57.76900,1924.750,40
03:11:58.26900,1924.750,28
03:11:59.73800,1925.000,1
03:12:02.29200,1924.500,46
03:12:03.38600,1924.500,2
03:12:04.24600,1924.500,1
03:12:05.01900,1924.250,22
03:12:05.33200,1924.250,1
03:12:06.13200,1924.500,2
03:12:06.26100,1924.250,4
03:12:07.30800,1924.250,9
03:12:07.80800,1924.250,5
03:12:08.87100,1924.250,2
03:12:09.66700,1924.500,1
03:12:10.52700,1924.500,2
03:12:10.81200,1924.500,2
03:12:11.11700,1924.500,2
03:12:12.34300,1924.500,1
03:12:13.11300,1924.000,15
03:12:13.37500,1924.000,1
03:12:13.73800,1924.250,5
03:12:14.06600,1924.250,35
03:12:15.72600,1924.250,4
03:12:15.89800,1924.250,1
03:12:16.50700,1924.250,8
03:12:18.42500,1924.500,22
03:12:18.59700,1924.500,2
03:12:19.54600,1924.250,6
03:12:20.26900,1924.250,1
03:12:21.79600,1924.500,14
03:12:22.10900,1924.500,2
03:12:22.30800,1924.500,2
03:12:22.51900,1924.500,4
03:12:22.66400,1924.250,1
03:12:23.29200,1924.250,1
03:12:24.00700,1924.500,4
03:12:24.13600,1924.500,2
03:12:24.63600,1924.250,1
03:12:25.02700,1924.250,6
03:12:25.20700,1924.250,1
03:12:27.38600,1924.250,17
03:12:28.28100,1924.000,2
03:12:28.42100,1924.250,2
03:12:28.84700,1924.000,50
03:12:29.12100,1924.000,1
03:12:30.10100,1923.750,57
03:12:30.18700,1923.500,2
03:12:31.07000,1923.500,1
03:12:31.89400,1923.500,1
03:12:32.39000,1923.750,65
03:12:33.07000,1924.000,49
03:12:34.14800,1924.000,1
03:12:35.11300,1923.750,1
03:12:35.61700,1923.750,1
03:12:35.96800,1923.750,2
03:12:36.44900,1924.000,24
03:12:37.02300,1924.000,1
03:12:38.12800,1924.250,1
03:12:38.68300,1924.250,7
03:12:38.80800,1924.250,3
03:12:38.89000,1924.250,26
03:12:39.12800,1924.250,2
03:12:39.69100,1924.250,5
03:12:40.77300,1924.250,2
03:12:40.92900,1924.250,6
03:12:41.25000,1924.250,17
03:12:42.70300,1924.250,10
03:12:44.41000,1924.250,2
03:12:44.78900,1924.500,6
03:12:45.37100,1924.250,3
03:12:45.89800,1924.250,7
03:12:46.44900,1924.250,2
03:12:48.05400,1924.250,1
03:12:48.33900,1924.500,47
03:12:49.02700,1924.500,3
03:12:49.73400,1924.500,1
03:12:51.20700,1924.500,2
03:12:51.69100,1924.750,8
03:12:51.85900,1924.500,6
03:12:52.73000,1924.500,7
03:12:53.82000,1924.250,1
03:12:54.21000,1924.500,4
03:12:54.35500,1924.500,11
03:12:54.86700,1924.500,1
03:12:55.79200,1924.250,1
03:12:56.05800,1924.250,1
03:12:56.76100,1924.250,1
03:12:57.04600,1924.250,14
03:13:00.52300,1924.000,47
03:13:00.82000,1924.000,1
03:13:01.23800,1923.750,7
03:13:02.07800,1923.500,20
03:13:02.13600,1923.750,2
03:13:02.30000,1923.750,2
03:13:02.64000,1923.750,1
03:13:02.96000,1923.750,2
03:13:03.78100,1923.750,12
03:13:04.75000,1923.750,1
03:13:06.17500,1923.750,1
03:13:07.25000,1924.000,2
03:13:08.64400,1923.750,10
03:13:08.72200,1923.750,10
03:13:09.08900,1923.750,2
03:13:09.26500,1923.750,9
03:13:10.32000,1924.000,29
03:13:12.48400,1924.000,10
03:13:14.31600,1924.000,10
03:13:14.43700,1924.000,6
03:13:16.12100,1924.000,3
03:13:17.48400,1924.000,55
03:13:18.05400,1924.250,21
03:13:18.83500,1924.250,1
03:13:19.60500,1924.000,1
03:13:20.01900,1924.250,17
03:13:20.52700,1924.250,2
03:13:22.91400,1924.000,8
03:13:24.08500,1924.000,1
03:13:25.44900,1924.000,9
03:13:25.50300,1924.000,3
03:13:25.69100,1924.000,18
03:13:26.09700,1924.000,7
03:13:26.77300,1924.000,6
03:13:28.90200,1924.250,14
03:13:29.26900,1924.500,1
03:13:29.76900,1924.500,1
03:13:30.97200,1924.250,14
03:13:31.17900,1924.250,14
03:13:31.23400,1924.250,14
03:13:32.18300,1924.250,16
03:13:35.74600,1924.000,5
03:13:35.83500,1924.000,13
03:13:37.14000,1924.000,5
03:13:37.39000,1924.000,13
03:13:38.48000,1924.000,1
03:13:40.04600,1924.000,48
03:13:40.14000,1924.000,2
03:13:40.64400,1924.000,1
03:13:41.83900,1924.000,5
03:13:41.96800,1923.750,1
03:13:42.69500,1923.750,16
03:13:42.87100,1923.750,3
03:13:43.70700,1923.750,2
03:13:44.17500,1923.750,12
03:13:45.01500,1923.750,25
03:13:45.36700,1923.750,17
03:13:45.62500,1924.000,22
03:13:45.62500,1924.000,2
03:13:45.85500,1924.000,1
03:13:46.90600,1924.000,1
03:13:47.53900,1924.000,1
03:13:48.62800,1924.250,29
03:13:48.80000,1924.250,2
03:13:49.95300,1924.250,7
03:13:50.65200,1924.250,13
03:13:50.87100,1924.250,5
03:13:51.36300,1924.250,5
03:13:53.93700,1924.250,4
03:13:55.69100,1924.250,64
03:13:55.92500,1924.500,9
03:13:57.56600,1924.250,1
03:13:58.62500,1924.500,7
03:13:58.79200,1924.500,12
03:13:59.62500,1924.500,3
03:14:03.26900,1925.000,50
03:14:03.82800,1925.000,2
03:14:03.95700,1925.000,22
03:14:04.71800,1925.250,2
03:14:05.56600,1925.250,9
03:14:06.34300,1925.250,1
03:14:07.00700,1925.250,1
03:14:07.80400,1925.000,1
03:14:07.95300,1925.000,1
03:14:08.32800,1925.250,3
03:14:08.67900,1925.000,1
03:14:09.44100,1925.000,14
03:14:09.76100,1924.750,2
03:14:09.97200,1924.750,15
03:14:11.42100,1925.000,13
03:14:12.87500,1925.000,1
03:14:13.10100,1925.000,5
03:14:13.25700,1925.000,2
03:14:13.48400,1925.000,12
03:14:13.63600,1925.000,4
03:14:15.14400,1924.750,4
03:14:15.24600,1924.750,5
03:14:18.70300,1924.750,2
03:14:20.43300,1924.500,12
03:14:21.29600,1924.500,3
03:14:25.60500,1924.250,36
03:14:25.78100,1924.250,6
03:14:26.80800,1924.000,8
03:14:28.19900,1924.250,65
03:14:35.78100,1924.500,21
03:14:36.01900,1924.500,7
03:14:36.52300,1924.500,11
03:14:37.42500,1924.750,5
03:14:37.89000,1924.750,4
03:14:39.23800,1924.750,3
03:14:39.49600,1924.750,2
03:14:39.58500,1924.750,1
03:14:40.84700,1924.750,10
03:14:41.93300,1924.750,11
03:14:45.61300,1924.750,1
03:14:46.44100,1924.750,1
03:14:47.35100,1924.750,11
03:14:47.48800,1924.750,11
03:14:50.55800,1924.500,2
03:14:50.85900,1924.750,30
03:14:52.00000,1924.500,14
03:14:53.14800,1924.250,10
03:14:55.74600,1924.500,30
03:14:55.83200,1924.750,10
03:14:56.71800,1924.250,12
03:14:57.40200,1924.250,1
03:14:57.57400,1924.250,2
03:14:58.04200,1924.000,1
03:14:58.22200,1924.000,3
03:14:58.75300,1924.250,6
03:15:00.78500,1924.250,4
03:15:01.24200,1924.250,5
03:15:02.72600,1924.250,4
03:15:03.00300,1924.250,1
03:15:03.17100,1924.250,9
03:15:05.17500,1924.250,6
03:15:05.34700,1924.250,2
03:15:06.28900,1924.250,5
03:15:06.42500,1924.250,1
03:15:06.67500,1924.250,14
03:15:07.54600,1924.250,2
03:15:08.16000,1924.500,55
03:15:08.18300,1924.250,8
03:15:08.51900,1924.500,3
03:15:09.84300,1924.250,1
03:15:10.21400,1924.500,9
03:15:10.66400,1924.750,1
03:15:11.01500,1924.500,1
03:15:11.21000,1924.500,1
03:15:12.73000,1924.500,4
03:15:13.08200,1924.250,3
03:15:13.25000,1924.500,3
03:15:13.75000,1924.500,2
03:15:14.61700,1924.250,13
03:15:15.36300,1924.250,1
03:15:16.75700,1924.250,1
03:15:18.13600,1924.250,1
03:15:18.48400,1924.250,4
03:15:19.56200,1924.250,2
03:15:20.39400,1924.250,18
03:15:20.90200,1924.250,5
03:15:22.11700,1924.500,1
03:15:22.27700,1924.500,2
03:15:22.50700,1924.250,1
03:15:23.01900,1924.500,6
03:15:24.42100,1924.500,13
03:15:30.02300,1924.500,49
03:15:33.33900,1924.250,3
03:15:34.53100,1924.250,13
03:15:35.03100,1924.250,2
03:15:35.82000,1924.250,13
03:15:37.01100,1924.250,3
03:15:45.72600,1924.250,13
03:15:46.60900,1924.250,3
03:15:47.17100,1924.250,1
03:15:49.23400,1924.000,37
03:15:50.11700,1924.000,26
03:15:50.91000,1924.250,4
03:15:51.45700,1924.250,13
03:15:52.60500,1924.250,12
03:15:53.35900,1924.000,1
03:15:54.66000,1924.250,2
03:15:54.84300,1924.250,1
03:15:55.28900,1924.250,39
03:15:55.42100,1924.250,2
03:15:55.80000,1924.250,5
03:15:57.00000,1924.250,7
03:15:58.42900,1924.250,26
03:15:58.43300,1924.250,7
03:15:58.78500,1924.250,2
03:16:01.12500,1924.500,55
03:16:04.19500,1924.750,20
03:16:04.25700,1924.750,22
03:16:05.51100,1924.500,17
03:16:07.44900,1924.250,14
03:16:10.01500,1924.500,10
03:16:12.12100,1924.500,3
03:16:14.82800,1924.500,2
03:16:16.17900,1924.750,1
03:16:16.54600,1924.500,1
03:16:16.75300,1924.750,1
03:16:17.62500,1924.500,1
03:16:19.12500,1924.750,21
03:16:20.36300,1924.750,32
03:16:21.08500,1924.750,1
03:16:21.39400,1924.500,3
03:16:22.10900,1924.250,16
03:16:23.49600,1924.000,18
03:16:23.76100,1924.250,25
03:16:25.33900,1924.000,1
03:16:25.64000,1924.000,13
03:16:27.17100,1923.750,52
03:16:27.46000,1923.750,1
03:16:28.24600,1923.500,5
03:16:28.55000,1923.250,51
03:16:28.66400,1923.250,1
03:16:29.03500,1923.500,21
03:16:29.87500,1923.500,16
03:16:30.54600,1923.500,10
03:16:30.70300,1923.250,1
03:16:31.26100,1923.250,1
03:16:31.53100,1923.500,5
03:16:31.69100,1923.250,30
03:16:32.44900,1923.500,7
03:16:32.74600,1923.500,2
03:16:34.83200,1923.500,5
03:16:36.44500,1923.500,6
03:16:37.67900,1923.750,1
03:16:38.82400,1923.750,9
03:16:39.16700,1924.000,2
03:16:39.90200,1923.750,11
03:16:41.27300,1924.000,15
03:16:42.47200,1924.000,32
03:16:43.96000,1924.000,17
03:16:44.80400,1924.000,10
03:16:45.67100,1924.000,5
03:16:46.55800,1924.000,6
03:16:46.64000,1924.000,7
03:16:47.06600,1924.000,4
03:16:48.12800,1924.000,6
03:16:50.11700,1924.000,55
03:16:51.12500,1924.000,1
03:16:51.43700,1924.000,1
03:16:51.73400,1924.000,1
03:16:52.91000,1924.250,16
03:16:53.16700,1924.250,17
03:16:53.17100,1924.250,3
03:16:54.08500,1924.000,1
03:16:55.46800,1924.000,19
03:16:58.26900,1923.750,18
03:16:59.28900,1923.750,11
03:16:59.83900,1923.500,45
03:17:00.33900,1923.500,8
03:17:02.12500,1923.750,1
03:17:03.68700,1923.750,8
03:17:03.82400,1924.000,2
03:17:04.44100,1923.500,50
03:17:05.07000,1923.500,18
03:17:05.60100,1923.500,1
03:17:05.87800,1923.250,2
03:17:07.01900,1923.500,3
03:17:08.13600,1923.500,14
03:17:10.08500,1923.750,44
03:17:10.44900,1923.750,7
03:17:10.64000,1923.500,57
03:17:11.29600,1923.500,7
03:17:11.78100,1923.500,1
03:17:12.31200,1923.500,21
03:17:12.55400,1923.500,4
03:17:13.15200,1923.500,1
03:17:13.40200,1923.500,20
03:17:13.46800,1923.250,9
03:17:13.49600,1923.250,9
03:17:14.46800,1923.250,1
03:17:15.21400,1923.500,7
03:17:16.32400,1923.500,17
03:17:16.92100,1923.250,1
03:17:17.66700,1923.500,8
03:17:19.91700,1923.250,76
03:17:20.03500,1923.000,79
03:17:20.20700,1923.250,2
03:17:20.34300,1923.250,1
03:17:20.71800,1923.000,2
03:17:21.57800,1923.000,10
03:17:21.91400,1923.000,1
03:17:24.45300,1923.000,3
03:17:25.77300,1923.000,2
03:17:27.89800,1923.000,2
03:17:30.33200,1923.000,18
03:17:30.50000,1923.000,2
03:17:31.03500,1923.000,1
03:17:31.59700,1923.000,2
03:17:31.66700,1923.000,3
03:17:37.96800,1923.000,1
03:17:40.72200,1923.000,5
03:17:42.25000,1923.000,2
03:17:43.51900,1923.000,1
03:17:43.86700,1922.750,3
03:17:44.26500,1923.000,1
03:17:45.55000,1922.750,1
03:17:46.75300,1923.000,1
03:17:47.52700,1923.000,1
03:17:48.33500,1922.750,3
03:17:50.22200,1922.750,4
03:17:50.82800,1923.000,1
03:17:51.03100,1922.750,1
03:17:51.53100,1922.750,69
03:17:51.91400,1922.750,29
03:17:52.23800,1922.750,20
03:17:53.00300,1922.750,5
03:17:53.64400,1922.750,1
03:17:56.92100,1923.000,50
03:17:57.63600,1923.000,20
03:17:58.48400,1923.250,31
03:17:59.25300,1923.250,21
03:17:59.51900,1923.250,2
03:17:59.96400,1923.000,4
03:18:01.77700,1923.000,50
03:18:03.36700,1923.000,1
03:18:03.82000,1922.750,55
03:18:05.25000,1923.000,1
03:18:05.63600,1923.000,25
03:18:06.00000,1923.250,8
03:18:06.14000,1923.250,7
03:18:06.45300,1923.500,2
03:18:09.01500,1923.250,29
03:18:09.40200,1923.000,38
03:18:10.01500,1923.250,30
03:18:10.26100,1923.250,1
03:18:10.38200,1923.250,5
03:18:11.71000,1923.250,3
03:18:12.25000,1923.500,4
03:18:13.72200,1923.250,2
03:18:14.40600,1923.250,1
03:18:15.17500,1923.250,4
03:18:16.33200,1923.250,22
03:18:16.94500,1923.250,28
03:18:21.23800,1923.250,1
03:18:21.95300,1923.500,1
03:18:23.53900,1923.500,13
03:18:25.14400,1924.000,50
03:18:25.15200,1923.750,15
03:18:25.21400,1923.750,2
03:18:26.07400,1923.750,3
03:18:26.83900,1924.000,48
03:18:27.50300,1924.000,5
03:18:27.76500,1924.000,3
03:18:29.46800,1924.000,1
03:18:29.87500,1924.500,16
03:18:31.09300,1924.500,6
03:18:31.23800,1924.500,31
03:18:31.52300,1924.500,2
03:18:32.34700,1924.250,29
03:18:33.80000,1924.000,31
03:18:34.60900,1924.000,3
03:18:35.32800,1923.750,2
03:18:35.85100,1923.750,2
03:18:36.14400,1923.750,4
03:18:36.73800,1924.000,25
03:18:37.54600,1924.000,1
03:18:38.58500,1924.250,1
03:18:39.21000,1924.000,1
03:18:41.04200,1924.000,10
03:18:43.33500,1924.250,2
03:18:44.24600,1923.750,37
03:18:44.30000,1923.750,12
03:18:44.33500,1923.750,1
03:18:44.41700,1923.500,2
03:18:44.63600,1923.750,1
03:18:44.76100,1923.500,12
03:18:45.64000,1923.750,4
03:18:46.43300,1923.750,9
03:18:46.94100,1924.000,2
03:18:48.68700,1923.750,1
03:18:48.93700,1923.750,3
03:18:49.97200,1924.000,5
03:18:50.65200,1924.000,10
03:18:52.49200,1924.000,1
03:18:53.48400,1924.000,1
03:18:54.29200,1924.000,17
03:18:54.83900,1924.000,5
03:18:55.70300,1924.000,7
03:18:58.25000,1923.750,21
03:18:58.60100,1923.500,4
03:18:59.60900,1923.750,40
03:19:02.41400,1923.750,13
03:19:04.55800,1924.000,13
03:19:04.81600,1924.000,30
03:19:04.88600,1924.000,17
03:19:05.18300,1924.000,1
03:19:05.81200,1924.000,5
03:19:10.40200,1924.000,23
03:19:12.10900,1923.750,18
03:19:13.05800,1923.500,16
03:19:16.12800,1923.500,2
03:19:21.64400,1923.750,4
03:19:21.93300,1923.750,3
03:19:22.67100,1923.750,4
03:19:25.21800,1923.500,28
03:19:25.66400,1923.500,25
03:19:28.62800,1923.500,12
03:19:34.12800,1923.250,25
03:19:34.26500,1923.000,1
03:19:35.76500,1923.000,4
03:19:37.55000,1923.000,68
03:19:38.05800,1923.000,1
03:19:39.61300,1923.000,9
03:19:39.85100,1923.000,1
03:19:40.25300,1923.000,10
03:19:42.38600,1922.750,20
03:19:43.09300,1923.000,17
03:19:43.93700,1923.250,13
03:19:43.93700,1923.250,23
03:19:44.12100,1923.000,8
03:19:46.30000,1923.000,36
03:19:48.12800,1923.250,7
03:19:48.69900,1923.250,47
03:19:48.77700,1923.250,5
03:19:50.83900,1923.000,25
03:19:51.88600,1922.750,30
03:19:54.47200,1922.750,46
03:19:54.54200,1922.750,27
03:19:54.75000,1922.750,1
03:19:55.45300,1922.750,2
03:19:55.83200,1923.000,1
03:19:57.25000,1923.000,2
03:19:57.58900,1923.000,37
03:19:58.21800,1923.000,1
03:19:58.29200,1923.000,40
03:19:58.91700,1923.250,18
03:19:59.46800,1923.000,1
03:19:59.68700,1923.000,1
03:20:02.76500,1923.000,2
03:20:03.15600,1922.750,14
03:20:04.35100,1922.750,17
03:20:04.58200,1922.500,8
03:20:04.64400,1922.500,1
03:20:05.26100,1922.500,3
03:20:05.39800,1922.500,49
03:20:05.57800,1922.500,30
03:20:06.07800,1922.500,1
03:20:07.09700,1922.500,1
03:20:07.51100,1922.500,1
03:20:08.89400,1922.750,10
03:20:10.48000,1922.750,3
03:20:11.28100,1922.750,6
03:20:11.84700,1922.500,22
03:20:12.44900,1922.500,10
03:20:12.97200,1922.750,1
03:20:13.31200,1922.750,1
03:20:18.22600,1922.750,10
03:20:19.30400,1922.250,262
03:20:19.37100,1922.250,20
03:20:19.39800,1922.250,3
03:20:20.58200,1922.500,5
03:20:21.55000,1922.500,1
03:20:23.26900,1922.250,1
03:20:23.85500,1922.500,5
03:20:24.09700,1922.500,8
03:20:24.28500,1922.500,22
03:20:24.69100,1922.500,28
03:20:25.69900,1922.500,2
03:20:27.87800,1922.500,13
03:20:28.40200,1922.500,7
03:20:29.15200,1922.500,1
03:20:34.67500,1922.500,2
03:20:35.30800,1922.750,2
03:20:35.55400,1922.750,39
03:20:36.22600,1922.750,5
03:20:36.61300,1922.750,5
03:20:37.57000,1922.750,1
03:20:38.51100,1922.750,3
03:20:39.65600,1922.750,5
03:20:40.63200,1922.750,2
03:20:44.18700,1922.500,18
03:20:44.47200,1922.500,9
03:20:44.65200,1922.500,1
03:20:48.50300,1923.000,38
03:20:48.71400,1923.000,3
03:20:49.00700,1923.000,1
03:20:50.34300,1923.250,57
03:20:50.50000,1923.250,10
03:20:50.89000,1923.000,25
03:20:51.60100,1923.000,2
03:20:52.22200,1923.250,1
03:20:55.58900,1923.000,1
03:20:55.85900,1923.000,10
03:20:56.29600,1923.250,4
03:20:56.94100,1923.000,6
03:20:57.19500,1923.000,5
03:20:58.79200,1923.250,1
03:20:59.21400,1923.000,7
03:20:59.49200,1923.000,1
03:21:03.05800,1922.750,24
03:21:03.55800,1922.750,5
03:21:03.69100,1923.000,2
03:21:04.82400,1922.750,11
03:21:05.80800,1922.750,1
03:21:06.17100,1922.000,644
03:21:06.27300,1922.000,48
03:21:06.36700,1922.000,1
03:21:06.66000,1922.250,10
03:21:06.66400,1922.250,1
03:21:06.73400,1922.000,1
03:21:06.85500,1922.000,2
03:21:07.11700,1922.000,2
03:21:07.25000,1922.000,2
03:21:08.17900,1922.000,2
03:21:10.59700,1922.500,180
03:21:11.08200,1922.500,1
03:21:12.04200,1922.500,14
03:21:12.25000,1921.500,270
03:21:12.34300,1921.750,414
03:21:12.41700,1921.750,2
03:21:12.86300,1922.000,8
03:21:13.05400,1921.750,7
03:21:13.48800,1921.750,2
03:21:15.36300,1922.000,56
03:21:17.08500,1922.250,1
03:21:17.33500,1922.500,58
03:21:17.41000,1922.250,5
03:21:17.59300,1922.250,2
03:21:18.04600,1922.000,69
03:21:18.40600,1922.000,31
03:21:18.49200,1922.000,32
03:21:19.41000,1922.000,14
03:21:19.48400,1921.750,30
03:21:20.02300,1922.000,1
03:21:20.71800,1922.000,18
03:21:21.16700,1922.000,1
03:21:21.47600,1922.250,77
03:21:21.54600,1922.250,1
03:21:22.11300,1922.250,3
03:21:23.16400,1922.000,34
03:21:24.50700,1921.750,47
03:21:25.00000,1921.750,14
03:21:25.10900,1921.750,1
03:21:26.14400,1921.750,2
03:21:26.26100,1922.000,1
03:21:26.62100,1922.000,2
03:21:26.67500,1921.750,1
03:21:27.27300,1922.000,1
03:21:27.45700,1921.750,1
03:21:27.95700,1921.750,10
03:21:28.37800,1921.750,4
03:21:29.85900,1921.750,6
03:21:30.57000,1921.500,50
03:21:31.01100,1921.500,2
03:21:31.42900,1921.500,2
03:21:31.86300,1921.500,3
03:21:32.60500,1921.750,5
03:21:33.24200,1921.750,4
03:21:34.34300,1921.500,23
03:21:34.83200,1921.500,1
03:21:35.39800,1921.500,23
03:21:35.50300,1921.750,1
03:21:35.72200,1921.500,3
03:21:36.20300,1921.250,23
03:21:37.26500,1921.500,4
03:21:37.64400,1921.750,2
03:21:38.18300,1921.500,25
03:21:39.08900,1921.750,2
03:21:39.13600,1921.500,16
03:21:39.25700,1921.500,1
03:21:39.89000,1921.500,6
03:21:40.63200,1921.250,7
03:21:40.92100,1921.500,1
03:21:41.31600,1921.500,16
03:21:41.71000,1921.500,1
03:21:41.91000,1921.500,2
03:21:44.71400,1921.750,37
03:21:44.97200,1921.750,1
03:21:45.32000,1921.750,1
03:21:46.13200,1921.750,5
03:21:46.27700,1922.000,1
03:21:47.42900,1922.000,22
03:21:47.55400,1921.750,10
03:21:47.80000,1922.000,5
03:21:48.40600,1922.000,12
03:21:48.41700,1922.000,11
03:21:50.11300,1922.250,34
03:21:50.25000,1922.250,1
03:21:50.74200,1922.500,59
03:21:50.80400,1922.250,7
03:21:50.96800,1922.500,1
03:21:51.37800,1922.250,21
03:21:53.94500,1922.500,1
03:21:54.48800,1922.250,25
03:21:55.87800,1922.250,11
03:21:59.21000,1922.000,43
03:22:00.25000,1922.000,3
03:22:01.42500,1922.000,18
03:22:03.88600,1922.250,12
03:22:05.15600,1922.500,5
03:22:06.13200,1922.500,30
03:22:07.45700,1922.500,1
03:22:10.10500,1922.250,1
03:22:10.42500,1922.250,13
03:22:11.38600,1922.250,31
03:22:12.02300,1922.500,2
03:22:12.24600,1922.500,2
03:22:12.42500,1922.250,1
03:22:12.60900,1922.500,13
03:22:13.03900,1922.500,4
03:22:13.54200,1922.500,2
03:22:14.94900,1922.500,2
03:22:15.35900,1922.500,3
03:22:16.45300,1922.500,1
03:22:17.06200,1922.500,8
03:22:17.41000,1922.500,10
03:22:18.01100,1922.750,1
03:22:18.07400,1922.500,20
03:22:18.25000,1922.250,1
03:22:18.82400,1922.250,21
03:22:19.67500,1922.250,23
03:22:19.81600,1922.250,5
03:22:22.08500,1922.500,5
03:22:22.93300,1922.250,1
03:22:23.69500,1922.250,2
03:22:24.57000,1922.250,2
03:22:24.77300,1922.250,1
03:22:25.45700,1922.250,3
03:22:25.85900,1922.250,15
03:22:26.11700,1922.250,8
03:22:29.54200,1922.000,1
03:22:30.01500,1922.000,22
03:22:30.50300,1922.000,1
03:22:31.79600,1922.000,2
03:22:32.16400,1922.000,14
03:22:32.87500,1922.000,10
03:22:33.03500,1922.000,10
03:22:33.54600,1922.250,125
03:22:35.31200,1922.250,1
03:22:37.77300,1922.000,5
03:22:41.11300,1922.000,20
03:22:44.30800,1921.750,63
03:22:44.57400,1922.000,59
03:22:46.73400,1921.750,1
03:22:47.25000,1922.000,2
03:22:47.61300,1922.000,12
03:22:48.08500,1922.000,1
03:22:48.71000,1922.000,3
03:22:50.34300,1922.000,1
03:22:55.44100,1922.000,1
03:22:55.86300,1922.000,8
03:22:56.17900,1922.000,3
03:22:56.32000,1922.000,1
03:23:01.17100,1922.250,23
03:23:03.34300,1922.250,14
03:23:03.51500,1922.250,1
03:23:04.50300,1922.250,25
03:23:05.21400,1922.250,7
03:23:06.11300,1922.250,2
03:23:06.56200,1922.250,2
03:23:07.80800,1922.250,63
03:23:08.33900,1922.250,5
03:23:09.58500,1922.250,1
03:23:09.88200,1922.250,22
03:23:10.10500,1922.500,2
03:23:10.55800,1922.500,4
03:23:13.15200,1922.500,1
03:23:14.90200,1922.250,19
03:23:15.07400,1922.250,2
03:23:15.78100,1922.250,6
03:23:16.48400,1922.250,1
03:23:17.59700,1922.250,1
03:23:22.25700,1922.250,2
03:23:24.75300,1922.000,7
03:23:29.71400,1922.000,73
03:23:30.08900,1922.000,6
03:23:30.16400,1922.000,1
03:23:31.41700,1921.750,1
03:23:31.75700,1922.000,1
03:23:33.04200,1922.000,33
03:23:33.49200,1922.000,13
03:23:34.13200,1922.000,1
03:23:36.07800,1922.000,1
03:23:37.41400,1921.750,30
03:23:38.65600,1921.750,30
03:23:40.09300,1921.750,8
03:23:41.46800,1921.500,22
03:23:44.02300,1921.500,1
03:23:44.57800,1921.750,25
03:23:44.83200,1921.750,7
03:23:45.27700,1921.500,10
03:23:46.15600,1921.500,20
03:23:46.64800,1921.500,28
03:23:47.01500,1921.750,1
03:23:47.21000,1921.500,1
03:23:47.59700,1921.750,13
03:23:47.96400,1921.500,3
03:23:48.83200,1921.750,1
03:23:50.34700,1921.750,20
03:23:51.16400,1921.750,1
03:23:51.60900,1921.500,50
03:23:52.94900,1921.750,6
03:23:53.39400,1921.750,9
03:23:55.39000,1921.500,12
03:23:55.53100,1921.500,32
03:23:55.90200,1921.500,2
03:23:56.40600,1921.500,2
03:23:57.90200,1921.500,1
03:23:58.03500,1921.750,1
03:23:59.30000,1921.750,10
03:24:03.05000,1922.000,97
03:24:03.09700,1922.000,1
03:24:04.04600,1922.000,13
03:24:04.36300,1922.000,2
03:24:06.22600,1922.000,8
03:24:07.30000,1921.750,46
03:24:08.84300,1921.750,23
03:24:09.51500,1921.750,5
03:24:09.85900,1921.750,5
03:24:10.26500,1921.750,1
03:24:11.44100,1921.500,2
03:24:12.06200,1921.750,3
03:24:12.46400,1921.500,1
03:24:13.42500,1921.750,6
03:24:14.33200,1921.750,13
03:24:14.76900,1921.500,20
03:24:15.42100,1921.750,1
03:24:15.80000,1921.750,1
03:24:16.80800,1921.750,7
03:24:17.43300,1921.750,1
03:24:18.10500,1921.500,20
03:24:18.68300,1921.250,18
03:24:19.50700,1921.250,1
03:24:20.54600,1921.500,5
03:24:21.30000,1921.500,9
03:24:22.48000,1921.500,6
03:24:23.64400,1921.500,7
03:24:25.94900,1921.250,37
03:24:26.08900,1921.000,7
03:24:26.64000,1921.250,2
03:24:27.02300,1921.250,24
03:24:27.09300,1921.250,5
03:24:27.26100,1921.500,1
03:24:29.13600,1921.500,11
03:24:29.96800,1921.250,1
03:24:31.17900,1921.250,17
03:24:31.90200,1921.500,2
03:24:33.07800,1921.500,12
03:24:33.83200,1921.250,105
03:24:35.01500,1921.500,9
03:24:35.63200,1921.500,10
03:24:35.88600,1921.500,1
03:24:36.80000,1921.500,12
03:24:39.44900,1921.500,5
03:24:39.84700,1921.500,1
03:24:40.17500,1921.500,2
03:24:40.45700,1921.500,53
03:24:41.76500,1921.750,35
03:24:43.85500,1921.500,34
03:24:44.36300,1921.250,1
03:24:45.70700,1921.500,15
03:24:47.05400,1921.500,21
03:24:49.06200,1921.500,8
03:24:49.25300,1921.500,4
03:24:49.78500,1921.500,2
03:24:49.86700,1921.500,5
03:24:50.59300,1921.500,3
03:24:51.38200,1921.500,1
03:24:53.83500,1921.250,13
03:24:54.05000,1921.250,25
03:24:55.05400,1921.250,3
03:24:55.19900,1921.000,5
03:24:55.63600,1921.250,1
03:24:55.91000,1921.250,1
03:25:00.28100,1921.250,20
03:25:02.04200,1921.250,1
03:25:04.22200,1921.250,1
03:25:05.13600,1921.000,148
03:25:05.26900,1921.000,2
03:25:05.65600,1920.750,42
03:25:05.79200,1920.750,3
03:25:06.03100,1921.000,1
03:25:07.72600,1920.750,31
03:25:07.88200,1920.500,41
03:25:08.46400,1921.000,45
03:25:08.96000,1921.000,1
03:25:09.26500,1920.750,4
03:25:09.30000,1920.750,10
03:25:09.50300,1920.750,1
03:25:10.17100,1920.750,10
03:25:10.25300,1920.500,2
03:25:10.39800,1920.750,2
03:25:10.61300,1920.750,6
03:25:10.76500,1920.750,7
03:25:11.11700,1920.750,2
03:25:11.78100,1920.500,12
03:25:13.07000,1921.000,50
03:25:13.30000,1920.750,3
03:25:13.33500,1920.750,1
03:25:13.84300,1920.750,8
03:25:14.19900,1920.500,133
03:25:14.27700,1920.500,9
03:25:14.36300,1920.750,31
03:25:14.69900,1920.500,19
03:25:15.20300,1920.500,1
03:25:15.44500,1920.500,3
03:25:15.49600,1920.750,1
03:25:15.77300,1920.750,1
03:25:16.37100,1920.500,10
03:25:17.48800,1920.500,11
03:25:17.86300,1920.500,6
03:25:19.35900,1920.500,3
03:25:19.74600,1920.250,40
03:25:20.03100,1920.500,1
03:25:20.40200,1920.250,5
03:25:20.57800,1920.500,23
03:25:21.52300,1920.500,1
03:25:22.81600,1920.500,2
03:25:23.62500,1920.750,23
03:25:24.82800,1921.000,117
03:25:24.85900,1921.000,1
03:25:25.32000,1921.250,2
03:25:25.76900,1921.250,2
03:25:26.95300,1921.000,56
03:25:27.58200,1920.750,57
03:25:27.80000,1921.000,31
03:25:28.10500,1921.000,1
03:25:28.77300,1921.000,23
03:25:29.00300,1921.000,1
03:25:29.19900,1921.000,15
03:25:30.30400,1921.000,1
03:25:32.62800,1921.250,4
03:25:32.83900,1921.250,50
03:25:33.94100,1921.250,7
03:25:34.29600,1921.250,11
03:25:35.35500,1921.250,13
03:25:36.89000,1921.250,11
03:25:38.41400,1921.250,15
03:25:40.12100,1921.000,10
03:25:40.28500,1921.000,6
03:25:44.33500,1920.750,48
03:25:45.31200,1920.750,3
03:25:45.57800,1921.000,104
03:25:45.93300,1921.000,36
03:25:47.26100,1921.000,1
03:25:50.73800,1921.000,12
03:25:51.68700,1921.000,7
03:25:52.69900,1921.000,6
03:25:53.75700,1921.000,1
03:25:56.62800,1921.250,48
03:25:57.28500,1921.250,3
03:25:57.28900,1921.250,5
03:25:57.92100,1921.250,4
03:25:58.28500,1921.250,5
03:25:59.22200,1921.500,10
03:26:01.52300,1921.000,19
03:26:01.61300,1921.250,1
03:26:01.94500,1921.500,165
03:26:02.00700,1921.500,11
03:26:03.42500,1921.500,4
03:26:03.79600,1921.500,10
03:26:04.52700,1921.500,20
03:26:06.13200,1921.500,5
03:26:08.78500,1921.500,2
03:26:09.51500,1921.500,1
03:26:11.60500,1921.250,2
03:26:12.25000,1921.500,2
03:26:12.59700,1921.500,28
03:26:12.73000,1921.500,7
03:26:14.11300,1922.000,31
03:26:14.84700,1921.750,42
03:26:15.62100,1921.750,46
03:26:15.71800,1921.750,2
03:26:15.91700,1921.750,4
03:26:16.42100,1921.750,1
03:26:16.58900,1921.750,7
03:26:16.82400,1921.750,6
03:26:17.59300,1921.750,21
03:26:17.86300,1921.750,1
03:26:18.87100,1921.750,1
03:26:19.09700,1921.750,7
03:26:19.20300,1922.000,3
03:26:19.55000,1921.750,7
03:26:20.62100,1921.750,64
03:26:20.73400,1921.750,4
03:26:21.28900,1921.750,10
03:26:22.23000,1922.000,1
03:26:22.59300,1921.750,19
03:26:23.28900,1921.750,35
03:26:24.08900,1921.750,8
03:26:24.55000,1921.750,10
03:26:25.96400,1921.500,10
03:26:26.74600,1921.750,19
03:26:27.51100,1921.500,1
03:26:27.64800,1921.750,3
03:26:28.28500,1921.500,2
03:26:30.02300,1921.750,32
03:26:30.31200,1921.750,1
03:26:32.08900,1921.750,1
03:26:32.90600,1921.750,10
03:26:34.58900,1921.750,9
03:26:35.16400,1921.750,3
03:26:36.60100,1921.750,1
03:26:38.10900,1921.500,44
03:26:39.27300,1921.250,1
03:26:39.38200,1921.500,69
03:26:40.76100,1921.750,91
03:26:42.48400,1921.750,1
03:26:43.82000,1921.750,4
03:26:45.31200,1922.000,15
03:26:45.78100,1922.000,1
03:26:46.25700,1922.000,2
03:26:46.63200,1921.750,51
03:26:49.21000,1922.000,24
03:26:51.11700,1922.000,2
03:26:52.75000,1922.000,1
03:26:55.88600,1922.000,45
03:26:56.53100,1922.000,1
03:26:58.17500,1922.250,45
03:26:59.06200,1922.500,13
03:26:59.37100,1922.250,26
03:26:59.96400,1922.250,1
03:27:02.05800,1922.500,36
03:27:03.37800,1922.500,3
03:27:03.67500,1922.500,105
03:27:03.79600,1922.500,6
03:27:03.96000,1922.500,20
03:27:03.96800,1922.500,7
03:27:07.14400,1922.750,1
03:27:08.19900,1922.500,36
03:27:08.26500,1922.500,2
03:27:10.80400,1922.500,1
03:27:12.38200,1922.500,2
03:27:13.43700,1922.500,4
03:27:14.68300,1922.250,50
03:27:17.38600,1922.500,3
03:27:17.82800,1922.500,14
03:27:17.95700,1922.500,10
03:27:18.07400,1922.750,25
03:27:20.60500,1922.750,6
03:27:21.08500,1922.750,134
03:27:24.90200,1923.000,26
03:27:25.56600,1923.000,62
03:27:25.57000,1922.750,74
03:27:26.37800,1922.750,1
03:27:26.62500,1923.000,11
03:27:28.72200,1923.250,4
03:27:28.92500,1923.250,1
03:27:29.18700,1923.250,10
03:27:30.22600,1923.250,2
03:27:31.07400,1923.000,1
03:27:31.41400,1923.250,2
03:27:31.67500,1923.000,1
03:27:32.69100,1923.000,26
03:27:32.71000,1923.250,1
03:27:33.44900,1923.250,5
03:27:33.68700,1923.000,1
03:27:33.87800,1923.000,1
03:27:34.52700,1923.250,1
03:27:34.91400,1923.000,1
03:27:35.00700,1923.000,15
03:27:35.41000,1923.250,10
03:27:35.71800,1923.000,1
03:27:39.57000,1923.000,1
03:27:40.44900,1923.000,12
03:27:41.79600,1923.250,35
03:27:42.02700,1923.250,6
03:27:42.18300,1923.000,8
03:27:43.20700,1923.250,3
03:27:44.13200,1923.250,1
03:27:44.91000,1923.250,48
03:27:45.11300,1923.250,11
03:27:45.85100,1923.000,2
03:27:46.08200,1923.000,24
03:27:47.81200,1923.000,6
03:27:50.22600,1923.250,54
03:27:50.50000,1923.000,21
03:27:50.71800,1923.000,4
03:27:50.87800,1923.000,10
03:27:52.18700,1923.250,4
03:27:53.04200,1923.500,34
03:27:53.46000,1923.500,32
03:27:53.52700,1923.750,3
03:27:54.55400,1923.500,4
03:27:54.83900,1923.500,29
03:27:55.10900,1923.500,10
03:27:55.82400,1923.750,9
03:27:56.00700,1923.500,22
03:27:56.80000,1923.500,8
03:27:57.20300,1923.500,7
03:27:59.21000,1923.750,10
03:27:59.87800,1923.750,190
03:27:59.92900,1923.750,10
03:28:00.16700,1923.750,6
03:28:01.10900,1923.750,1
03:28:01.54200,1924.000,66
03:28:01.58500,1924.000,5
03:28:01.74600,1924.000,3
03:28:02.41700,1924.000,1
03:28:03.40200,1923.750,41
03:28:03.59700,1923.750,20
03:28:03.72200,1923.750,5
03:28:05.10100,1924.000,1
03:28:05.37500,1924.000,1
03:28:06.51100,1924.000,9
03:28:07.46000,1924.000,2
03:28:07.81200,1923.750,1
03:28:08.06200,1924.000,1
03:28:08.41000,1923.750,25
03:28:08.64000,1923.750,25
03:28:09.07800,1923.750,1
03:28:09.19100,1924.000,1
03:28:09.62100,1924.000,46
03:28:10.25700,1924.000,1
03:28:11.27300,1924.250,4
03:28:11.75000,1924.000,2
03:28:12.69900,1924.000,26
03:28:13.03900,1923.750,44
03:28:13.12500,1924.000,2
03:28:13.77700,1923.750,12
03:28:14.14800,1924.000,1
03:28:15.19900,1923.750,1
03:28:15.80400,1924.000,12
03:28:16.03500,1924.250,19
03:28:16.07800,1924.000,19
03:28:16.49200,1924.000,1
03:28:17.35900,1924.000,1
03:28:17.83900,1924.000,7
03:28:18.10900,1924.000,1
03:28:18.79600,1924.250,1
03:28:18.94100,1924.000,1
03:28:20.52300,1924.000,29
03:28:21.03500,1924.000,10
03:28:21.74600,1924.000,61
03:28:22.21000,1924.000,14
03:28:23.25300,1924.000,29
03:28:23.38600,1923.750,24
03:28:23.67900,1923.500,2
03:28:24.68700,1923.500,1
03:28:24.85100,1923.500,3
03:28:25.37500,1923.500,15
03:28:26.67100,1923.500,1
03:28:27.83900,1923.500,26
03:28:28.64800,1923.750,7
03:28:29.19900,1923.750,2
03:28:29.60500,1923.500,1
03:28:30.68700,1923.500,1
03:28:34.17100,1923.500,1
03:28:34.46400,1923.750,9
03:28:36.68300,1923.750,19
03:28:37.13200,1924.000,1
03:28:38.48800,1924.000,1
03:28:39.34700,1923.750,36
03:28:41.85100,1923.500,5
03:28:44.24600,1923.500,40
03:28:45.14800,1923.500,1
03:28:47.44100,1923.250,36
03:28:49.42100,1923.250,4
03:28:49.62800,1923.500,1
03:28:51.36700,1923.250,5
03:28:51.50000,1923.250,25
03:28:53.66000,1923.000,22
03:28:53.73400,1923.000,2
03:28:54.07000,1923.250,2
03:28:55.21000,1923.250,1
03:28:55.36300,1923.000,1
03:28:56.86700,1923.250,21
03:28:58.11700,1923.500,28
03:28:59.15600,1923.750,14
03:29:00.40200,1923.750,2
03:29:00.50000,1923.750,1
03:29:01.35500,1923.750,6
03:29:01.90600,1923.750,12
03:29:02.17500,1923.750,12
03:29:06.17900,1923.750,26
03:29:07.48000,1923.750,9
03:29:07.66700,1924.000,1
03:29:08.31200,1923.750,3
03:29:08.69900,1923.500,22
03:29:09.80800,1923.750,1
03:29:09.92100,1923.750,10
03:29:10.34700,1923.750,30
03:29:11.15600,1923.500,1
03:29:12.17100,1923.500,3
03:29:12.51900,1923.500,3
03:29:12.79600,1923.250,19
03:29:13.48800,1923.250,8
03:29:13.63200,1923.250,1
03:29:17.57800,1923.000,31
03:29:18.76900,1923.000,3
03:29:19.00300,1923.000,3
03:29:19.18300,1923.000,1
03:29:19.28100,1923.000,2
03:29:19.82000,1923.000,1
03:29:20.16000,1923.250,34
03:29:21.53900,1923.500,91
03:29:22.27700,1923.750,36
03:29:23.18300,1923.750,6
03:29:24.04200,1923.750,1
03:29:27.43700,1923.500,20
03:29:27.89400,1923.500,5
03:29:29.84700,1923.750,12
03:29:30.00700,1924.000,33
03:29:30.39400,1923.750,25
03:29:30.65200,1923.750,4
03:29:32.81600,1924.000,19
03:29:35.71800,1923.750,1
03:29:36.00000,1923.750,22
03:29:36.92900,1923.750,1
03:29:37.33500,1923.750,9
03:29:39.57000,1923.750,2
03:29:41.25700,1923.750,1
03:29:42.78100,1923.750,4
03:29:45.58500,1923.500,17
03:29:45.84700,1923.500,3
03:29:47.02300,1923.500,5
03:29:47.21800,1923.750,25
03:29:47.45700,1923.500,5
03:29:49.53100,1923.250,11
03:29:50.04200,1923.250,6
03:29:51.10900,1923.500,11
03:29:51.65600,1923.500,1
03:29:52.57400,1923.500,7
03:29:53.29600,1923.500,2
03:29:56.84700,1923.500,2
03:30:00.15200,1923.750,14
03:30:01.41000,1923.750,6
03:30:02.51500,1923.500,48
03:30:02.72200,1923.250,1
03:30:05.75000,1923.250,17
03:30:07.62800,1922.750,23
03:30:08.32400,1923.000,1
03:30:11.11700,1922.750,1
03:30:12.15200,1923.000,20
03:30:12.61700,1923.000,48
03:30:13.21400,1923.000,20
03:30:13.40200,1923.000,16
03:30:14.28500,1923.000,1
03:30:14.65200,1923.000,2
03:30:15.08900,1923.250,7
03:30:15.42500,1923.250,10
03:30:18.68700,1923.250,1
03:30:19.92100,1923.250,8
03:30:21.14000,1923.250,1
03:30:21.57400,1923.500,47
03:30:21.66400,1923.500,1
03:30:21.92100,1923.500,1
03:30:23.12500,1923.500,1
03:30:23.41000,1923.500,1
03:30:24.00300,1923.500,28
03:30:24.33200,1923.250,51
03:30:24.73800,1923.250,6
03:30:27.76900,1923.500,1
03:30:28.90200,1923.250,25
03:30:29.01900,1923.250,6
03:30:29.32000,1923.250,3
03:30:29.86700,1923.250,9
03:30:30.07800,1923.000,1
03:30:30.37500,1923.250,6
03:30:33.62100,1923.250,51
03:30:34.26100,1923.000,32
03:30:35.08500,1923.000,11
03:30:36.53500,1923.000,1
03:30:37.14000,1923.000,11
03:30:38.39000,1923.000,2
03:30:39.85900,1922.750,1
03:30:40.18700,1923.000,67
03:30:41.51500,1923.000,1
03:30:42.52700,1923.000,24
03:30:43.05000,1923.000,1
03:30:43.42100,1923.000,4
03:30:44.41700,1922.750,62
03:30:44.48800,1922.750,11
03:30:44.61300,1923.000,1
03:30:46.01100,1923.000,31
03:30:47.03900,1923.250,9
03:30:47.81600,1923.000,1
03:30:47.85900,1923.000,26
03:30:49.20700,1923.250,16
03:30:49.62100,1923.250,1
03:30:49.87500,1923.250,8
03:30:50.62500,1923.250,1
03:30:51.33200,1923.250,4
03:30:51.65600,1923.250,4
03:30:54.89000,1923.250,23
03:30:55.20700,1923.250,8
03:30:55.73800,1923.500,6
03:30:55.76100,1923.500,2
03:30:56.69900,1923.250,57
03:30:56.83200,1923.250,19
03:30:56.88600,1923.250,4
03:30:58.54200,1923.250,2
03:30:59.26100,1923.250,1
03:30:59.89800,1923.500,21
03:31:00.25700,1923.500,59
03:31:00.71000,1923.500,1
03:31:02.46400,1923.750,1
03:31:03.06600,1923.750,22
03:31:03.58900,1923.750,11
03:31:06.37800,1924.250,57
03:31:06.41700,1924.250,35
03:31:06.48800,1924.250,2
03:31:07.26500,1924.250,22
03:31:07.43700,1924.250,5
03:31:07.82400,1924.250,1
03:31:08.23800,1924.250,18
03:31:08.52700,1924.250,22
03:31:08.60500,1924.000,3
03:31:09.03500,1924.250,1
03:31:09.75000,1924.250,1
03:31:10.11300,1924.000,4
03:31:11.65600,1924.000,21
03:31:11.89000,1924.000,9
03:31:12.03900,1924.000,5
03:31:13.19100,1924.000,1
03:31:14.27300,1924.000,6
03:31:15.17100,1924.000,20
03:31:16.51900,1924.000,17
03:31:18.28100,1924.000,11
03:31:18.56600,1924.000,1
03:31:19.03100,1923.750,1
03:31:19.82800,1924.000,1
03:31:22.01100,1923.750,1
03:31:22.33200,1924.000,5
03:31:22.41400,1924.000,12
03:31:23.94500,1924.000,2
03:31:24.34300,1924.000,3
03:31:24.97200,1924.250,56
03:31:25.53100,1924.250,27
03:31:25.60100,1924.250,5
03:31:25.80400,1924.250,1
03:31:26.58200,1924.000,6
03:31:26.83500,1924.250,2
03:31:26.90200,1924.250,1
03:31:27.89800,1924.000,1
03:31:28.12800,1924.000,26
03:31:29.71800,1924.000,11
03:31:32.76100,1924.000,33
03:31:33.96000,1924.250,21
03:31:37.07400,1924.250,1
03:31:38.17100,1924.500,57
03:31:39.27700,1924.750,10
03:31:39.70300,1924.750,51
03:31:39.89800,1925.000,10
03:31:40.04200,1925.000,1
03:31:40.35100,1925.000,1
03:31:40.81200,1925.000,3
03:31:41.17100,1924.750,55
03:31:42.92900,1924.750,2
03:31:43.16400,1924.500,15
03:31:43.78500,1924.750,3
03:31:43.90600,1925.000,29
03:31:44.00300,1925.000,3
03:31:44.27700,1925.250,12
03:31:44.49200,1925.000,2
03:31:44.55400,1925.000,1
03:31:44.77300,1925.000,9
03:31:45.63200,1925.000,1
03:31:46.35500,1925.000,47
03:31:47.76100,1925.000,26
03:31:47.80800,1925.000,1
03:31:48.56200,1925.000,3
03:31:48.96400,1925.250,7
03:31:49.12800,1925.000,6
03:31:50.54600,1924.750,126
03:31:50.85500,1925.000,35
03:31:52.38600,1925.000,1
03:31:53.37100,1924.750,1
03:31:54.60100,1924.750,10
03:31:56.15600,1925.000,2
03:31:58.55400,1925.000,40
03:31:59.05800,1925.000,24
03:32:00.62800,1925.000,2
03:32:00.79600,1925.000,14
03:32:01.43700,1925.000,29
03:32:04.91000,1925.000,1
03:32:06.68300,1925.250,19
03:32:06.75000,1925.250,3
03:32:07.85500,1925.250,1
03:32:08.90600,1925.250,2
03:32:09.51500,1925.250,7
03:32:11.87100,1925.250,1
03:32:17.19500,1925.250,8
03:32:20.80400,1925.250,60
03:32:21.20700,1925.250,14
03:32:21.34300,1925.250,1
03:32:21.41700,1925.250,5
03:32:22.16000,1925.250,1
03:32:23.46400,1925.000,53
03:32:24.12800,1925.000,7
03:32:25.12500,1925.000,1
03:32:27.10900,1925.000,40
03:32:29.24600,1925.250,1
03:32:29.77700,1925.000,69
03:32:31.12500,1925.250,5
03:32:31.56600,1925.000,3
03:32:32.89000,1925.000,5
03:32:34.25300,1925.000,11
03:32:35.20700,1924.500,16
03:32:35.61700,1924.750,16
03:32:37.20300,1924.750,1
03:32:42.82400,1925.000,1
03:32:44.67100,1925.000,23
03:32:44.76900,1925.000,9
03:32:45.03500,1925.000,1
03:32:45.56600,1925.000,1
03:32:45.93300,1925.000,7
03:32:48.40200,1925.000,4
03:32:49.23400,1925.000,2
03:32:53.14400,1925.000,48
03:32:53.53500,1925.000,8
03:32:55.04200,1925.000,2
03:32:58.95700,1925.000,1
03:33:03.17100,1924.750,89
03:33:04.50300,1925.000,9
03:33:05.80800,1925.250,47
03:33:06.53100,1925.250,7
03:33:09.94900,1925.500,45
03:33:10.03100,1925.500,10
03:33:10.21800,1925.750,12
03:33:10.29600,1925.500,3
03:33:10.41400,1925.500,5
03:33:10.94900,1925.500,5
03:33:11.53900,1925.500,11
03:33:11.70700,1925.500,1
03:33:12.50700,1925.500,5
03:33:13.39400,1925.500,6
03:33:13.53100,1925.500,1
03:33:14.78900,1925.500,8
03:33:15.29600,1925.500,9
03:33:16.38200,1925.500,15
03:33:16.44900,1925.500,30
03:33:16.78100,1925.500,1
03:33:17.70300,1925.500,1
03:33:19.60500,1925.250,47
03:33:19.76100,1925.000,1
03:33:19.94100,1925.250,3
03:33:20.16000,1925.250,5
03:33:22.70300,1925.250,18
03:33:25.64000,1925.500,11
03:33:26.01100,1925.500,7
03:33:26.55000,1925.500,2
03:33:27.94100,1925.250,2
03:33:29.16700,1925.500,1
03:33:29.20700,1925.500,2
03:33:30.53500,1925.500,1
03:33:33.51900,1926.000,117
03:33:33.57400,1926.000,1
03:33:33.93700,1925.750,1
03:33:34.08500,1925.750,3
03:33:34.33200,1925.750,15
03:33:34.51100,1925.750,3
03:33:34.62800,1925.750,4
03:33:34.82800,1925.750,6
03:33:35.09700,1925.750,5
03:33:35.51100,1925.750,1
03:33:37.33200,1925.750,2
03:33:38.03500,1925.750,1
03:33:38.74200,1925.750,14
03:33:40.05000,1926.000,1
03:33:40.39400,1926.000,1
03:33:40.83500,1925.750,2
03:33:41.24200,1926.000,25
03:33:41.72600,1926.000,1
03:33:42.36300,1926.000,1
03:33:43.83900,1925.750,16
03:33:44.03100,1925.750,42
03:33:45.26100,1925.500,56
03:33:46.66700,1925.500,3
03:33:47.76100,1925.250,24
03:33:48.27700,1925.250,12
03:33:50.15600,1925.250,18
03:33:50.90200,1925.500,1
03:33:52.82000,1925.750,39
03:33:54.22200,1925.750,6
03:33:56.43700,1925.750,1
03:33:57.58900,1926.000,56
03:33:58.30400,1926.000,21
03:33:58.80400,1926.000,2
03:34:00.26900,1926.000,6
03:34:00.37800,1926.000,1
03:34:00.52700,1926.000,29
03:34:01.39800,1926.000,1
03:34:01.73000,1926.000,2
03:34:03.31200,1926.000,1
03:34:04.66700,1926.000,1
03:34:04.91700,1926.000,13
03:34:05.73400,1926.000,7
03:34:06.21400,1926.250,15
03:34:06.28900,1926.250,5
03:34:06.52700,1926.000,1
03:34:07.55400,1926.000,1
03:34:07.89400,1926.000,45
03:34:09.13200,1926.000,6
03:34:10.03100,1926.000,2
03:34:10.10900,1926.000,1
03:34:11.62500,1926.000,1
03:34:11.95700,1926.250,51
03:34:11.96000,1926.250,7
03:34:12.20300,1926.500,2
03:34:12.59300,1926.500,3
03:34:12.77700,1926.500,65
03:34:13.13600,1926.500,4
03:34:13.25000,1926.500,1
03:34:13.69500,1926.750,1
03:34:14.80400,1926.750,1
03:34:15.07800,1926.500,9
03:34:15.33900,1926.500,5
03:34:16.11300,1926.500,9
03:34:16.54600,1926.500,1
03:34:17.33200,1926.750,10
03:34:17.59300,1926.500,1
03:34:17.85500,1926.500,16
03:34:18.46400,1926.500,38
03:34:18.69500,1926.750,1
03:34:22.63200,1926.500,2
03:34:23.71800,1926.500,1
03:34:24.35100,1926.750,1
03:34:24.96800,1926.750,88
03:34:25.36300,1926.750,2
03:34:26.58200,1926.750,10
03:34:30.77700,1926.750,48
03:34:34.02300,1926.750,38
03:34:37.00300,1926.500,72
03:34:38.37800,1926.500,1
03:34:39.05400,1926.500,51
03:34:41.93700,1926.500,10
03:34:43.14400,1926.250,68
03:34:43.19900,1926.250,5
03:34:43.34700,1926.250,17
03:34:44.03900,1926.250,5
03:34:46.58500,1926.250,1
03:34:46.77300,1926.500,36
03:34:49.30400,1926.500,7
03:34:50.40200,1926.500,22
03:34:50.53100,1926.500,3
03:34:51.07400,1926.750,4
03:34:51.67100,1926.500,1
03:34:53.03500,1926.500,1
03:34:54.78100,1926.750,1
03:34:55.15600,1926.750,2
03:35:00.04600,1926.750,41
03:35:00.07000,1926.750,4
03:35:00.12500,1926.750,6
03:35:00.22600,1926.750,1
03:35:00.48800,1926.750,1
03:35:01.11700,1926.750,1
03:35:02.28500,1926.750,47
03:35:02.40600,1926.750,1
03:35:04.06600,1927.000,6
03:35:04.25300,1926.750,2
03:35:04.44900,1926.750,3
03:35:04.53500,1927.000,1
03:35:04.73400,1926.750,18
03:35:05.60500,1927.000,50
03:35:05.82800,1926.750,43
03:35:05.92500,1926.500,7
03:35:06.00700,1926.750,1
03:35:06.96800,1926.750,37
03:35:09.34300,1926.750,50
03:35:10.26100,1926.500,1
03:35:11.25300,1926.250,91
03:35:11.93700,1926.250,1
03:35:12.08500,1926.250,1
03:35:12.51500,1926.250,10
03:35:13.53500,1926.250,3
03:35:14.48800,1926.250,50
03:35:15.28500,1926.000,3
03:35:15.46400,1926.250,19
03:35:17.70700,1926.250,20
03:35:19.00300,1926.250,5
03:35:19.82000,1926.250,2
03:35:20.14000,1926.000,35
03:35:20.71400,1926.000,13
03:35:21.10500,1926.000,1
03:35:21.25700,1926.000,9
03:35:22.28100,1926.000,11
03:35:24.82000,1925.750,47
03:35:24.83900,1925.750,8
03:35:25.52300,1925.750,51
03:35:25.60100,1925.750,1
03:35:25.71000,1925.750,4
03:35:30.38600,1925.750,56
03:35:32.38200,1926.000,63
03:35:32.50000,1925.750,4
03:35:33.31200,1926.250,16
03:35:33.72600,1926.000,2
03:35:35.32800,1926.000,5
03:35:35.61300,1926.000,2
03:35:36.14400,1925.750,1
03:35:36.25300,1926.250,5
03:35:36.77300,1926.000,1
03:35:37.52700,1926.000,2
03:35:39.39800,1926.250,24
03:35:40.22600,1926.500,20
03:35:42.94500,1926.250,25
03:35:44.82800,1926.250,44
03:35:45.56200,1926.250,16
03:35:46.70300,1926.250,12
03:35:46.84300,1926.250,40
03:35:49.37100,1926.500,27
03:35:51.16400,1926.750,1
03:35:53.03100,1926.500,2
03:35:53.96800,1926.500,3
03:35:54.45300,1926.750,77
03:35:54.60900,1926.750,1
03:35:55.65600,1926.500,1
03:35:55.92100,1926.500,10
03:36:00.10100,1926.500,36
03:36:00.28500,1926.500,17
03:36:00.47600,1926.500,1
03:36:03.47200,1926.750,5
03:36:06.14800,1926.750,269
03:36:06.24200,1926.750,3
03:36:06.42900,1926.750,4
03:36:06.66700,1926.750,10
03:36:07.10900,1926.750,9
03:36:07.57000,1926.750,3
03:36:07.89000,1926.750,5
03:36:08.96400,1926.750,8
03:36:10.33500,1926.750,19
03:36:10.57400,1927.000,2
03:36:11.59300,1927.000,1
03:36:12.12500,1926.750,30
03:36:12.35900,1926.500,1
03:36:12.59700,1926.500,18
03:36:13.00300,1926.750,5
03:36:14.12500,1926.750,1
03:36:18.76900,1926.750,1
03:36:21.15200,1926.750,2
03:36:21.18300,1926.750,40
03:36:22.07800,1927.000,1
03:36:23.60900,1927.000,3
03:36:25.26500,1927.000,1
03:36:26.26100,1927.000,48
03:36:29.56200,1926.750,40
03:36:31.32800,1926.750,52
03:36:31.34300,1926.750,4
03:36:31.67500,1926.500,20
03:36:34.03500,1926.750,9
03:36:34.80400,1926.750,29
03:36:36.84700,1926.750,1
03:36:37.90600,1927.000,96
03:36:38.47600,1927.000,9
03:36:40.57000,1927.000,1
03:36:41.34700,1927.000,1
03:36:44.52300,1927.000,1
03:36:46.95300,1927.000,48
03:36:47.89800,1927.000,12
03:36:49.18300,1927.000,3
03:36:49.70700,1926.750,1
03:36:50.07000,1926.750,2
03:36:50.58200,1927.000,11
03:36:52.28900,1927.000,15
03:36:52.41700,1927.250,7
03:36:53.12500,1927.000,9
03:36:54.57000,1927.250,4
03:36:55.45300,1927.000,2
03:36:56.27300,1927.000,4
03:36:57.01900,1927.000,10
03:36:57.14400,1927.000,26
03:36:57.28100,1926.750,1
03:36:57.56200,1927.000,11
03:36:58.21800,1926.750,15
03:36:59.62800,1926.750,17
03:37:00.28900,1926.750,11
03:37:00.50000,1926.750,9
03:37:01.78900,1926.750,3
03:37:02.24600,1926.750,8
03:37:04.70700,1926.750,5
03:37:05.55400,1926.750,2
03:37:05.62800,1926.750,51
03:37:06.14800,1927.000,43
03:37:06.31200,1927.000,2
03:37:06.91400,1926.750,2
03:37:08.13600,1926.750,17
03:37:08.71000,1926.500,1
03:37:08.94900,1926.750,3
03:37:10.00700,1927.000,16
03:37:10.23800,1927.000,5
03:37:11.66700,1926.750,1
03:37:11.92900,1926.750,46
03:37:12.51100,1926.750,9
03:37:13.02300,1926.750,10
03:37:14.06600,1926.750,1
03:37:14.58200,1926.750,24
03:37:15.53500,1926.750,7
03:37:16.08500,1926.750,35
03:37:16.50700,1926.750,7
03:37:16.85900,1926.750,2
03:37:17.39000,1927.000,4
03:37:17.49600,1927.000,2
03:37:17.86300,1926.750,4
03:37:18.62100,1927.000,17
03:37:19.54200,1926.750,1
03:37:19.94100,1926.750,38
03:37:20.12800,1926.750,1
03:37:20.26900,1926.750,8
03:37:21.30000,1927.000,1
03:37:21.75000,1926.750,1
03:37:22.37100,1926.750,14
03:37:23.42100,1927.000,1
03:37:24.78100,1926.750,34
03:37:25.73000,1926.750,1
03:37:26.17900,1926.750,1
03:37:28.00700,1926.750,2
03:37:28.58500,1926.750,1
03:37:29.53500,1926.750,11
03:37:30.00000,1926.750,39
03:37:30.08200,1926.500,2
03:37:30.85500,1926.500,4
03:37:30.95300,1926.750,3
03:37:32.37500,1926.750,1
03:37:32.48800,1926.500,1
03:37:32.92900,1926.750,4
03:37:33.95700,1926.500,39
03:37:34.08200,1926.500,3
03:37:34.19900,1926.500,1
03:37:34.38600,1926.250,84
03:37:35.63600,1926.000,1
03:37:36.25700,1926.250,11
03:37:37.08900,1926.250,1
03:37:39.26900,1926.250,74
03:37:41.04600,1926.500,41
03:37:48.09300,1926.500,1
03:37:53.57800,1926.500,1
03:37:55.30000,1926.500,1
03:37:56.07800,1926.500,1
03:37:58.58200,1926.500,4
03:37:58.66700,1926.500,72
03:37:59.40600,1926.250,7
03:38:00.75700,1926.000,14
03:38:00.91700,1926.250,1
03:38:02.66000,1926.250,2
03:38:03.82800,1926.500,138
03:38:03.90200,1926.500,9
03:38:04.17100,1926.500,8
03:38:04.41000,1926.500,2
03:38:07.67900,1926.500,34
03:38:07.85500,1926.250,1
03:38:08.41400,1926.250,1
03:38:09.88600,1926.500,2
03:38:10.09700,1926.500,1
03:38:11.31200,1926.750,14
03:38:13.29200,1927.000,48
03:38:13.37100,1927.000,3
03:38:13.47600,1927.000,2
03:38:13.60500,1927.000,2
03:38:14.70300,1927.250,11
03:38:15.36700,1927.000,5
03:38:15.75000,1927.000,6
03:38:17.54600,1927.000,42
03:38:18.65600,1927.000,54
03:38:19.82800,1926.750,2
03:38:20.28500,1926.750,1
03:38:21.40600,1926.750,16
03:38:22.08200,1926.750,1
03:38:22.54200,1926.500,31
03:38:22.79200,1926.250,2
03:38:23.14000,1926.250,9
03:38:23.29600,1926.250,1
03:38:23.85100,1926.000,2
03:38:24.60100,1926.250,24
03:38:25.19500,1926.250,18
03:38:26.35900,1926.250,1
03:38:26.58500,1926.250,2
03:38:27.10900,1926.250,1
03:38:27.54600,1926.250,1
03:38:28.94100,1926.500,17
03:38:30.91000,1926.500,2
03:38:31.35100,1926.750,1
03:38:32.92500,1926.750,1
03:38:33.89000,1926.750,26
03:38:36.32800,1927.000,11
03:38:36.57000,1927.000,16
03:38:37.38200,1927.000,14
03:38:37.67500,1927.000,1
03:38:39.76900,1926.750,63
03:38:40.11700,1926.500,1
03:38:40.45700,1926.750,17
03:38:41.68300,1926.750,11
03:38:44.93300,1926.750,5
03:38:46.10100,1926.750,2
03:38:46.89800,1926.500,4
03:38:49.51500,1926.500,23
03:38:52.23400,1926.250,3
03:38:53.82000,1926.250,1
03:38:54.15200,1926.250,25
03:38:55.22600,1926.250,18
03:38:56.23000,1926.250,2
03:39:00.60900,1926.250,25
03:39:01.44500,1926.500,4
03:39:01.89800,1926.500,1
03:39:02.26100,1926.500,33
03:39:02.69100,1926.250,2
03:39:06.41400,1926.500,9
03:39:06.94500,1926.500,2
03:39:07.75700,1926.500,4
03:39:14.61300,1926.500,5
03:39:14.76100,1926.500,24
03:39:15.51500,1926.500,24
03:39:16.21000,1926.500,5
03:39:17.87800,1926.500,7
03:39:22.13200,1926.500,10
03:39:31.85100,1926.250,50
03:39:33.18300,1926.250,32
03:39:33.63200,1926.250,4
03:39:34.10100,1926.500,35
03:39:34.71000,1926.250,1
03:39:35.31600,1926.250,20
03:39:35.94500,1926.250,1
03:39:37.21400,1926.250,11
03:39:37.84300,1926.250,2
03:39:38.04600,1926.250,1
03:39:39.02300,1926.250,10
03:39:40.42100,1926.500,22
03:39:41.45700,1926.500,4
03:39:42.71800,1926.500,11
03:39:44.28900,1926.500,11
03:39:47.06200,1926.750,51
03:39:48.28900,1926.750,14
03:39:48.71800,1926.750,5
03:39:51.20300,1926.750,1
03:39:53.00300,1926.750,38
03:39:57.65600,1926.750,12
03:39:58.49200,1927.000,1
03:39:59.21400,1927.000,1
03:39:59.40200,1927.000,33
03:40:00.51500,1927.000,16
03:40:01.21400,1927.000,1
03:40:01.44100,1927.000,16
03:40:01.96800,1927.000,3
03:40:05.13200,1927.250,3
03:40:05.60100,1927.250,1
03:40:07.46800,1927.000,1
03:40:08.80000,1927.250,67
03:40:09.07400,1927.250,11
03:40:09.26500,1927.000,1
03:40:09.60500,1927.000,1
03:40:09.88200,1927.000,1
03:40:10.89000,1927.250,53
03:40:11.45300,1927.000,5
03:40:11.96400,1926.750,5
03:40:12.95700,1926.750,24
03:40:13.04200,1927.000,1
03:40:16.49600,1927.000,1
03:40:16.92900,1927.000,31
03:40:17.04600,1927.000,4
03:40:17.21800,1927.000,9
03:40:18.03100,1927.000,2
03:40:19.01500,1927.000,2
03:40:23.66700,1927.000,5
03:40:24.77300,1927.000,21
03:40:25.37500,1927.000,30
03:40:27.46000,1926.750,35
03:40:28.77700,1926.750,23
03:40:31.58200,1927.000,50
03:40:33.03100,1926.750,24
03:40:33.92100,1926.750,5
03:40:36.06200,1926.500,43
03:40:37.32000,1926.500,37
03:40:38.10100,1926.500,15
03:40:38.97200,1926.500,1
03:40:39.53100,1926.500,7
03:40:40.40200,1926.500,10
03:40:40.92900,1926.500,1
03:40:41.39400,1926.500,6
03:40:43.33500,1926.500,10
03:40:44.50000,1926.500,4
03:40:46.13600,1926.500,54
03:40:46.27700,1926.500,1
03:40:47.19500,1926.500,20
03:40:47.38600,1926.500,1
03:40:51.52700,1926.500,9
03:40:53.52300,1926.000,79
03:40:54.50300,1926.250,28
03:40:54.68300,1926.250,1
03:40:56.79200,1926.500,9
03:40:58.03900,1926.250,25
03:40:58.62100,1926.000,22
03:40:59.17100,1926.000,1
03:41:03.23000,1926.250,45
03:41:06.29200,1926.250,1
03:41:06.54200,1926.250,5
03:41:07.10900,1926.000,48
03:41:08.10500,1926.000,14
03:41:09.69500,1926.000,15
03:41:10.12100,1926.000,3
03:41:13.15200,1926.000,1
03:41:14.52300,1925.750,1
03:41:16.07000,1926.000,2
03:41:17.48800,1925.750,93
03:41:17.55000,1925.750,11
03:41:17.73400,1925.750,5
03:41:18.34300,1925.750,1
03:41:20.46000,1925.750,1
03:41:20.67100,1925.750,1
03:41:21.16700,1925.500,1
03:41:21.44100,1925.750,24
03:41:21.55800,1925.750,3
03:41:22.83500,1925.500,1
03:41:23.09700,1925.500,2
03:41:23.26500,1925.500,1
03:41:23.41400,1925.750,2
03:41:23.58200,1925.750,1
03:41:23.89400,1926.000,2
03:41:26.31600,1925.750,2
03:41:27.10500,1926.000,1
03:41:27.80800,1925.750,54
03:41:28.02700,1925.750,1
03:41:28.11300,1926.000,24
03:41:28.28900,1925.750,1
03:41:28.91000,1925.750,2
03:41:32.25700,1925.750,11
03:41:32.61300,1925.750,2
03:41:33.92500,1926.000,50
03:41:34.01900,1926.000,5
03:41:34.16700,1926.000,3
03:41:34.60900,1926.000,8
03:41:36.12500,1925.750,18
03:41:37.93700,1925.500,3
03:41:39.25300,1925.750,4
03:41:42.96800,1925.500,52
03:41:43.60500,1925.500,7
03:41:45.31200,1925.500,1
03:41:46.12800,1925.500,7
03:41:46.53900,1925.500,9
03:41:47.02300,1925.500,5
03:41:48.62100,1925.500,11
03:41:49.54200,1925.000,35
03:41:49.69900,1925.000,2
03:41:50.77300,1925.250,20
03:41:51.25000,1925.250,4
03:41:52.16000,1925.000,2
03:41:52.26100,1925.250,8
03:41:52.57400,1925.250,10
03:41:54.34300,1925.500,9
03:41:54.42500,1925.500,16
03:41:55.91000,1925.500,1
03:41:57.22200,1925.500,30
03:41:59.13600,1925.500,2
03:42:00.94100,1925.500,4
03:42:02.28500,1925.750,21
03:42:02.53100,1925.750,2
03:42:02.78100,1925.500,37
03:42:03.20300,1925.250,12
03:42:03.41400,1925.250,26
03:42:04.64400,1925.250,1
03:42:05.21000,1925.250,19
03:42:05.73400,1925.250,7
03:42:10.79600,1925.250,12
03:42:16.05800,1925.250,28
03:42:16.91000,1925.250,1
03:42:18.74200,1925.250,17
03:42:22.60500,1925.250,60
03:42:23.13200,1925.250,68
03:42:23.75300,1925.000,48
03:42:23.82800,1925.000,16
03:42:24.18300,1925.000,2
03:42:25.11700,1924.750,12
03:42:25.57000,1924.750,2
03:42:25.79200,1924.750,30
03:42:26.26900,1925.000,1
03:42:26.64400,1925.000,1
03:42:27.50000,1925.000,27
03:42:28.02300,1925.000,11
03:42:28.19500,1925.000,1
03:42:29.85900,1925.000,1
03:42:30.59700,1925.250,1
03:42:31.37100,1925.250,22
03:42:34.67900,1925.000,27
03:42:34.69900,1925.000,1
03:42:35.37500,1925.000,2
03:42:38.12500,1925.000,19
03:42:38.28500,1925.000,1
03:42:38.56600,1924.750,1
03:42:42.51100,1925.000,30
03:42:43.47200,1925.000,1
03:42:43.96000,1924.500,246
03:42:44.04600,1924.750,1
03:42:45.81200,1925.000,91
03:42:46.31600,1925.000,53
03:42:46.66400,1925.000,29
03:42:47.81200,1924.750,14
03:42:52.02300,1924.500,40
03:42:54.35500,1924.500,25
03:42:54.55000,1924.250,52
03:42:54.55800,1924.250,4
03:42:55.37800,1924.250,41
03:42:56.50700,1924.250,2
03:42:56.69100,1924.250,2
03:42:56.87800,1924.250,1
03:42:57.15600,1924.250,10
03:42:58.24200,1924.250,1
03:43:00.39800,1924.750,52
03:43:00.46400,1924.750,6
03:43:01.35100,1924.500,1
03:43:01.93700,1924.500,1
03:43:02.82400,1924.750,23
03:43:04.38600,1924.750,94
03:43:06.58200,1924.500,34
03:43:07.37100,1924.500,21
03:43:07.96800,1924.500,18
03:43:08.49200,1924.250,6
03:43:08.80000,1924.500,1
03:43:09.62800,1924.500,5
03:43:11.36300,1924.500,75
03:43:12.40600,1924.500,1
03:43:12.55000,1924.250,2
03:43:13.58900,1924.500,1
03:43:15.59300,1924.250,8
03:43:17.57400,1924.250,27
03:43:18.01500,1924.250,46
03:43:19.01900,1924.500,14
03:43:21.35100,1924.500,63
03:43:22.77700,1924.500,3
03:43:23.62800,1924.500,7
03:43:24.14400,1924.500,1
03:43:24.67900,1924.750,1
03:43:24.73000,1924.750,32
03:43:26.49200,1924.500,1
03:43:27.33200,1924.500,10
03:43:28.25300,1924.500,2
03:43:28.50300,1924.250,6
03:43:29.59300,1924.500,42
03:43:30.11700,1924.500,1
03:43:30.57800,1924.500,13
03:43:33.63600,1924.750,5
03:43:34.21400,1924.750,5
03:43:34.69100,1924.750,6
03:43:39.43700,1924.500,21
03:43:41.64000,1924.500,10
03:43:42.50700,1924.500,7
03:43:45.54200,1924.500,25
03:43:52.30800,1924.250,37
03:43:52.68700,1924.500,63
03:43:52.68700,1924.500,37
03:43:54.26900,1924.500,20
03:43:55.38200,1924.250,12
03:43:56.54600,1924.250,25
03:43:56.83900,1924.500,1
03:44:00.82400,1924.750,75
03:44:02.40600,1924.750,27
03:44:02.87500,1924.500,26
03:44:05.80800,1924.500,72
03:44:05.85900,1924.500,2
03:44:06.23400,1924.250,11
03:44:07.72600,1924.250,2
03:44:09.75700,1924.250,12
03:44:10.76100,1924.250,19
03:44:11.92500,1924.250,3
03:44:12.55400,1924.000,10
03:44:16.16400,1924.000,1
03:44:16.97200,1923.750,97
03:44:17.08900,1923.750,31
03:44:17.17100,1923.750,6
03:44:17.85900,1923.750,1
03:44:18.16700,1924.000,20
03:44:18.75000,1924.000,19
03:44:19.34300,1924.000,9
03:44:20.26500,1924.000,5
03:44:21.37800,1924.000,1
03:44:22.61300,1924.000,1
03:44:24.46400,1924.000,6
03:44:24.76500,1924.000,3
03:44:26.00700,1924.000,5
03:44:26.60500,1924.000,5
03:44:27.14400,1923.750,2
03:44:29.05000,1923.750,1
03:44:29.80800,1924.000,15
03:44:30.07800,1924.250,1
03:44:31.53500,1924.250,30
03:44:32.22600,1924.250,7
03:44:35.51900,1924.250,21
03:44:36.19500,1924.500,14
03:44:37.18700,1924.500,10
03:44:37.40200,1924.500,17
03:44:39.41400,1924.500,8
03:44:39.59300,1924.500,4
03:44:40.58200,1924.500,43
03:44:41.64000,1924.500,13
03:44:43.16700,1924.500,1
03:44:43.81200,1924.750,48
03:44:44.92500,1924.750,2
03:44:45.15600,1924.750,4
03:44:46.07400,1924.750,10
03:44:49.45300,1924.750,12
03:44:49.86300,1924.500,30
03:44:53.39800,1924.750,6
03:44:53.85900,1924.750,1
03:44:54.39400,1925.000,63
03:44:55.75300,1924.750,3
03:44:58.62500,1925.000,49
03:44:58.80800,1924.750,1
03:45:02.84700,1924.750,45
03:45:03.19500,1924.500,1
03:45:06.13200,1924.500,8
03:45:07.30400,1924.500,2
03:45:08.36300,1924.500,1
03:45:08.64400,1924.250,1
03:45:08.97200,1924.250,7
03:45:10.07000,1924.000,1
03:45:12.14800,1924.000,34
03:45:12.30800,1924.000,1
03:45:12.89000,1924.250,1
03:45:13.78500,1924.250,36
03:45:14.56200,1924.000,3
03:45:19.29200,1924.500,7
03:45:21.29600,1924.250,1
03:45:21.88600,1924.250,6
03:45:24.05000,1924.500,3
03:45:24.57000,1924.500,1
03:45:26.29600,1924.500,4
03:45:27.69100,1924.250,14
03:45:28.60100,1924.250,15
03:45:29.16400,1924.250,3
03:45:29.51100,1924.250,1
03:45:29.86700,1924.250,1
03:45:31.49200,1924.250,1
03:45:33.18700,1924.250,8
03:45:33.75300,1924.500,11
03:45:33.86300,1924.500,3
03:45:38.46800,1924.500,5
03:45:39.51900,1924.500,9
03:45:44.78500,1924.500,15
03:45:45.02300,1924.500,42
03:45:46.22600,1924.500,2
03:45:47.23000,1924.500,1
03:45:55.77300,1924.750,65
03:45:56.42900,1924.750,40
03:46:01.37800,1924.500,22
03:46:03.12100,1924.250,34
03:46:03.32400,1924.250,2
03:46:03.59700,1924.250,4
03:46:05.08900,1924.250,5
03:46:08.67100,1924.250,5
03:46:09.19900,1924.250,6
03:46:10.09700,1924.500,17
03:46:10.14400,1924.500,3
03:46:10.48400,1924.250,1
03:46:13.01500,1924.250,14
03:46:14.18300,1924.250,2
03:46:17.86700,1924.250,55
03:46:19.75700,1924.250,4
03:46:23.51900,1924.250,27
03:46:26.58200,1924.000,46
03:46:27.28500,1924.000,3
03:46:29.27300,1924.000,3
03:46:31.12100,1924.000,1
03:46:31.57000,1924.000,4
03:46:35.02300,1923.750,47
03:46:35.73400,1923.500,3
03:46:36.72200,1923.750,21
03:46:37.60100,1923.750,1
03:46:38.52700,1923.750,1
03:46:40.94900,1924.000,4
03:46:42.70700,1924.000,1
03:46:43.62100,1923.750,10
03:46:43.89800,1923.750,5
03:46:44.87500,1923.750,1
03:46:45.87800,1923.750,7
03:46:46.88200,1923.750,2
03:46:49.05000,1923.500,59
03:46:51.10100,1923.500,1
03:46:51.29200,1923.000,69
03:46:51.50000,1923.250,1
03:46:51.82400,1923.000,1
03:46:52.44100,1923.000,1
03:46:53.04600,1923.000,1
03:46:54.05000,1923.250,1
03:46:55.90200,1923.250,25
03:46:56.10500,1923.250,1
03:46:56.55000,1923.250,1
03:46:56.83500,1923.250,1
03:46:57.80000,1923.250,5
03:46:58.02300,1923.250,8
03:46:59.60900,1923.500,17
03:46:59.80800,1923.500,5
03:47:00.53100,1923.500,2
03:47:01.12100,1923.500,2
03:47:02.08900,1923.500,7
03:47:03.41700,1923.750,1
03:47:03.69100,1923.500,2
03:47:04.48400,1923.750,4
03:47:04.59300,1923.500,1
03:47:05.26100,1923.500,3
03:47:05.50700,1923.500,26
03:47:06.47600,1923.750,1
03:47:09.10900,1923.750,28
03:47:09.46800,1924.000,13
03:47:09.63200,1923.750,17
03:47:10.97200,1923.750,18
03:47:14.21400,1923.750,9
03:47:15.30000,1923.750,1
03:47:16.24600,1923.500,10
03:47:16.45300,1923.500,1
03:47:18.16000,1923.500,8
03:47:19.47600,1923.500,3
03:47:20.49200,1923.750,19
03:47:21.53900,1924.000,25
03:47:23.21400,1923.750,1
03:47:23.64800,1924.000,1
03:47:24.36700,1923.750,25
03:47:26.01100,1923.750,6
03:47:26.63600,1923.500,1
03:47:28.81200,1923.750,1
03:47:29.47200,1924.000,13
03:47:35.42900,1924.000,2
03:47:42.07400,1923.750,3
03:47:43.43300,1923.750,5
03:47:43.93300,1923.750,1
03:47:45.14400,1924.000,29
03:47:45.63600,1924.000,33
03:47:46.64400,1924.000,6
03:47:46.77700,1923.750,1
03:47:50.16400,1923.750,22
03:47:52.83500,1924.000,1
03:47:54.73000,1924.000,12
03:47:55.14800,1924.000,2
03:47:56.50300,1924.000,5
03:47:58.10100,1923.750,1
03:47:58.81600,1923.750,1
03:48:02.13600,1923.500,26
03:48:03.92900,1923.500,1
03:48:05.17900,1923.500,1
03:48:05.57400,1923.500,8
03:48:06.66700,1923.250,15
03:48:06.91700,1923.500,4
03:48:07.95300,1923.500,2
03:48:09.67900,1923.250,1
03:48:11.82800,1923.500,5
03:48:12.25700,1923.500,20
03:48:12.91400,1923.500,3
03:48:14.57400,1923.250,2
03:48:18.09300,1923.500,15
03:48:18.60500,1923.750,12
03:48:19.23800,1923.500,11
03:48:19.53100,1923.500,11
03:48:19.82400,1923.500,6
03:48:23.44500,1923.500,1
03:48:24.16000,1923.250,1
03:48:25.07000,1923.500,12
03:48:25.30800,1923.500,2
03:48:27.00700,1923.500,19
03:48:30.05800,1923.750,8
03:48:31.49600,1923.750,1
03:48:31.69500,1924.000,1
03:48:38.36300,1923.750,1
03:48:40.54600,1924.000,27
03:48:40.61300,1924.000,1
03:48:41.08900,1924.000,2
03:48:45.38200,1924.000,2
03:48:47.75000,1924.000,12
03:48:49.92500,1924.000,5
03:48:52.15200,1924.000,2
03:48:52.73800,1924.000,2
03:48:52.82000,1924.000,1
03:48:53.54200,1923.750,55
03:48:53.74600,1923.750,1
03:48:54.08500,1923.500,25
03:48:54.26100,1923.500,6
03:48:55.00000,1923.250,1
03:48:56.45300,1923.250,16
03:48:58.32800,1923.000,69
03:48:58.41000,1923.000,7
03:48:58.56600,1923.000,1
03:49:02.30800,1923.000,74
03:49:02.94100,1923.000,45
03:49:03.25000,1923.000,3
03:49:03.86700,1922.750,7
03:49:04.41700,1923.000,1
03:49:04.83500,1922.750,1
03:49:06.55000,1922.750,27
03:49:06.69100,1922.750,2
03:49:06.70700,1922.750,1
03:49:06.95300,1922.750,9
03:49:07.03500,1922.500,6
03:49:07.23000,1922.750,12
03:49:07.28100,1922.750,3
03:49:07.42500,1922.750,10
03:49:07.58200,1922.500,151
03:49:07.60500,1922.500,9
03:49:07.68300,1922.500,1
03:49:07.87100,1922.750,8
03:49:08.19500,1922.750,23
03:49:08.25300,1922.750,6
03:49:08.30400,1922.500,3
03:49:08.74600,1922.500,56
03:49:08.84300,1922.750,8
03:49:09.26500,1922.500,11
03:49:10.35900,1922.500,1
03:49:10.90600,1922.500,35
03:49:11.23400,1922.500,2
03:49:11.48400,1922.500,1
03:49:12.13600,1922.250,1
03:49:12.64400,1922.500,1
03:49:13.21400,1922.500,47
03:49:13.29600,1922.500,5
03:49:13.44100,1922.500,3
03:49:13.73000,1922.500,31
03:49:14.87800,1922.500,3
03:49:15.20300,1922.500,1
03:49:16.57400,1922.750,1
03:49:16.71000,1922.500,4
03:49:16.80400,1922.750,47
03:49:16.93300,1922.500,1
03:49:18.95300,1922.750,2
03:49:19.05000,1922.500,10
03:49:19.14800,1922.750,1
03:49:19.43700,1922.750,1
03:49:19.76900,1922.750,2
03:49:19.89800,1922.750,1
03:49:20.35900,1922.750,12
03:49:20.58500,1922.750,7
03:49:21.51500,1923.000,18
03:49:21.71800,1922.750,1
03:49:21.80000,1922.750,15
03:49:22.80400,1922.750,6
03:49:23.67500,1922.750,1
03:49:25.12800,1923.000,27
03:49:25.19500,1923.000,19
03:49:26.32400,1923.000,4
03:49:26.51100,1923.000,3
03:49:26.71000,1923.000,1
03:49:27.57400,1922.750,3
03:49:28.42100,1923.000,15
03:49:29.05000,1923.000,9
03:49:32.46800,1923.000,59
03:49:34.07000,1923.000,6
03:49:37.26500,1922.750,15
03:49:37.46400,1922.750,17
03:49:38.29200,1922.750,4
03:49:38.96000,1922.750,8
03:49:39.68700,1922.750,1
03:49:40.67500,1922.750,28
03:49:40.93700,1922.500,1
03:49:42.49600,1922.750,13
03:49:42.96400,1922.750,1
03:49:43.62500,1923.000,22
03:49:44.04600,1923.250,1
03:49:48.48400,1923.250,34
03:49:51.77300,1923.000,34
03:49:53.15200,1923.250,1
03:49:54.15200,1923.000,28
03:49:54.22200,1923.000,4
03:49:58.54200,1922.750,17
03:49:59.30000,1922.750,5
03:49:59.51900,1922.750,9
03:49:59.55000,1922.750,1
03:50:03.90200,1922.500,31
03:50:04.54600,1922.500,8
03:50:09.18300,1922.500,28
03:50:11.30400,1922.750,20
03:50:12.77700,1922.750,28
03:50:15.50000,1923.000,9
03:50:16.81600,1922.750,11
03:50:17.48000,1922.750,17
03:50:19.05400,1922.750,1
03:50:20.19100,1922.500,9
03:50:21.80400,1922.500,13
03:50:22.62800,1922.500,12
03:50:28.25000,1922.250,52
03:50:29.11700,1922.250,2
03:50:30.91700,1922.500,34
03:50:31.05400,1922.750,1
03:50:31.51900,1922.500,8
03:50:31.79200,1922.500,17
03:50:32.66000,1922.500,2
03:50:33.60900,1922.500,5
03:50:35.49200,1922.500,6
03:50:36.35100,1922.250,3
03:50:37.69900,1922.500,34
03:50:37.88200,1922.750,25
03:50:38.41000,1922.500,6
03:50:40.32400,1922.750,1
03:50:41.00000,1922.750,31
03:50:41.89000,1922.750,9
03:50:48.00300,1922.750,5
03:50:48.94100,1922.750,1
03:50:49.55400,1922.750,5
03:50:49.73400,1922.750,1
03:50:49.97200,1922.750,3
03:50:50.43700,1922.750,7
03:50:51.37500,1922.750,3
03:50:52.96400,1923.000,11
03:50:53.51900,1922.750,3
03:50:54.75700,1922.750,40
03:50:55.90200,1922.500,38
03:50:58.92100,1922.500,1
03:50:59.64800,1922.500,1
03:50:59.76900,1922.500,16
03:51:00.44900,1922.500,2
03:51:00.79200,1922.500,15
03:51:01.55400,1922.500,21
03:51:03.78500,1922.750,33
03:51:04.76100,1922.500,1
03:51:05.45700,1922.500,1
03:51:08.16000,1922.750,1
03:51:12.14800,1922.750,10
03:51:13.37500,1922.750,20
03:51:14.12800,1923.000,30
03:51:14.76900,1922.750,1
03:51:15.09700,1923.000,16
03:51:16.37500,1923.000,1
03:51:16.61300,1922.750,1
03:51:17.49200,1923.000,13
03:51:20.86700,1923.000,14
03:51:27.50700,1923.250,45
03:51:32.05800,1923.000,37
03:51:32.25000,1923.000,1
03:51:35.88200,1923.000,9
03:51:36.81600,1923.000,1
03:51:38.88600,1922.750,38
03:51:39.27300,1922.750,4
03:51:39.64800,1923.000,33
03:51:40.80800,1923.250,9
03:51:40.93700,1923.250,1
03:51:44.83500,1923.750,15
03:51:45.18700,1923.250,57
03:51:45.38200,1923.500,2
03:51:47.07800,1923.250,12
03:51:49.65600,1923.250,41
03:51:49.72200,1923.250,41
03:51:50.59300,1923.250,1
03:51:51.67100,1923.500,24
03:51:51.75700,1923.500,20
03:51:55.23000,1923.250,2
03:51:57.46000,1923.500,1
03:51:57.89800,1923.500,9
03:51:58.75700,1923.500,2
03:52:01.85500,1923.500,88
03:52:02.23400,1923.500,1
03:52:02.38600,1923.500,37
03:52:03.22200,1923.500,1
03:52:03.78100,1923.500,7
03:52:05.91400,1923.500,9
03:52:08.44500,1923.500,7
03:52:09.96400,1923.500,5
03:52:10.84300,1923.250,2
03:52:13.67900,1923.250,1
03:52:17.16400,1923.500,24
03:52:17.28100,1923.500,8
03:52:20.53100,1923.750,29
03:52:23.32800,1923.750,2
03:52:23.57000,1923.750,1
03:52:29.10500,1923.500,11
03:52:29.37500,1923.500,2
03:52:31.44500,1923.500,7
03:52:34.81600,1923.250,28
03:52:36.32800,1923.250,5
03:52:36.59700,1923.500,17
03:52:36.76100,1923.500,1
03:52:37.03500,1923.750,1
03:52:37.20700,1923.250,32
03:52:37.39000,1923.250,44
03:52:41.42500,1923.000,1
03:52:44.48000,1923.250,60
03:52:44.96800,1923.250,25
03:52:46.54200,1923.500,20
03:52:49.43300,1923.500,20
03:52:52.60500,1923.500,4
03:52:56.12800,1923.750,33
03:52:56.64800,1923.750,1
03:53:01.76500,1924.000,9
03:53:01.87100,1924.000,39
03:53:02.09700,1924.000,26
03:53:02.35100,1924.000,3
03:53:02.66000,1924.000,1
03:53:04.95300,1924.000,25
03:53:06.14400,1924.000,2
03:53:06.60100,1923.750,12
03:53:08.87100,1923.500,39
03:53:09.14400,1923.500,16
03:53:09.55400,1923.500,3
03:53:09.95700,1923.500,1
03:53:11.16000,1923.500,7
03:53:11.58200,1923.250,13
03:53:11.93300,1923.250,10
03:53:17.02700,1923.500,16
03:53:17.54200,1923.500,5
03:53:18.30000,1923.250,2
03:53:18.37500,1923.500,7
03:53:19.32400,1923.750,28
03:53:23.06200,1923.750,1
03:53:24.26100,1923.750,5
03:53:24.65200,1923.500,15
03:53:25.42900,1923.500,7
03:53:26.50000,1923.500,39
03:53:30.02300,1923.250,18
03:53:31.26500,1923.250,1
03:53:34.18300,1922.750,80
03:53:35.62800,1923.000,12
03:53:36.41000,1923.000,11
03:53:36.67500,1923.000,11
03:53:38.22600,1923.000,1
03:53:38.56200,1923.000,15
03:53:41.59300,1923.250,30
03:53:41.71400,1923.250,4
03:53:46.32400,1923.250,10
03:53:47.41400,1923.500,1
03:53:48.01900,1923.500,11
03:53:50.73400,1923.250,26
03:53:55.03900,1923.000,14
03:53:59.27700,1922.750,56
03:53:59.96800,1922.500,4
03:54:02.72200,1922.750,24
03:54:03.69100,1922.750,7
03:54:05.42500,1923.000,40
03:54:05.58200,1923.000,7
03:54:05.89400,1922.750,4
03:54:07.11300,1922.500,19
03:54:07.37100,1922.500,6
03:54:08.18700,1922.750,4
03:54:08.51100,1922.750,29
03:54:09.87100,1922.750,4
03:54:10.74600,1922.750,1
03:54:11.82400,1922.500,1
03:54:13.92100,1922.500,74
03:54:14.48000,1922.500,3
03:54:15.80000,1922.500,2
03:54:16.60100,1922.500,11
03:54:16.67500,1922.500,14
03:54:17.29200,1922.500,8
03:54:20.04600,1922.750,31
03:54:20.53900,1922.750,1
03:54:21.44500,1922.750,3
03:54:22.60500,1922.750,2
03:54:24.42500,1922.750,4
03:54:25.05000,1922.500,1
03:54:25.47200,1922.750,8
03:54:25.89800,1922.750,1
03:54:30.12800,1922.750,1
03:54:33.30800,1923.000,40
03:54:35.44900,1923.000,20
03:54:35.71800,1923.000,9
03:54:37.19900,1923.000,5
03:54:38.55000,1922.750,1
03:54:41.45300,1923.250,45
03:54:41.76500,1923.250,11
03:54:42.46800,1923.250,5
03:54:44.69500,1923.250,2
03:54:45.96800,1923.250,9
03:54:46.39800,1923.250,7
03:54:50.65200,1923.250,19
03:54:50.76100,1923.250,2
03:54:54.84700,1923.250,26
03:54:55.18300,1923.250,5
03:54:56.04200,1923.000,12
03:54:57.94100,1923.000,14
03:55:01.58200,1923.000,6
03:55:04.82800,1923.000,1
03:55:08.81600,1923.000,3
03:55:09.57800,1923.000,1
03:55:09.78100,1923.000,6
03:55:10.86700,1923.000,17
03:55:12.14800,1923.000,28
03:55:14.36300,1922.750,18
03:55:14.57800,1922.750,16
03:55:17.48800,1923.000,1
03:55:21.50000,1922.750,1
03:55:22.36300,1923.000,21
03:55:23.39400,1923.000,3
03:55:25.33200,1922.750,19
03:55:26.38200,1922.750,4
03:55:28.39000,1922.750,3
03:55:33.03100,1923.000,17
03:55:34.73800,1923.250,3
03:55:37.58900,1923.000,5
03:55:38.50700,1923.000,1
03:55:38.87800,1923.000,18
03:55:42.33900,1923.000,4
03:55:42.67100,1923.000,1
03:55:44.43300,1923.000,1
03:55:48.50300,1922.750,15
03:55:52.55000,1922.750,1
03:55:52.73800,1922.750,2
03:55:55.07000,1922.750,1
03:56:01.00000,1923.000,20
03:56:01.15600,1922.750,15
03:56:02.53100,1922.750,2
03:56:09.56200,1922.750,6
03:56:12.74200,1922.750,1
03:56:13.16400,1922.750,5
03:56:14.10100,1923.000,4
03:56:16.39000,1923.000,27
03:56:16.46400,1923.000,28
03:56:16.82000,1923.000,9
03:56:19.12500,1923.000,1
03:56:19.33500,1922.750,1
03:56:20.52300,1922.750,1
03:56:21.62500,1923.000,3
03:56:28.37100,1923.000,7
03:56:34.45700,1923.250,22
03:56:35.46400,1923.250,2
03:56:39.86700,1923.250,43
03:56:42.42100,1923.250,6
03:56:46.08900,1923.250,3
03:56:47.62800,1923.250,12
03:56:50.34300,1923.250,8
03:56:50.88600,1923.000,23
03:56:51.21800,1923.000,5
03:56:55.20300,1922.750,17
03:56:55.27300,1922.750,21
03:56:55.40600,1923.000,5
03:56:56.82400,1923.000,6
03:56:57.82000,1923.000,11
03:57:04.04600,1923.000,46
03:57:05.19100,1923.250,1
03:57:05.44100,1923.000,13
03:57:05.63200,1923.000,1
03:57:09.78900,1922.750,17
03:57:09.94900,1922.750,36
03:57:11.28100,1922.750,10
03:57:11.48400,1922.750,1
03:57:13.75700,1922.750,7
03:57:14.03100,1922.750,8
03:57:18.33900,1922.500,25
03:57:18.55400,1922.500,10
03:57:19.64800,1922.500,1
03:57:21.14000,1922.500,43
03:57:22.83500,1922.500,9
03:57:23.33200,1922.500,1
03:57:23.71000,1922.500,1
03:57:24.14000,1922.500,3
03:57:25.19500,1922.500,2
03:57:27.39400,1922.750,22
03:57:28.36300,1922.750,6
03:57:30.19100,1922.750,1
03:57:31.75700,1922.750,5
03:57:35.11700,1922.750,10
03:57:42.04600,1922.750,19
03:57:46.64400,1922.500,34
03:57:46.94500,1922.500,3
03:57:49.01100,1922.500,1
03:57:49.65600,1922.250,37
03:57:50.56200,1922.250,10
03:57:51.02300,1922.250,1
03:57:52.17900,1922.250,6
03:57:53.14800,1922.250,1
03:57:54.10900,1922.250,3
03:57:56.17100,1922.250,3
03:57:56.70700,1922.250,12
03:58:02.92500,1922.500,16
03:58:03.23400,1922.250,3
03:58:06.59700,1922.500,25
03:58:09.81600,1922.250,7
03:58:11.13600,1922.500,14
03:58:11.40600,1922.500,1
03:58:11.64800,1922.500,4
03:58:12.40200,1922.500,8
03:58:19.56200,1922.500,25
03:58:19.89400,1922.250,3
03:58:21.74200,1922.500,17
03:58:21.88200,1922.500,12
03:58:24.50700,1922.500,6
03:58:24.52700,1922.500,1
03:58:26.44100,1922.500,1
03:58:28.17900,1922.500,11
03:58:30.04600,1922.500,2
03:58:30.57800,1922.500,7
03:58:31.01500,1922.500,5
03:58:32.31600,1922.500,14
03:58:35.33500,1922.750,1
03:58:36.00300,1922.750,21
03:58:37.06600,1922.750,26
03:58:38.33500,1922.750,4
03:58:39.42500,1922.750,1
03:58:40.80400,1923.000,4
03:58:44.12100,1922.750,20
03:58:44.72200,1922.500,2
03:58:48.45700,1922.750,1
03:58:50.82800,1922.750,4
03:58:53.67500,1922.750,1
03:59:04.58200,1922.250,56
03:59:06.10900,1922.250,31
03:59:08.73000,1922.250,8
03:59:08.90600,1922.250,11
03:59:10.62100,1922.250,2
03:59:18.67900,1922.000,66
03:59:18.87100,1922.250,4
03:59:21.74200,1922.000,1
03:59:23.49200,1922.000,14
03:59:24.76100,1922.250,14
03:59:26.64400,1922.500,20
03:59:26.84700,1922.500,8
03:59:27.37100,1922.500,2
03:59:28.78100,1922.750,8
03:59:29.19500,1922.500,44
03:59:29.31600,1922.500,6
03:59:33.72200,1922.500,31
03:59:35.73400,1922.500,3
03:59:39.85900,1922.500,5
03:59:40.33500,1922.250,71
03:59:40.83500,1922.250,5
03:59:42.96400,1922.250,1
03:59:43.50300,1922.000,1
03:59:47.77700,1922.000,2
03:59:52.24600,1922.000,6
03:59:56.58200,1922.250,1
04:00:01.28500,1922.250,0
04:00:01.73800,1922.500,56
04:00:02.00000,1922.750,2
04:00:02.69900,1922.500,1
04:00:04.32400,1922.500,32
04:00:07.38600,1922.500,22
04:00:08.02700,1922.500,49
04:00:08.78900,1922.500,21
04:00:09.27700,1922.500,13
04:00:10.10900,1922.500,1
04:00:10.28900,1922.500,1
04:00:10.44900,1922.500,13
04:00:10.53100,1922.500,19
04:00:10.90200,1922.500,1
04:00:12.12100,1922.500,5
04:00:12.21800,1922.500,1
04:00:13.21000,1922.250,20
04:00:15.35900,1922.500,22
04:00:16.38200,1922.500,19
04:00:17.31200,1922.750,53
04:00:18.38200,1922.750,5
04:00:20.21800,1922.500,6
04:00:24.07400,1922.750,22
04:00:27.06200,1922.750,17
04:00:29.71800,1923.000,254
04:00:29.80400,1923.250,22
04:00:29.87800,1923.250,2
04:00:30.21400,1923.500,12
04:00:30.53900,1923.000,23
04:00:30.72600,1923.250,2
