13:00:00.09300,1924.500,0
13:00:00.16000,1924.500,31
13:00:00.33900,1924.500,2
13:00:00.38600,1924.250,1
13:00:00.53500,1924.500,2
13:00:00.66400,1924.500,1
13:00:01.74600,1924.250,8
13:00:01.93300,1924.500,2
13:00:02.08500,1924.250,124
13:00:02.21400,1924.250,3
13:00:02.52300,1924.000,3
13:00:03.51900,1924.000,2
13:00:03.75700,1924.250,9
13:00:04.07400,1924.250,30
13:00:04.31200,1924.250,10
13:00:05.26500,1924.250,1
13:00:05.79600,1924.000,5
13:00:06.17900,1924.250,2
13:00:06.84300,1924.250,4
13:00:07.61700,1924.250,5
13:00:08.19900,1924.250,1
13:00:08.40200,1924.000,5
13:00:11.01100,1924.250,1
13:00:11.41700,1924.000,2
13:00:12.13600,1924.000,4
13:00:12.32000,1924.250,25
13:00:14.34700,1924.250,1
13:00:15.52700,1924.250,2
13:00:15.83200,1924.250,3
13:00:16.14000,1924.000,2
13:00:16.57400,1924.250,2
13:00:17.66400,1924.000,183
13:00:17.95700,1924.000,3
13:00:18.45700,1924.000,37
13:00:18.66700,1924.000,10
13:00:19.30000,1924.000,1
13:00:19.77700,1924.250,11
13:00:21.24200,1924.000,16
13:00:21.56600,1924.250,1
13:00:23.71000,1924.250,1
13:00:24.08500,1924.250,12
13:00:26.74200,1924.000,1
13:00:28.05000,1924.000,6
13:00:30.00000,1924.250,49
13:00:30.32400,1924.000,1
13:00:30.69900,1924.000,1
13:00:31.93300,1924.250,1
13:00:32.53100,1924.000,1
13:00:33.76500,1924.000,32
13:00:33.76900,1924.000,36
13:00:34.42900,1924.000,6
13:00:35.01100,1924.000,27
13:00:35.54200,1924.000,7
13:00:37.19100,1924.000,1
13:00:37.41400,1924.000,1
13:00:37.62800,1924.000,34
13:00:38.54600,1924.000,1
13:00:39.60500,1924.000,5
13:00:40.14800,1924.000,9
13:00:41.39400,1924.000,34
13:00:42.11300,1924.000,1
13:00:43.95300,1924.000,1
13:00:44.91000,1923.750,24
13:00:46.17900,1923.750,1
13:00:47.62500,1923.750,3
13:00:47.89400,1923.750,2
13:00:48.54200,1924.000,2
13:00:50.14800,1923.750,2
13:00:53.07400,1924.000,2
13:00:55.01900,1924.000,49
13:00:55.84700,1924.000,1
13:00:57.61700,1924.250,20
13:00:59.96800,1924.250,4
13:01:01.48000,1924.000,22
13:01:02.30800,1924.250,1
13:01:02.66000,1924.000,75
13:01:07.41400,1924.000,1
13:01:08.01500,1923.750,1
13:01:10.18300,1923.750,105
13:01:10.76900,1923.750,1
13:01:11.24200,1923.750,45
13:01:11.89400,1924.000,3
13:01:12.30400,1923.750,5
13:01:12.48000,1923.750,5
13:01:14.62100,1924.000,4
13:01:15.42100,1924.000,2
13:01:16.21400,1923.750,1
13:01:18.70700,1923.750,1
13:01:18.94500,1923.750,1
13:01:19.26100,1923.750,8
13:01:19.47600,1923.750,19
13:01:20.80400,1923.750,47
13:01:21.19500,1923.750,1
13:01:22.22600,1923.750,2
13:01:22.56200,1924.000,3
13:01:22.86300,1924.000,101
13:01:24.26100,1924.000,6
13:01:24.75700,1924.000,37
13:01:25.15200,1924.000,1
13:01:25.89000,1923.750,1
13:01:26.01500,1924.000,15
13:01:26.48800,1924.000,43
13:01:27.57400,1924.000,11
13:01:28.17500,1924.000,17
13:01:31.55400,1923.750,1
13:01:33.00700,1924.000,80
13:01:33.08900,1924.000,18
13:01:33.67500,1924.000,2
13:01:36.96000,1924.000,1
13:01:37.83500,1924.000,4
13:01:39.33500,1924.000,1
13:01:42.51900,1924.250,16
13:01:43.34700,1924.250,1
13:01:43.80400,1924.000,1
13:01:44.10900,1924.000,1
13:01:44.51500,1924.250,4
13:01:44.96800,1924.250,5
13:01:46.25000,1924.000,2
13:01:47.23800,1924.000,65
13:01:49.92500,1924.250,3
13:01:51.37100,1924.250,2
13:01:54.97200,1924.250,1
13:01:57.35100,1924.000,1
13:01:58.92500,1924.000,1
13:02:00.52700,1924.000,4
13:02:01.16400,1924.250,1
13:02:02.92500,1924.250,86
13:02:03.48400,1924.250,16
13:02:03.73800,1924.250,29
13:02:04.75300,1924.250,2
13:02:05.20300,1924.250,4
13:02:05.87800,1924.250,1
13:02:06.20300,1924.250,10
13:02:07.92100,1924.000,1
13:02:09.19100,1924.250,1
13:02:09.38600,1924.000,1
13:02:09.50700,1924.000,1
13:02:09.67100,1924.000,1
13:02:10.95700,1924.000,97
13:02:12.40600,1924.250,104
13:02:13.28500,1924.000,28
13:02:13.34700,1924.000,2
13:02:13.42100,1924.000,11
13:02:13.67900,1924.000,8
13:02:14.01500,1924.000,5
13:02:14.90200,1924.250,6
13:02:15.17100,1924.000,4
13:02:16.27700,1924.000,1
13:02:18.72200,1924.000,2
13:02:19.94100,1924.000,5
13:02:21.89000,1924.000,1
13:02:22.26900,1924.250,73
13:02:23.97200,1924.500,41
13:02:29.96800,1924.500,5
13:02:30.07400,1924.250,35
13:02:30.27300,1924.250,1
13:02:32.33500,1924.250,30
13:02:33.34700,1924.000,94
13:02:33.85500,1924.000,1
13:02:34.15200,1924.000,1
13:02:34.54600,1924.000,1
13:02:36.46000,1924.000,32
13:02:36.80800,1924.000,1
13:02:38.05000,1924.000,1
13:02:39.48800,1923.750,2
13:02:41.29600,1923.750,3
13:02:43.19100,1923.750,48
13:02:44.62800,1923.750,2
13:02:46.30800,1923.750,1
13:02:47.63600,1924.000,5
13:02:50.16000,1924.000,5
13:02:52.64800,1923.750,10
13:02:53.42100,1924.000,28
13:02:54.04200,1924.000,116
13:02:55.19100,1923.750,1
13:02:55.82800,1924.000,4
13:02:56.49200,1924.000,5
13:02:58.31600,1924.000,1
13:02:58.66700,1924.000,1
13:02:59.76500,1924.250,1
13:02:59.96800,1924.250,5
13:03:01.19900,1924.000,59
13:03:01.25000,1924.250,8
13:03:01.82400,1924.250,20
13:03:05.05400,1924.500,8
13:03:06.01100,1924.500,2
13:03:06.71400,1924.250,1
13:03:07.34300,1924.500,3
13:03:07.73000,1924.250,1
13:03:10.59700,1924.500,1
13:03:10.70300,1924.500,1
13:03:12.29200,1924.250,2
13:03:12.59300,1924.250,16
13:03:13.14400,1924.250,1
13:03:14.06600,1924.250,42
13:03:14.34300,1924.250,18
13:03:14.96800,1924.500,4
13:03:15.20700,1924.250,1
13:03:17.12500,1924.250,1
13:03:17.24600,1924.500,1
13:03:18.92100,1924.500,30
13:03:19.21000,1924.250,1
13:03:22.73400,1924.250,2
13:03:24.29200,1924.250,2
13:03:25.11700,1924.500,171
13:03:27.55400,1924.500,7
13:03:28.51900,1924.500,1
13:03:28.73400,1924.500,18
13:03:29.16400,1924.500,5
13:03:29.85900,1924.500,11
13:03:29.96800,1924.500,6
13:03:30.25700,1924.500,4
13:03:30.85900,1924.500,2
13:03:31.02700,1924.500,13
13:03:31.77300,1924.500,15
13:03:32.64800,1924.500,9
13:03:33.05800,1924.500,1
13:03:33.60900,1924.500,6
13:03:33.71000,1924.500,33
13:03:35.17500,1924.250,1
13:03:38.91400,1924.500,53
13:03:39.06600,1924.500,20
13:03:39.18300,1924.500,2
13:03:40.04600,1924.500,1
13:03:44.71800,1924.250,5
13:03:44.96800,1924.500,33
13:03:45.87500,1924.500,2
13:03:46.37100,1924.250,1
13:03:47.13200,1924.250,93
13:03:49.37800,1924.250,5
13:03:55.10100,1924.250,70
13:03:56.89800,1924.250,2
13:03:59.35500,1924.250,1
13:03:59.54200,1924.250,1
13:04:04.68700,1924.250,6
13:04:06.13200,1924.250,2
13:04:08.09300,1924.250,136
13:04:09.23000,1924.250,28
13:04:09.33900,1924.250,42
13:04:10.46800,1924.250,1
13:04:15.33200,1924.000,343
13:04:16.39400,1924.000,1
13:04:16.51900,1924.000,1
13:04:17.80000,1924.000,1
13:04:20.50000,1924.000,141
13:04:20.91700,1924.000,5
13:04:23.12500,1924.250,186
13:04:25.51900,1924.250,2
13:04:27.61300,1924.250,25
13:04:29.26500,1924.250,1
13:04:30.07400,1924.250,1
13:04:30.59700,1924.250,3
13:04:33.22200,1924.250,20
13:04:33.53900,1924.250,1
13:04:36.29200,1924.250,1
13:04:37.14800,1924.250,1
13:04:38.03500,1924.500,1
13:04:38.85500,1924.250,1
13:04:39.51900,1924.500,1
13:04:39.74200,1924.500,26
13:04:39.75700,1924.500,8
13:04:45.81200,1924.500,10
13:04:46.10900,1924.500,10
13:04:46.42900,1924.250,2
13:04:50.16700,1924.500,2
13:04:50.91700,1924.250,1
13:04:53.39400,1924.500,1
13:04:56.12100,1924.250,50
13:04:57.26100,1924.250,64
13:04:57.43700,1924.000,1
13:04:57.47200,1924.000,1
13:04:59.22600,1924.250,23
13:05:01.05800,1924.250,107
13:05:01.21400,1924.000,1
13:05:01.30400,1924.000,5
13:05:02.48400,1924.250,30
13:05:02.79200,1924.250,43
13:05:03.30400,1924.250,1
13:05:04.25700,1924.250,27
13:05:05.14400,1924.500,1
13:05:05.39000,1924.250,1
13:05:05.67100,1924.250,18
13:05:08.37500,1924.250,2
13:05:10.46400,1924.250,1
13:05:10.88600,1924.250,1
13:05:14.96800,1924.250,4
13:05:15.15600,1924.000,2
13:05:15.95300,1924.000,5
13:05:16.51500,1924.250,2
13:05:17.00000,1924.250,1
13:05:17.87800,1924.250,6
13:05:18.44100,1924.000,1
13:05:19.17100,1924.000,5
13:05:20.01900,1924.000,4
13:05:22.25300,1924.000,2
13:05:22.80000,1924.000,1
13:05:25.32800,1924.000,1
13:05:26.35900,1924.000,3
13:05:26.71000,1924.000,2
13:05:27.50300,1924.000,1
13:05:29.88600,1924.000,1
13:05:29.96800,1924.250,5
13:05:30.14000,1924.250,2
13:05:30.64000,1924.250,1
13:05:31.16400,1924.250,3
13:05:33.82000,1924.000,2
13:05:40.54200,1924.000,1
13:05:41.42900,1924.250,1
13:05:45.01100,1924.250,8
13:05:46.25300,1924.000,1
13:05:46.50000,1924.000,2
13:05:47.28900,1924.000,244
13:05:47.38600,1923.750,3
13:05:48.51900,1923.750,2
13:05:50.19500,1923.750,1
13:05:50.93700,1923.750,8
13:05:51.11700,1923.750,1
13:05:51.51900,1923.750,122
13:05:51.60900,1923.750,58
13:05:51.75300,1923.750,68
13:05:51.83200,1923.750,7
13:05:52.00300,1923.500,13
13:05:52.33200,1923.500,1
13:05:52.72200,1923.750,1
13:05:53.49200,1923.500,2
13:05:53.80800,1923.750,53
13:05:54.03500,1923.750,3
13:05:54.15600,1923.750,1
13:05:54.91400,1923.750,1
13:05:55.25300,1924.000,3
13:05:56.48400,1923.750,1
13:05:56.60500,1923.750,3
13:05:57.14400,1924.000,1
13:05:58.03100,1924.000,3
13:05:58.67500,1924.000,2
13:05:59.20300,1923.750,5
13:05:59.72600,1923.750,1
13:06:05.40200,1924.000,235
13:06:05.41000,1924.000,10
13:06:05.45700,1924.000,15
13:06:07.34300,1924.250,136
13:06:07.68300,1924.500,7
13:06:07.78100,1924.250,1
13:06:08.19100,1924.250,3
13:06:08.33900,1924.500,3
13:06:08.67900,1924.500,1
13:06:09.22600,1924.500,2
13:06:10.65600,1924.250,2
13:06:11.93300,1924.500,5
13:06:12.78100,1924.500,3
13:06:13.60100,1924.250,2
13:06:13.81600,1924.250,114
13:06:14.05400,1924.250,23
13:06:14.56600,1924.250,44
13:06:14.96800,1924.500,4
13:06:16.73800,1924.500,62
13:06:17.01500,1924.500,1
13:06:17.36300,1924.500,9
13:06:17.51500,1924.500,1
13:06:19.07400,1924.250,1
13:06:19.41400,1924.250,2
13:06:20.48400,1924.250,122
13:06:21.10500,1924.250,8
13:06:24.32800,1924.250,1
13:06:24.85100,1924.250,1
13:06:27.74200,1924.000,78
13:06:29.53100,1924.250,1
13:06:31.64800,1924.000,1
13:06:34.13200,1924.000,1
13:06:41.13200,1924.000,2
13:06:42.96800,1924.250,145
13:06:43.20700,1924.250,8
13:06:44.96800,1924.250,4
13:06:46.55000,1924.250,2
13:06:47.10500,1924.250,17
13:06:47.28100,1924.250,10
13:06:47.35100,1924.250,2
13:06:47.49200,1924.250,2
13:06:47.60900,1924.250,4
13:06:50.60500,1924.250,42
13:06:51.67900,1924.000,16
13:06:52.77300,1924.250,3
13:06:53.92100,1924.000,1
13:06:54.38200,1924.000,1
13:06:55.20700,1924.000,85
13:06:55.67100,1924.250,1
13:06:55.87800,1924.250,2
13:07:01.17500,1924.250,5
13:07:01.33900,1924.000,1
13:07:02.21000,1924.000,3
13:07:03.56200,1923.750,32
13:07:03.62800,1924.000,36
13:07:04.33500,1924.000,1
13:07:06.31600,1924.000,1
13:07:06.61300,1924.000,2
13:07:07.71400,1924.000,2
13:07:08.51100,1924.000,1
13:07:08.78900,1924.250,21
13:07:09.53500,1924.000,1
13:07:09.80800,1924.250,1
13:07:10.28100,1924.250,1
13:07:10.53500,1924.250,1
13:07:13.05800,1924.000,86
13:07:14.39000,1924.250,1
13:07:16.57800,1924.000,2
13:07:16.87800,1924.000,1
13:07:20.55400,1924.000,3
13:07:21.44100,1924.000,1
13:07:23.22200,1924.000,23
13:07:25.71400,1924.000,102
13:07:25.82800,1924.000,9
13:07:25.96000,1924.000,2
13:07:26.05000,1924.000,1
13:07:26.53900,1924.000,2
13:07:26.96800,1923.750,1
13:07:27.78500,1924.000,98
13:07:27.92100,1924.000,2
13:07:29.70300,1924.000,64
13:07:30.75700,1924.000,1
13:07:31.03100,1924.000,2
13:07:36.05800,1923.750,6
13:07:36.46400,1923.750,1
13:07:37.89800,1924.000,6
13:07:38.37500,1923.750,1
13:07:40.28500,1923.750,1
13:07:41.01900,1923.750,1
13:07:42.39800,1923.750,3
13:07:42.90200,1923.750,1
13:07:44.42500,1923.750,1
13:07:44.69100,1924.000,29
13:07:45.02700,1924.250,70
13:07:45.80400,1924.250,221
13:07:48.38600,1924.000,5
13:07:51.67900,1924.000,1
13:07:52.27300,1924.250,1
13:07:52.94500,1924.250,5
13:07:53.67500,1924.000,1
13:07:56.01500,1924.250,15
13:07:57.55800,1924.250,2
13:07:58.68300,1924.250,2
13:07:59.32800,1924.250,54
13:08:00.02300,1924.250,5
13:08:00.24200,1924.500,10
13:08:01.72200,1924.500,21
13:08:02.25700,1924.250,1
13:08:06.11300,1924.250,5
13:08:07.97200,1924.500,3
13:08:09.02300,1924.500,3
13:08:11.92500,1924.500,3
13:08:13.29200,1924.250,1
13:08:14.00000,1924.250,143
13:08:16.65600,1924.000,2
13:08:17.31600,1924.000,1
13:08:19.92900,1924.250,2
13:08:21.01100,1924.000,1
13:08:22.12800,1924.000,1
13:08:22.70300,1924.250,44
13:08:24.19100,1924.250,1
13:08:24.55000,1924.750,235
13:08:24.66400,1924.750,116
13:08:24.77700,1924.500,164
13:08:24.88600,1924.500,1
13:08:25.06600,1924.500,3
13:08:25.29600,1924.500,1
13:08:25.54200,1924.500,1
13:08:25.66000,1924.500,62
13:08:25.92500,1924.500,1
13:08:26.33200,1924.500,61
13:08:26.42500,1924.500,1
13:08:27.01500,1924.500,55
13:08:27.76900,1924.250,1
13:08:27.88200,1924.500,18
13:08:29.60500,1924.750,6
13:08:30.00000,1924.750,5
13:08:30.72200,1924.750,1
13:08:30.89800,1924.750,1
13:08:31.16000,1924.750,1
13:08:31.41000,1924.750,1
13:08:31.66400,1924.750,2
13:08:31.84700,1924.750,1
13:08:32.21000,1924.500,12
13:08:34.17500,1924.750,1
13:08:35.55400,1924.750,1
13:08:36.68300,1924.500,4
13:08:37.73000,1924.500,1
13:08:38.09700,1924.500,128
13:08:42.59700,1924.250,87
13:08:44.83200,1924.500,5
13:08:46.67900,1924.250,2
13:08:47.15200,1924.500,1
13:08:51.69500,1924.250,1
13:08:53.45300,1924.250,4
13:08:57.55800,1924.250,1
13:08:57.64400,1924.250,1
13:08:59.96800,1924.500,4
13:09:01.10900,1924.250,1
13:09:02.96800,1924.500,53
13:09:03.12800,1924.750,2
13:09:04.24600,1924.500,1
13:09:05.76100,1924.500,1
13:09:08.28100,1924.750,2
13:09:08.41700,1924.750,1
13:09:09.04600,1924.750,3
13:09:09.57800,1924.750,3
13:09:11.37500,1924.750,5
13:09:15.01100,1924.750,7
13:09:16.16400,1924.500,5
13:09:16.31200,1925.000,168
13:09:16.40600,1925.000,169
13:09:16.51900,1925.000,1
13:09:16.55800,1925.000,6
13:09:18.35500,1925.000,1
13:09:19.10900,1925.000,4
13:09:19.22200,1925.000,2
13:09:20.29200,1925.000,1
13:09:21.81200,1925.000,1
13:09:22.26900,1924.750,3
13:09:22.49600,1924.750,241
13:09:22.56600,1924.750,1
13:09:23.36700,1924.750,2
13:09:24.73400,1924.750,1
13:09:25.02300,1924.750,10
13:09:25.70300,1924.500,1
13:09:26.12500,1924.500,2
13:09:26.27700,1924.750,1
13:09:27.42500,1924.750,1
13:09:27.54600,1924.750,30
13:09:28.66400,1924.500,1
13:09:30.06600,1924.750,208
13:09:30.07800,1924.750,56
13:09:30.97200,1924.750,2
13:09:34.50700,1924.500,1
13:09:36.03100,1924.500,19
13:09:36.19900,1924.500,2
13:09:38.48000,1924.750,3
13:09:40.38200,1924.500,4
13:09:42.87800,1924.500,1
13:09:43.75300,1924.750,2
13:09:44.69500,1924.500,5
13:09:44.96800,1924.750,4
13:09:45.60900,1924.500,76
13:09:45.72600,1924.500,1
13:09:46.19500,1924.500,1
13:09:46.75300,1924.250,1
13:09:48.36300,1924.750,73
13:09:48.48000,1924.750,1
13:09:50.62100,1924.500,3
13:09:50.85100,1924.750,1
13:09:51.25300,1924.500,36
13:09:51.89800,1924.500,1
13:09:53.42100,1924.500,1
13:09:53.61300,1924.750,1
13:09:54.48000,1924.500,1
13:09:55.13600,1924.750,14
13:09:55.49600,1924.750,3
13:09:55.58500,1924.750,245
13:09:56.25300,1924.500,1
13:09:57.21800,1924.750,2
13:09:57.40600,1924.500,1
13:09:59.01500,1924.500,90
13:10:00.67900,1924.500,4
13:10:01.12800,1924.500,2
13:10:01.74200,1924.500,53
13:10:02.44100,1924.750,1
13:10:02.59700,1924.500,1
13:10:04.85500,1924.500,48
13:10:05.14000,1924.500,2
13:10:06.00700,1924.250,1
13:10:07.15200,1924.250,1
13:10:08.73400,1924.250,1
13:10:09.05800,1924.250,3
13:10:10.87800,1924.500,84
13:10:11.29600,1924.500,3
13:10:11.46400,1924.500,1
13:10:12.14400,1924.750,31
13:10:12.89400,1924.500,1
13:10:14.83900,1924.500,69
13:10:14.96800,1924.750,5
13:10:16.78100,1924.500,2
13:10:17.89400,1924.500,204
13:10:18.17900,1924.500,9
13:10:20.21400,1924.500,2
13:10:21.01500,1924.500,21
13:10:22.12100,1924.750,3
13:10:23.78100,1924.750,2
13:10:24.80000,1924.500,65
13:10:25.26100,1924.750,2
13:10:29.30400,1924.500,97
13:10:30.10900,1924.500,5
13:10:31.56200,1924.500,10
13:10:31.91700,1924.750,1
13:10:34.38600,1924.750,1
13:10:34.89000,1924.500,1
13:10:36.15200,1924.750,1
13:10:39.19100,1924.500,1
13:10:41.52700,1924.750,25
13:10:41.96800,1924.750,25
13:10:42.24200,1924.750,1
13:10:44.96800,1924.750,4
13:10:46.81200,1924.500,1
13:10:47.67900,1924.750,15
13:10:49.76100,1924.500,11
13:10:51.36700,1924.500,197
13:10:51.64800,1924.500,1
13:10:52.55000,1924.500,1
13:10:56.48400,1924.500,1
13:10:56.67900,1924.250,1
13:10:57.54600,1924.250,1
13:10:57.73000,1924.250,1
13:10:58.14800,1924.500,1
13:11:01.45700,1924.250,2
13:11:02.07000,1924.250,1
13:11:02.85100,1924.500,1
13:11:04.58200,1924.500,5
13:11:07.01500,1924.250,3
13:11:07.28500,1924.500,45
13:11:07.39000,1924.500,11
13:11:07.60100,1924.500,37
13:11:07.64000,1924.500,3
13:11:09.48400,1924.500,2
13:11:13.26100,1924.500,2
13:11:13.94900,1924.250,1
13:11:14.96800,1924.500,4
13:11:15.86300,1924.500,1
13:11:16.84700,1924.250,1
13:11:18.89800,1924.500,19
13:11:19.01900,1924.500,38
13:11:21.10900,1924.250,6
13:11:23.48400,1924.500,1
13:11:23.92900,1924.500,1
13:11:24.94900,1924.500,1
13:11:26.00000,1924.500,1
13:11:27.53500,1924.500,1
13:11:28.54200,1924.250,27
13:11:28.83200,1924.500,2
13:11:29.80800,1924.250,2
13:11:29.96800,1924.500,4
13:11:30.44900,1924.250,1
13:11:31.00700,1924.250,126
13:11:31.50700,1924.250,41
13:11:31.59300,1924.250,9
13:11:32.17500,1924.250,3
13:11:32.41700,1924.250,4
13:11:32.72600,1924.250,3
13:11:33.55400,1924.250,32
13:11:33.80400,1924.500,3
13:11:37.30400,1924.500,83
13:11:38.30400,1924.500,50
13:11:38.77700,1924.250,6
13:11:39.30400,1924.500,1
13:11:41.31200,1924.250,1
13:11:43.47600,1924.500,10
13:11:43.70300,1924.250,1
13:11:44.11700,1924.500,1
13:11:44.24200,1924.500,6
13:11:45.05800,1924.250,1
13:11:45.16700,1924.500,62
13:11:46.88200,1924.500,1
13:11:49.63200,1924.500,1
13:11:51.24600,1924.750,1
13:11:51.67100,1924.750,1
13:11:52.67500,1924.500,1
13:11:53.30800,1924.500,4
13:11:53.76500,1924.500,1
13:11:54.42100,1924.750,1
13:11:57.08200,1924.500,1
13:11:57.18700,1924.750,1
13:11:57.77300,1924.750,1
13:11:59.25700,1924.750,3
13:11:59.91700,1924.750,2
13:11:59.96800,1924.750,4
13:12:01.61300,1924.750,12
13:12:01.78900,1924.750,4
13:12:02.25000,1924.750,97
13:12:02.42100,1924.750,1
13:12:02.96000,1924.750,1
13:12:04.72600,1924.750,1
13:12:05.40200,1924.750,1
13:12:07.63200,1924.750,1
13:12:09.31200,1924.500,1
13:12:09.52700,1924.750,1
13:12:10.53900,1924.750,3
13:12:10.67500,1924.750,94
13:12:11.13200,1924.500,1
13:12:11.91400,1924.750,2
13:12:12.16700,1924.750,99
13:12:14.22600,1924.750,1
13:12:15.05400,1924.750,6
13:12:15.48800,1924.750,160
13:12:16.08900,1924.750,1
13:12:16.50300,1924.750,2
13:12:16.82400,1924.750,2
13:12:17.01900,1924.750,109
13:12:17.08500,1924.750,32
13:12:20.26100,1924.750,24
13:12:20.32400,1924.750,2
13:12:20.45300,1924.750,8
13:12:20.57800,1924.750,42
13:12:20.81600,1924.750,1
13:12:20.89400,1924.750,3
13:12:21.07400,1924.750,20
13:12:23.15200,1924.750,1
13:12:23.54600,1924.750,1
13:12:23.88600,1924.750,1
13:12:24.83900,1924.500,1
13:12:24.92500,1924.750,1
13:12:25.35900,1924.750,1
13:12:25.73000,1924.750,45
13:12:26.10100,1924.750,19
13:12:26.19900,1924.750,3
13:12:26.39400,1924.750,1
13:12:27.52300,1924.750,27
13:12:29.96800,1924.750,4
13:12:34.83200,1924.500,4
13:12:35.37100,1924.750,3
13:12:35.66400,1924.750,1
13:12:36.13600,1924.750,2
13:12:36.33900,1924.500,2
13:12:40.79200,1924.500,1
13:12:42.95700,1924.500,152
13:12:45.01900,1924.500,88
13:12:45.96800,1924.500,1
13:12:46.40600,1924.500,10
13:12:50.54600,1924.250,110
13:12:51.76500,1924.250,3
13:12:52.55000,1924.500,3
13:12:53.87800,1924.250,47
13:12:55.01900,1924.000,99
13:12:55.26900,1924.000,13
13:12:55.86700,1923.750,154
13:12:56.29600,1924.000,1
13:12:56.82800,1924.000,3
13:12:57.03100,1923.750,1
13:12:57.60100,1923.750,1
13:12:58.47200,1923.750,3
13:12:59.55400,1923.750,1
13:12:59.75000,1923.750,50
13:13:00.20300,1923.750,82
13:13:01.20300,1924.000,1
13:13:01.47200,1924.000,1
13:13:01.79600,1923.750,1
13:13:01.92500,1923.750,1
13:13:02.08500,1923.750,2
13:13:02.56200,1923.750,1
13:13:02.74600,1923.750,33
13:13:03.81600,1923.750,1
13:13:05.62100,1923.750,1
13:13:06.27700,1923.750,1
13:13:06.59700,1924.000,1
13:13:07.04600,1924.000,2
13:13:07.59300,1923.750,1
13:13:09.25300,1924.000,106
13:13:11.65200,1924.000,23
13:13:12.44500,1924.250,1
13:13:13.83900,1924.000,4
13:13:14.00300,1924.000,5
13:13:14.17100,1924.000,1
13:13:14.78100,1923.750,1
13:13:14.96800,1924.000,4
13:13:16.13600,1923.750,2
13:13:16.96400,1923.750,3
13:13:17.42900,1924.000,4
13:13:25.38600,1924.000,1
13:13:26.88200,1923.750,1
13:13:27.23400,1924.000,1
13:13:27.83200,1923.750,1
13:13:28.42500,1924.000,340
13:13:29.96800,1924.250,4
13:13:30.68300,1924.000,79
13:13:31.03100,1924.000,6
13:13:31.17500,1924.000,7
13:13:31.38600,1924.000,1
13:13:31.44500,1924.000,4
13:13:36.34700,1924.000,2
13:13:37.53900,1924.250,1
13:13:38.43300,1924.250,2
13:13:39.07800,1924.250,1
13:13:39.53900,1924.250,1
13:13:42.97200,1924.250,1
13:13:43.13200,1924.000,1
13:13:43.96400,1924.000,1
13:13:45.39400,1924.250,1
13:13:47.02700,1924.000,3
13:13:47.35100,1924.250,70
13:13:47.60500,1924.000,102
13:13:47.60900,1924.000,26
13:13:47.84300,1924.250,1
13:13:52.12100,1924.000,1
13:13:52.56600,1924.000,4
13:13:56.81600,1924.250,1
13:13:57.85100,1924.000,1
13:13:58.17100,1924.250,1
13:14:01.75000,1924.250,2
13:14:02.55000,1924.000,1
13:14:03.42500,1924.250,12
13:14:07.19500,1924.250,1
13:14:08.47600,1924.250,1
13:14:12.55000,1924.000,1
13:14:13.45300,1924.000,5
13:14:14.96800,1924.250,4
13:14:15.78500,1924.250,25
13:14:17.05000,1924.000,1
13:14:17.94900,1924.250,3
13:14:19.04600,1924.000,1
13:14:19.66400,1924.000,1
13:14:19.91400,1924.250,1
13:14:22.00000,1924.000,3
13:14:22.90600,1924.000,1
13:14:24.13200,1924.000,4
13:14:27.87800,1924.000,1
13:14:28.34300,1924.250,1
13:14:29.97200,1924.250,4
13:14:30.85900,1924.250,1
13:14:32.46400,1924.000,1
13:14:34.08200,1924.250,1
13:14:34.72200,1924.250,138
13:14:35.18300,1924.250,49
13:14:35.80400,1924.250,8
13:14:36.63200,1924.250,2
13:14:45.04600,1924.250,5
13:14:45.72200,1924.250,2
13:14:46.57000,1924.000,129
13:14:46.90200,1924.000,7
13:14:47.07800,1923.750,2
13:14:47.78900,1924.000,2
13:14:49.10900,1924.000,54
13:14:49.12100,1924.000,7
13:14:49.25300,1924.000,15
13:14:49.40600,1924.000,1
13:14:49.52300,1923.750,1
13:14:49.77300,1924.000,1
13:14:50.46000,1924.000,1
13:14:51.87500,1923.750,2
13:14:52.30400,1923.750,17
13:14:53.76900,1923.750,3
13:14:54.71400,1923.750,1
13:14:55.40200,1923.750,2
13:14:57.05400,1924.000,39
13:14:57.63200,1924.000,35
13:14:57.65600,1924.000,1
13:14:58.29600,1924.000,7
13:14:58.67100,1924.000,2
13:15:00.34700,1924.000,18
13:15:00.81200,1924.000,142
13:15:01.45300,1924.000,1
13:15:02.03100,1924.000,1
13:15:02.16400,1924.000,2
13:15:03.31600,1924.000,1
13:15:04.74600,1924.000,2
13:15:05.09300,1924.000,36
13:15:05.73400,1923.750,1
13:15:06.71400,1923.750,1
13:15:09.49200,1923.750,2
13:15:09.83900,1923.750,3
13:15:10.10100,1923.750,1
13:15:10.78100,1923.750,1
13:15:11.52700,1923.750,2
13:15:12.01900,1923.750,64
13:15:12.36700,1923.750,2
13:15:12.53100,1923.750,1
13:15:12.85100,1923.500,10
13:15:14.44500,1923.500,3
13:15:14.76900,1923.500,1
13:15:15.00700,1923.500,3
13:15:15.75000,1923.750,3
13:15:16.10900,1923.500,1
13:15:16.33200,1923.500,3
13:15:16.48000,1923.500,1
13:15:16.67500,1923.750,28
13:15:17.11700,1923.500,1
13:15:17.50000,1923.500,5
13:15:17.84300,1923.750,1
13:15:18.61700,1923.750,4
13:15:18.73000,1923.500,3
13:15:18.90600,1923.750,3
13:15:19.17100,1923.500,1
13:15:19.80000,1923.500,1
13:15:21.30400,1923.500,1
13:15:23.01500,1923.500,2
13:15:23.23400,1923.500,1
13:15:23.48800,1923.500,2
13:15:23.80800,1923.500,3
13:15:24.38600,1923.500,2
13:15:24.74600,1923.500,3
13:15:25.33900,1923.500,6
13:15:25.65600,1923.500,3
13:15:26.12800,1923.750,5
13:15:26.55000,1923.750,19
13:15:26.67100,1923.750,8
13:15:26.73800,1923.500,2
13:15:27.14400,1923.750,22
13:15:29.96800,1923.750,7
13:15:30.84700,1923.750,2
13:15:31.55800,1923.500,1
13:15:32.89400,1923.500,5
13:15:33.53100,1923.500,1
13:15:36.01100,1923.500,4
13:15:36.64800,1923.500,1
13:15:37.17900,1923.500,1
13:15:38.19500,1923.500,2
13:15:38.96400,1923.750,3
13:15:39.19500,1923.750,110
13:15:39.63600,1923.750,25
13:15:40.83500,1923.500,2
13:15:41.33900,1923.500,8
13:15:41.67900,1923.500,1
13:15:42.57800,1923.500,245
13:15:43.35100,1923.500,2
13:15:43.68300,1923.250,41
13:15:43.87500,1923.250,1
13:15:44.48800,1923.250,1
13:15:45.01500,1923.500,2
13:15:45.80800,1923.500,3
13:15:46.00000,1923.250,2
13:15:46.40600,1923.250,2
13:15:46.96800,1923.250,1
13:15:47.16000,1923.250,1
13:15:47.38200,1923.250,2
13:15:48.41000,1923.250,337
13:15:48.53100,1923.250,38
13:15:48.67500,1923.250,61
13:15:48.95300,1923.250,23
13:15:49.16700,1923.250,4
13:15:49.32000,1923.000,24
13:15:50.05400,1923.000,5
13:15:50.51500,1923.000,2
13:15:50.75700,1923.000,6
13:15:50.77700,1923.000,1
13:15:51.05800,1923.000,1
13:15:51.50300,1923.250,2
13:15:52.25000,1923.000,10
13:15:52.60500,1923.250,3
13:15:52.74200,1923.000,11
13:15:53.21000,1923.000,25
13:15:54.14000,1923.250,3
13:15:55.08200,1923.000,5
13:15:55.20300,1923.000,1
13:15:55.89400,1923.000,7
13:15:56.21400,1923.000,96
13:15:56.35900,1923.000,2
13:15:56.96400,1923.000,1
13:15:57.91700,1923.000,1
13:15:58.05800,1923.250,2
13:15:58.39000,1923.000,1
13:15:59.27300,1923.000,8
13:15:59.33500,1923.000,1
13:15:59.53100,1923.000,1
13:16:00.26500,1923.000,4
13:16:01.23400,1923.000,1
13:16:01.39400,1923.000,6
13:16:01.52300,1923.000,8
13:16:02.40200,1923.000,2
13:16:03.30800,1923.000,179
13:16:03.34700,1923.000,20
13:16:03.48800,1923.000,6
13:16:03.70300,1923.000,18
13:16:03.76100,1923.000,15
13:16:04.52700,1923.000,5
13:16:04.67500,1923.000,6
13:16:05.44100,1923.000,4
13:16:05.61700,1923.000,1
13:16:06.08500,1923.000,1
13:16:07.09700,1923.000,5
13:16:07.29600,1923.000,127
13:16:07.34700,1923.000,127
13:16:07.40600,1923.000,10
13:16:07.74200,1923.000,1
13:16:08.78500,1923.000,2
13:16:09.34300,1923.250,4
13:16:09.91400,1923.000,1
13:16:10.39400,1923.000,16
13:16:10.62800,1923.000,1
13:16:10.75300,1923.000,1
13:16:11.28100,1923.000,1
13:16:11.74200,1923.000,1
13:16:12.33200,1923.000,3
13:16:12.80800,1923.000,1
13:16:12.85900,1923.000,1
13:16:12.91400,1923.250,15
13:16:13.07400,1923.000,2
13:16:13.16400,1923.250,1
13:16:13.39400,1923.000,1
13:16:13.94500,1923.250,1
13:16:14.38200,1923.000,1
13:16:14.58900,1923.000,3
13:16:16.40200,1923.000,2
13:16:16.73800,1923.250,1
13:16:17.17900,1923.000,2
13:16:17.77300,1923.000,1
13:16:17.97200,1923.000,2
13:16:18.18700,1923.250,170
13:16:23.88600,1923.250,10
13:16:24.07400,1923.250,10
13:16:25.26100,1923.250,8
13:16:26.18300,1923.250,1
13:16:26.41000,1923.250,4
13:16:27.80400,1923.250,5
13:16:29.87100,1923.250,6
13:16:29.96800,1923.500,5
13:16:30.96400,1923.250,2
13:16:34.12100,1923.250,2
13:16:34.73400,1923.500,15
13:16:35.96400,1923.250,11
13:16:38.57400,1923.500,1
13:16:39.27300,1923.500,7
13:16:41.57800,1923.500,1
13:16:43.70700,1923.500,2
13:16:44.19500,1923.250,2
13:16:45.01100,1923.500,8
13:16:45.12800,1923.250,1
13:16:46.68700,1923.250,1
13:16:47.21000,1923.250,1
13:16:47.74600,1923.250,10
13:16:48.41400,1923.250,1
13:16:53.28900,1923.250,1
13:16:53.83900,1923.250,1
13:16:54.26500,1923.250,1
13:16:54.53900,1923.250,82
13:16:55.50300,1923.250,5
13:16:55.85500,1923.250,1
13:16:56.65600,1923.000,3
13:16:57.64800,1923.000,1
13:16:58.00000,1923.000,1
13:16:59.12100,1923.000,1
13:17:00.22600,1923.000,6
13:17:02.57000,1923.000,2
13:17:03.38600,1923.000,1
13:17:03.80800,1923.000,1
13:17:05.50300,1923.250,157
13:17:05.70300,1923.250,1
13:17:06.66000,1923.250,94
13:17:06.70700,1923.000,1
13:17:07.01100,1923.000,1
13:17:08.37500,1923.250,3
13:17:09.19100,1923.250,1
13:17:09.41000,1923.000,1
13:17:10.47200,1923.000,1
13:17:11.53500,1923.000,1
13:17:12.34700,1923.250,1
13:17:12.60100,1923.000,1
13:17:13.66400,1923.000,2
13:17:14.87100,1923.250,10
13:17:14.96800,1923.250,4
13:17:15.01500,1923.000,40
13:17:15.79200,1923.000,1
13:17:16.36300,1923.000,2
13:17:16.85500,1923.000,1
13:17:17.23400,1923.000,1
13:17:17.91700,1923.000,1
13:17:19.00300,1923.000,1
13:17:20.06600,1923.000,1
13:17:21.12800,1923.000,1
13:17:21.57000,1923.000,16
13:17:22.19500,1923.000,1
13:17:22.66400,1923.000,1
13:17:23.26100,1923.000,1
13:17:24.32000,1923.000,1
13:17:25.50700,1923.000,2
13:17:26.35500,1923.000,1
13:17:26.44500,1923.000,1
13:17:27.51500,1923.000,1
13:17:27.68300,1923.000,1
13:17:28.01900,1923.000,1
13:17:28.57800,1923.000,1
13:17:29.46000,1923.250,2
13:17:29.74200,1923.000,3
13:17:29.96800,1923.250,4
13:17:30.32800,1923.000,2
13:17:30.58200,1923.000,1
13:17:30.71800,1923.000,1
13:17:31.78100,1923.000,3
13:17:31.96800,1923.250,2
13:17:32.40600,1923.250,101
13:17:32.86700,1923.250,1
13:17:33.93300,1923.250,1
13:17:35.16700,1923.500,164
13:17:35.23000,1923.500,1
13:17:35.30400,1923.500,16
13:17:35.60500,1923.500,12
13:17:35.86300,1923.500,14
13:17:36.12500,1923.250,1
13:17:36.36300,1923.750,11
13:17:37.19500,1923.500,1
13:17:38.17900,1923.500,1
13:17:38.50300,1923.500,1
13:17:38.83200,1923.500,3
13:17:39.39800,1923.750,10
13:17:40.30000,1923.500,1
13:17:40.45300,1923.500,1
13:17:40.59300,1923.750,1
13:17:40.76100,1923.750,2
13:17:41.37500,1923.500,1
13:17:41.54600,1923.500,3
13:17:42.47600,1923.750,2
13:17:42.80800,1923.500,4
13:17:43.51900,1923.500,52
13:17:44.07000,1923.500,42
13:17:44.58200,1923.250,1
13:17:44.96800,1923.500,4
13:17:45.65200,1923.250,1
13:17:46.79600,1923.250,2
13:17:47.27300,1923.250,2
13:17:47.55800,1923.250,1
13:17:49.21000,1923.250,1
13:17:49.50300,1923.250,10
13:17:49.63200,1923.250,1
13:17:50.70300,1923.250,1
13:17:51.74200,1923.250,112
13:17:52.03900,1923.250,2
13:17:52.27300,1923.250,4
13:17:53.26900,1923.000,1
13:17:53.46800,1923.250,55
13:17:53.84700,1923.250,2
13:17:54.34700,1923.250,1
13:17:55.41400,1923.250,1
13:17:56.14400,1923.500,68
13:17:56.47600,1923.500,2
13:17:57.53900,1923.500,1
13:17:58.00300,1923.500,48
13:17:58.60500,1923.250,1
13:17:59.67100,1923.250,1
13:18:01.63600,1923.250,2
13:18:02.09300,1923.250,1
13:18:02.60500,1923.500,4
13:18:03.44900,1923.500,1
13:18:04.05800,1923.250,4
13:18:05.02700,1923.500,67
13:18:05.22200,1923.500,1
13:18:05.50700,1923.500,65
13:18:05.53900,1923.500,20
13:18:05.66000,1923.500,7
13:18:06.10500,1923.500,2
13:18:07.88200,1923.250,1
13:18:09.19900,1923.250,1
13:18:10.00000,1923.500,67
13:18:11.82400,1923.500,14
13:18:12.73800,1923.250,1
13:18:13.26500,1923.500,29
13:18:14.96800,1923.500,5
13:18:15.47600,1923.250,1
13:18:15.77300,1923.250,51
13:18:16.18700,1923.250,1
13:18:17.30800,1923.250,1
13:18:17.83200,1923.250,1
13:18:17.91000,1923.250,5
13:18:18.20700,1923.250,5
13:18:19.17900,1923.250,110
13:18:20.37100,1923.000,2
13:18:22.03500,1923.250,1
13:18:23.29200,1923.000,5
13:18:23.62100,1923.000,1
13:18:24.40600,1923.250,145
13:18:24.40600,1923.250,1
13:18:27.45300,1923.250,27
13:18:27.60900,1923.250,5
13:18:27.67900,1923.250,21
13:18:28.85900,1923.000,1
13:18:29.85500,1923.250,12
13:18:30.64800,1923.250,14
13:18:31.58200,1923.250,2
13:18:34.91000,1923.250,37
13:18:36.25700,1923.250,11
13:18:38.10900,1923.000,1
13:18:39.75000,1923.000,2
13:18:40.04200,1923.250,27
13:18:40.55800,1923.250,14
13:18:41.64400,1923.250,1
13:18:42.15600,1923.000,1
13:18:43.29600,1923.000,1
13:18:43.64400,1923.250,1
13:18:44.90600,1923.000,1
13:18:46.33200,1923.250,2
13:18:46.50300,1923.250,57
13:18:46.53500,1923.250,3
13:18:47.33500,1923.000,1
13:18:48.30000,1923.250,1
13:18:48.83900,1923.250,4
13:18:49.27300,1923.250,35
13:18:49.60500,1923.250,2
13:18:50.77700,1923.250,3
13:18:52.47200,1923.250,23
13:18:53.47200,1923.250,1
13:18:53.86700,1923.250,24
13:18:56.40600,1923.250,2
13:18:59.96800,1923.500,4
13:19:01.35500,1923.750,275
13:19:04.72600,1923.500,119
13:19:04.89800,1923.500,1
13:19:05.75300,1923.500,1
13:19:06.95300,1923.500,2
13:19:09.32000,1923.500,1
13:19:10.87100,1923.250,1
13:19:12.91400,1923.500,2
13:19:14.96800,1923.500,4
13:19:16.22600,1923.250,33
13:19:16.64400,1923.250,111
13:19:16.75300,1923.250,23
13:19:17.13200,1923.000,13
13:19:17.35100,1923.000,2
13:19:18.37800,1923.250,2
13:19:19.40200,1923.000,1
13:19:19.75000,1923.000,51
13:19:19.83500,1923.000,1
13:19:20.07400,1923.000,2
13:19:21.23000,1923.000,76
13:19:21.33200,1923.000,1
13:19:23.00000,1922.750,13
13:19:24.04200,1922.750,15
13:19:24.36300,1922.750,1
13:19:26.94500,1923.000,1
13:19:27.12500,1922.750,1
13:19:28.09700,1922.750,2
13:19:28.45700,1922.750,2
13:19:29.10100,1923.000,1
13:19:30.17500,1923.000,1
13:19:31.25000,1923.000,1
13:19:31.66000,1923.000,13
13:19:32.50000,1922.750,4
13:19:33.41000,1923.000,1
13:19:34.16700,1922.750,1
13:19:34.47200,1923.000,1
13:19:34.66000,1923.000,15
13:19:35.54200,1923.000,1
13:19:36.60500,1923.000,1
13:19:37.03500,1922.750,1
13:19:37.68300,1923.000,11
13:19:38.25700,1922.750,1
13:19:38.81600,1923.000,1
13:19:39.75700,1923.000,5
13:19:40.30800,1923.000,166
13:19:40.62100,1922.750,3
13:19:41.44900,1923.000,1
13:19:42.51500,1923.000,1
13:19:42.88200,1922.750,1
13:19:43.55000,1923.000,2
13:19:44.13600,1923.000,25
13:19:44.19900,1923.000,1
13:19:45.06600,1923.000,31
13:19:45.33200,1923.000,13
13:19:45.61700,1923.000,23
13:19:46.00300,1923.000,1
13:19:46.25300,1923.000,2
13:19:47.14400,1923.000,1
13:19:48.44500,1923.000,1
13:19:48.84700,1923.000,1
13:19:52.03100,1923.000,1
13:19:53.85500,1923.250,4
13:19:54.88200,1923.000,1
13:19:55.91400,1923.250,85
13:19:55.92900,1923.250,120
13:19:56.50000,1923.000,1
13:19:57.42900,1923.000,2
13:19:57.93300,1923.000,6
13:19:59.96800,1923.250,5
13:20:04.10100,1923.000,4
13:20:04.82400,1923.000,1
13:20:05.34700,1923.000,166
13:20:05.73800,1923.000,47
13:20:05.83900,1922.750,6
13:20:06.19900,1923.000,21
13:20:06.72200,1923.000,2
13:20:07.25300,1923.000,23
13:20:07.62800,1923.000,5
13:20:09.14000,1923.000,43
13:20:09.90200,1923.000,14
13:20:10.18300,1923.000,21
13:20:10.57400,1923.000,26
13:20:11.96400,1923.000,1
13:20:12.10100,1923.000,5
13:20:12.72600,1923.000,2
13:20:15.53100,1923.000,5
13:20:16.37100,1923.000,3
13:20:16.48800,1923.000,79
13:20:17.05000,1923.000,1
13:20:21.35500,1923.000,1
13:20:21.64000,1923.000,1
13:20:21.97200,1923.250,1
13:20:22.57000,1923.000,57
13:20:23.11300,1923.000,1
13:20:23.69900,1922.750,1
13:20:24.40200,1923.000,2
13:20:25.50700,1923.000,44
13:20:25.82000,1923.000,1
13:20:27.33500,1923.000,1
13:20:29.16700,1923.000,1
13:20:29.96800,1923.250,5
13:20:30.68300,1923.000,8
13:20:31.89400,1923.000,1
13:20:33.32000,1923.000,1
13:20:33.86700,1923.000,1
13:20:36.87800,1923.000,1
13:20:39.40200,1923.250,20
13:20:40.33900,1923.250,2
13:20:43.53100,1923.000,94
13:20:43.65600,1923.000,31
13:20:43.80400,1923.000,29
13:20:44.14400,1923.000,1
13:20:45.56600,1923.000,1
13:20:47.45700,1923.000,2
13:20:51.30000,1923.000,2
13:20:54.08200,1923.000,1
13:20:54.66700,1923.250,1
13:20:57.16000,1923.000,15
13:20:57.88200,1923.000,105
13:20:57.88200,1923.000,10
13:20:57.89400,1923.000,81
13:20:57.95300,1923.000,17
13:20:58.15600,1923.000,1
13:20:58.22200,1923.000,9
13:20:58.37500,1923.000,9
13:21:02.77700,1923.000,106
13:21:03.15600,1923.000,1
13:21:04.70700,1923.000,71
13:21:05.14800,1923.000,60
13:21:05.60500,1922.750,67
13:21:05.80400,1923.000,2
13:21:06.14400,1922.750,265
13:21:06.25000,1922.750,6
13:21:09.54200,1922.750,98
13:21:10.28900,1922.750,17
13:21:10.64800,1922.500,79
13:21:10.69100,1922.500,1
13:21:11.16700,1922.750,134
13:21:11.39400,1922.750,3
13:21:11.58200,1922.750,2
13:21:12.38600,1922.750,73
13:21:12.51500,1922.750,15
13:21:13.05400,1922.750,90
13:21:13.63200,1922.750,1
13:21:14.21000,1922.500,104
13:21:14.44500,1922.750,6
13:21:15.02700,1922.500,3
13:21:15.14000,1922.750,97
13:21:15.16400,1922.750,3
13:21:15.28500,1922.750,15
13:21:15.96400,1922.750,3
13:21:16.14000,1922.750,1
13:21:16.32000,1922.750,16
13:21:16.40200,1922.750,1
13:21:16.60500,1922.750,1
13:21:17.00700,1922.750,1
13:21:17.80400,1922.750,2
13:21:18.02300,1922.750,1
13:21:18.81600,1922.750,3
13:21:19.03100,1922.750,1
13:21:19.20700,1922.750,1
13:21:19.37800,1922.750,2
13:21:20.94500,1922.750,1
13:21:21.78100,1922.750,2
13:21:24.10100,1922.750,9
13:21:24.27300,1922.750,111
13:21:24.86700,1922.750,1
13:21:25.05800,1922.750,13
13:21:26.03500,1922.750,4
13:21:26.27300,1922.750,40
13:21:26.42500,1922.750,14
13:21:27.86300,1922.750,1
13:21:29.96800,1923.000,4
13:21:33.65200,1922.750,1
13:21:35.15200,1923.250,249
13:21:35.33200,1923.000,1
13:21:35.96400,1923.000,28
13:21:36.84700,1923.000,2
13:21:40.58500,1923.000,43
13:21:42.77300,1923.250,105
13:21:42.86300,1923.000,69
13:21:43.86300,1923.000,2
13:21:44.21400,1923.000,25
13:21:44.47600,1923.000,46
13:21:45.03500,1923.000,12
13:21:45.40600,1923.000,1
13:21:48.51500,1923.250,13
13:21:50.17500,1923.250,2
13:21:51.40200,1923.250,1
13:21:52.32000,1923.000,39
13:21:52.64400,1923.000,4
13:21:54.87500,1923.000,24
13:21:55.01900,1923.000,14
13:21:55.67100,1923.000,1
13:21:57.47600,1922.750,33
13:21:59.96800,1923.000,4
13:22:02.86300,1922.500,40
13:22:04.16000,1922.750,2
13:22:05.32400,1922.500,1
13:22:05.94500,1922.750,4
13:22:07.69100,1922.500,1
13:22:08.31200,1922.500,17
13:22:08.55400,1922.500,1
13:22:08.71000,1922.500,1
13:22:09.39000,1922.500,1
13:22:11.05400,1922.500,1
13:22:11.39400,1922.500,1
13:22:11.88200,1922.500,285
13:22:11.91400,1922.500,5
13:22:12.71400,1922.500,34
13:22:12.84300,1922.250,3
13:22:12.89800,1922.500,2
13:22:13.32400,1922.500,1
13:22:13.49200,1922.250,1
13:22:14.07400,1922.500,14
13:22:15.06600,1922.250,1
13:22:17.05400,1922.250,1
13:22:17.55400,1922.250,2
13:22:17.68300,1922.250,6
13:22:19.18300,1922.750,170
13:22:20.39800,1922.500,1
13:22:20.60900,1922.500,1
13:22:20.78900,1922.500,5
13:22:21.27300,1922.500,3
13:22:21.71400,1922.500,133
13:22:21.86700,1922.250,1
13:22:22.43300,1922.500,39
13:22:22.46400,1922.500,2
13:22:23.42100,1922.250,30
13:22:23.62800,1922.250,1
13:22:24.80800,1922.250,1
13:22:26.23800,1922.250,130
13:22:26.49200,1922.250,138
13:22:29.14800,1922.250,1
13:22:32.96800,1922.250,3
13:22:33.15600,1922.500,1
13:22:33.86300,1922.250,1
13:22:35.85900,1922.250,1
13:22:36.39800,1922.250,1
13:22:36.76500,1922.500,1
13:22:36.96000,1922.500,305
13:22:37.12500,1922.500,3
13:22:37.24200,1922.500,12
13:22:37.47600,1922.500,2
13:22:38.14800,1922.500,3
13:22:38.31600,1922.500,8
13:22:38.41400,1922.500,1
13:22:38.65600,1922.500,22
13:22:40.35900,1922.500,43
13:22:42.27700,1922.500,2
13:22:43.71400,1922.250,1
13:22:44.36700,1922.250,1
13:22:44.96800,1922.500,4
13:22:45.19100,1922.500,104
13:22:45.44100,1922.500,7
13:22:45.88600,1922.250,1
13:22:46.26100,1922.500,2
13:22:46.60500,1922.500,1
13:22:48.26100,1922.500,1
13:22:50.60500,1922.500,85
13:22:51.25000,1922.500,44
13:22:51.44500,1922.500,3
13:22:51.57800,1922.500,2
13:22:51.65600,1922.500,1
13:22:53.06200,1922.500,62
13:22:54.96000,1922.500,97
13:22:55.13200,1922.500,47
13:22:57.25700,1922.500,2
13:22:57.87800,1922.500,1
13:22:58.36300,1922.500,80
13:22:58.87100,1922.500,2
13:22:59.96800,1922.750,5
13:23:04.46800,1922.500,4
13:23:06.95300,1922.500,1
13:23:07.35100,1922.500,135
13:23:07.60900,1922.500,22
13:23:09.97200,1922.750,1
13:23:11.66700,1922.500,1
13:23:12.08500,1922.500,1
13:23:15.96400,1922.500,10
13:23:17.63600,1922.500,3
13:23:18.14400,1922.750,1
13:23:21.18300,1922.500,1
13:23:21.71000,1922.500,8
13:23:22.87800,1922.500,1
13:23:24.60500,1922.750,6
13:23:26.08200,1922.750,1
13:23:26.61700,1922.500,5
13:23:28.26900,1922.500,1
13:23:28.39400,1922.750,1
13:23:28.82000,1922.500,1
13:23:29.50700,1922.750,310
13:23:29.50700,1922.750,8
13:23:29.51100,1922.750,29
13:23:29.51100,1922.750,45
13:23:29.64400,1922.750,2
13:23:29.96800,1923.000,7
13:23:30.34700,1923.000,2
13:23:30.56200,1922.750,1
13:23:30.75000,1922.750,1
13:23:33.24600,1922.750,1
13:23:35.10100,1923.000,2
13:23:35.59700,1923.000,65
13:23:35.64800,1923.000,166
13:23:35.70700,1923.000,83
13:23:36.06200,1923.000,31
13:23:36.34700,1922.750,1
13:23:37.17500,1923.000,1
13:23:37.62100,1923.000,5
13:23:39.56600,1922.750,80
13:23:39.75700,1922.750,1
13:23:39.92100,1922.750,8
13:23:40.05000,1922.750,2
13:23:40.66400,1922.750,1
13:23:41.90200,1922.500,1
13:23:42.97200,1922.500,1
13:23:43.53100,1922.750,1
13:23:45.14000,1922.750,105
13:23:45.82800,1922.750,3
13:23:47.09700,1923.000,102
13:23:47.58200,1922.750,1
13:23:51.00700,1923.000,3
13:23:51.91000,1922.750,66
13:23:53.48800,1922.750,1
13:23:56.82800,1922.750,3
13:24:00.02300,1922.750,5
13:24:01.58500,1922.750,6
13:24:02.38600,1922.750,1
13:24:02.65200,1922.750,1
13:24:05.87500,1922.750,25
13:24:08.25300,1922.750,1
13:24:12.71000,1923.000,1
13:24:13.13200,1922.750,1
13:24:14.66700,1923.000,1
13:24:14.96800,1923.000,4
13:24:15.28100,1923.000,127
13:24:15.33500,1923.000,31
13:24:15.49600,1923.000,45
13:24:17.95300,1923.000,1
13:24:18.36700,1922.750,4
13:24:18.54600,1923.000,1
13:24:20.47200,1923.000,2
13:24:24.06600,1923.000,1
13:24:24.84300,1923.000,1
13:24:25.32400,1923.000,8
13:24:26.01500,1923.000,1
13:24:26.95700,1923.000,1
13:24:27.22600,1923.000,1
13:24:29.54600,1923.000,95
13:24:29.60100,1923.000,65
13:24:29.96800,1923.000,4
13:24:30.30000,1923.000,22
13:24:30.61300,1923.250,3
13:24:30.74200,1923.000,44
13:24:30.83500,1923.000,3
13:24:31.32800,1923.000,48
13:24:32.64800,1923.000,1
13:24:32.78500,1923.000,2
13:24:33.51900,1922.750,9
13:24:35.01100,1922.750,1
13:24:35.10900,1923.000,1
13:24:35.58500,1922.750,1
13:24:36.70700,1923.000,32
13:24:36.90200,1923.000,11
13:24:37.26500,1923.000,10
13:24:38.32800,1923.000,1
13:24:41.21000,1923.000,1
13:24:42.74200,1922.750,1
13:24:44.11300,1923.000,4
13:24:44.96800,1923.000,5
13:24:47.55000,1923.000,5
13:24:47.70300,1922.750,4
13:24:47.82800,1923.000,1
13:24:49.48800,1923.000,68
13:24:49.59300,1923.000,13
13:24:49.73000,1923.000,9
13:24:51.15200,1923.250,2
13:24:52.24200,1923.250,1
13:24:53.41400,1923.250,1
13:24:54.24200,1923.250,1
13:24:54.59300,1923.000,11
13:24:54.85100,1923.000,1
13:24:55.22200,1923.000,1
13:24:57.01500,1923.250,1
13:24:57.52300,1923.000,1
13:24:59.45300,1923.250,1
13:24:59.96800,1923.250,4
13:25:01.21000,1923.250,175
13:25:01.46400,1923.000,1
13:25:01.69100,1923.250,2
13:25:01.87500,1923.000,6
13:25:05.09300,1923.000,101
13:25:05.61700,1923.000,4
13:25:05.91700,1923.000,1
13:25:06.59700,1923.000,1
13:25:06.89800,1923.000,1
13:25:07.39000,1923.000,1
13:25:11.29200,1923.000,1
13:25:11.68300,1922.750,16
13:25:11.83500,1922.750,7
13:25:12.25000,1923.000,2
13:25:12.48000,1922.750,3
13:25:12.89800,1923.000,101
13:25:13.96000,1923.000,1
13:25:14.55000,1923.000,1
13:25:17.09700,1923.000,100
13:25:17.73800,1922.750,2
13:25:20.47600,1923.000,1
13:25:23.19500,1923.000,115
13:25:23.41400,1923.000,8
13:25:25.37500,1923.000,2
13:25:27.66400,1922.750,51
13:25:28.61700,1923.000,4
13:25:28.78100,1922.750,3
13:25:28.95300,1922.750,1
13:25:29.25700,1922.750,1
13:25:29.96800,1923.000,4
13:25:33.24600,1923.000,5
13:25:35.74600,1923.000,1
13:25:36.32400,1922.750,1
13:25:37.30800,1922.750,1
13:25:38.13600,1922.750,112
13:25:38.62800,1922.750,1
13:25:39.25000,1922.750,1
13:25:39.51900,1922.500,2
13:25:40.55800,1922.500,299
13:25:40.73800,1922.500,3
13:25:41.26500,1922.500,105
13:25:41.28900,1922.500,1
13:25:41.41700,1922.250,35
13:25:41.49600,1922.500,25
13:25:42.03900,1922.500,1
13:25:43.80800,1922.500,3
13:25:44.27300,1922.250,4
13:25:44.84300,1922.500,4
13:25:45.18300,1922.250,30
13:25:45.50000,1922.250,30
13:25:46.92100,1922.250,1
13:25:47.41400,1922.250,4
13:25:47.77700,1922.250,46
13:25:48.50700,1922.250,5
13:25:49.37100,1922.250,1
13:25:50.17900,1922.500,5
13:25:50.57400,1922.250,1
13:25:51.61300,1922.250,1
13:25:52.20700,1922.250,1
13:25:54.67900,1922.250,1
13:25:55.71400,1922.250,1
13:25:56.61700,1922.250,6
13:25:56.91700,1922.250,1
13:25:58.35900,1922.250,2
13:25:59.75000,1922.250,1
13:26:02.15600,1922.500,197
13:26:03.70300,1922.500,30
13:26:04.07400,1922.750,1
13:26:05.29200,1922.500,2
13:26:10.83900,1922.750,2
13:26:12.11300,1922.750,2
13:26:12.86300,1922.750,5
13:26:14.71400,1922.750,2
13:26:14.96800,1922.750,4
13:26:15.58200,1922.500,1
13:26:15.80400,1922.750,6
13:26:16.17900,1922.500,1
13:26:17.79600,1922.500,4
13:26:18.43700,1922.500,3
13:26:19.18700,1922.500,1
13:26:19.65200,1922.500,76
13:26:20.43700,1922.500,1
13:26:21.87800,1922.500,4
13:26:22.85500,1922.500,3
13:26:23.50300,1922.250,25
13:26:24.06200,1922.250,1
13:26:24.51100,1922.500,2
13:26:24.83900,1922.250,2
13:26:27.34300,1922.500,37
13:26:27.76500,1922.250,21
13:26:28.64400,1922.500,129
13:26:30.55800,1922.500,5
13:26:31.82400,1922.250,5
13:26:32.59700,1922.250,1
13:26:38.06600,1922.250,1
13:26:38.41000,1922.250,124
13:26:38.74200,1922.250,62
13:26:38.81200,1922.250,1
13:26:40.49600,1922.000,39
13:26:40.67500,1922.000,5
13:26:41.28100,1922.000,1
13:26:41.84700,1922.250,1
13:26:42.59700,1922.000,1
13:26:42.75700,1922.000,1
13:26:43.51100,1922.250,82
13:26:45.06600,1922.250,2
13:26:47.08200,1922.250,10
13:26:47.83500,1922.250,6
13:26:47.89800,1922.250,1
13:26:49.55400,1922.250,1
13:26:49.76500,1922.250,1
13:26:50.36700,1922.250,3
13:26:50.85900,1922.500,7
13:26:50.87100,1922.500,4
13:26:51.32800,1922.500,69
13:26:52.76100,1922.500,1
13:26:52.93700,1922.500,2
13:26:53.21400,1922.500,2
13:26:54.05000,1922.500,3
13:26:54.20300,1922.500,1
13:26:54.33900,1922.500,2
13:26:54.57400,1922.750,1
13:26:55.08500,1922.500,1
13:26:55.63600,1922.500,1
13:26:56.35500,1922.500,6
13:26:56.53100,1922.500,21
13:26:56.71800,1922.750,1
13:26:57.80800,1922.750,1
13:26:58.87100,1922.750,3
13:26:59.96800,1922.750,4
13:27:01.37100,1922.750,61
13:27:01.57000,1922.500,1
13:27:05.89800,1922.500,2
13:27:06.11300,1922.500,87
13:27:06.87100,1922.500,1
13:27:07.14800,1922.500,2
13:27:07.23800,1922.500,10
13:27:07.61700,1922.500,3
13:27:09.55000,1922.500,1
13:27:09.95300,1922.500,1
13:27:10.73000,1922.500,39
13:27:12.58200,1922.500,1
13:27:13.13600,1922.500,4
13:27:14.28100,1922.500,3
13:27:16.92100,1922.750,2
13:27:17.84700,1922.500,1
13:27:18.10900,1922.750,10
13:27:18.24200,1922.500,1
13:27:19.38600,1922.750,39
13:27:19.93300,1922.750,1
13:27:20.04200,1923.000,38
13:27:21.27300,1923.000,1
13:27:21.80800,1923.000,3
13:27:29.96800,1923.000,4
13:27:30.73800,1922.750,1
13:27:33.26100,1922.750,3
13:27:33.80400,1923.000,1
13:27:34.10500,1922.750,5
13:27:37.88200,1922.750,5
13:27:39.04600,1922.750,3
13:27:44.29200,1922.750,1
13:27:44.96800,1923.000,4
13:27:46.84300,1922.750,2
13:27:47.70300,1922.750,1
13:27:47.89800,1922.750,1
13:27:50.06600,1923.000,5
13:27:52.58900,1922.750,1
13:27:55.73800,1923.000,72
13:27:56.76500,1923.000,10
13:27:58.45700,1922.750,2
13:27:59.40200,1923.000,4
13:27:59.78100,1923.000,1
13:27:59.96800,1923.000,5
13:28:00.46400,1923.000,3
13:28:01.02700,1922.750,1
13:28:01.37800,1923.000,2
13:28:01.85500,1923.000,1
13:28:02.89400,1922.750,4
13:28:03.67500,1922.750,1
13:28:05.92900,1923.000,2
13:28:06.84700,1923.000,9
13:28:07.06200,1923.000,16
13:28:07.19900,1923.000,105
13:28:07.33200,1923.000,2
13:28:07.38600,1923.000,5
13:28:09.25000,1923.000,1
13:28:09.85900,1923.000,3
13:28:11.07400,1923.000,1
13:28:12.44100,1923.000,1
13:28:13.44500,1923.000,1
13:28:14.30400,1923.000,1
13:28:14.96800,1923.000,4
13:28:17.17100,1923.000,3
13:28:17.60900,1923.000,6
13:28:18.37500,1923.000,5
13:28:18.67500,1923.000,3
13:28:19.64000,1922.750,27
13:28:19.77300,1923.000,23
13:28:20.00000,1922.750,1
13:28:22.63600,1923.000,3
13:28:23.28500,1923.000,30
13:28:23.60900,1923.000,38
13:28:23.75700,1923.000,5
13:28:24.29600,1923.000,22
13:28:24.67100,1923.000,22
13:28:29.96800,1923.250,10
13:28:30.33900,1923.250,2
13:28:32.00300,1923.250,3
13:28:32.14000,1923.250,117
13:28:32.16400,1923.250,4
13:28:32.59300,1923.250,3
13:28:33.12500,1923.250,1
13:28:33.51500,1923.250,2
13:28:35.08200,1923.250,70
13:28:35.97200,1923.250,1
13:28:36.09700,1923.250,5
13:28:38.18700,1923.250,1
13:28:39.70700,1923.250,53
13:28:39.84300,1923.250,51
13:28:41.26900,1923.000,2
13:28:41.55800,1923.250,1
13:28:44.96800,1923.250,5
13:28:47.96800,1923.000,1
13:28:48.64800,1923.000,214
13:28:50.10900,1923.000,1
13:28:50.61300,1923.000,64
13:28:50.68300,1923.000,35
13:28:51.01500,1923.000,12
13:28:51.36700,1923.000,47
13:28:51.72200,1923.000,1
13:28:52.78500,1923.000,6
13:28:53.19100,1923.000,25
13:28:53.56200,1923.000,3
13:28:56.56200,1923.000,1
13:28:58.40200,1923.250,43
13:28:58.51100,1923.250,20
13:29:01.03100,1923.250,4
13:29:01.55000,1923.000,1
13:29:02.06600,1923.000,1
13:29:02.46400,1923.250,1
13:29:02.58900,1923.250,1
13:29:02.75700,1923.000,10
13:29:03.08900,1923.000,2
13:29:04.16400,1923.000,7
13:29:04.61700,1923.250,15
13:29:08.19900,1923.250,1
13:29:10.14800,1923.250,1
13:29:13.91700,1923.000,1
13:29:14.96800,1923.250,4
13:29:16.23400,1923.250,1
13:29:18.01500,1923.000,1
13:29:18.50700,1923.250,30
13:29:19.33500,1923.250,1
13:29:20.92500,1923.250,83
13:29:21.93300,1923.250,22
13:29:22.93300,1923.000,1
13:29:24.08900,1923.000,1
13:29:30.05800,1923.000,5
13:29:31.50300,1923.000,1
13:29:32.03500,1923.250,1
13:29:32.37500,1923.250,64
13:29:32.85500,1923.250,2
13:29:34.14800,1923.250,1
13:29:35.14400,1923.500,33
13:29:35.18300,1923.500,1
13:29:35.26900,1923.500,1
13:29:36.35500,1923.250,143
13:29:37.26900,1923.500,2
13:29:37.62100,1923.250,1
13:29:38.23400,1923.250,1
13:29:39.07400,1923.250,2
13:29:40.84700,1923.500,3
13:29:44.66400,1923.250,1
13:29:44.96800,1923.500,4
13:29:45.37800,1923.500,1
13:29:46.30800,1923.500,1
13:29:47.01900,1923.250,1
13:29:48.05000,1923.250,2
13:29:49.39800,1923.500,2
13:29:49.61300,1923.250,1
13:29:50.18300,1923.250,109
13:29:51.92100,1923.250,1
13:29:55.05800,1923.500,2
13:29:58.53900,1923.250,1
13:30:00.28500,1923.500,12
13:30:00.39800,1923.250,6
13:30:00.57000,1923.250,30
13:30:00.80400,1923.250,4
13:30:02.05400,1923.250,2
13:30:02.35900,1923.250,2
13:30:02.92900,1923.500,1
13:30:03.90600,1923.500,2
13:30:04.09700,1923.500,1
13:30:04.19100,1923.500,2
13:30:04.43700,1923.250,1
13:30:04.65200,1923.500,1
13:30:05.03100,1923.250,1
13:30:05.33900,1923.500,4
13:30:07.09300,1923.500,1
13:30:09.44500,1923.500,4
13:30:10.24600,1923.500,1
13:30:11.13200,1923.500,1
13:30:12.86700,1923.250,25
13:30:13.73800,1923.250,1
13:30:15.01500,1923.250,5
13:30:17.39400,1923.250,2
13:30:18.07800,1923.250,1
13:30:19.33500,1923.500,1
13:30:19.95300,1923.500,1
13:30:20.95300,1923.500,1
13:30:21.60900,1923.250,124
13:30:21.89800,1923.000,2
13:30:22.85100,1923.250,2
13:30:23.10900,1923.000,129
13:30:23.24600,1922.750,2
13:30:24.72200,1922.750,1
13:30:25.14800,1923.000,93
13:30:25.43300,1923.000,1
13:30:26.45700,1923.000,75
13:30:26.93700,1923.000,1
13:30:28.42100,1923.000,4
13:30:28.75000,1923.000,1
13:30:30.23400,1923.000,1
13:30:30.74600,1923.000,42
13:30:31.11300,1922.750,1
13:30:32.21000,1922.750,3
13:30:34.47600,1923.000,1
13:30:35.82000,1923.000,1
13:30:36.07800,1922.750,1
13:30:37.49600,1922.750,1
13:30:38.83200,1922.750,1
13:30:42.71000,1923.000,140
13:30:45.34700,1922.750,1
13:30:46.16400,1922.750,2
13:30:46.38600,1923.000,2
13:30:47.45300,1923.000,1
13:30:48.11300,1922.750,1
13:30:50.13600,1923.000,69
13:30:51.87800,1923.000,106
13:30:51.90200,1923.000,43
13:30:54.64000,1923.250,4
13:30:54.82400,1923.250,2
13:30:55.10900,1923.000,1
13:30:56.83200,1923.250,83
13:30:57.34700,1923.250,361
13:30:58.10900,1923.000,2
13:30:58.94500,1923.000,1
13:30:59.96800,1923.250,4
13:31:02.08200,1923.000,180
13:31:03.25000,1923.250,294
13:31:03.73800,1923.250,1
13:31:04.36300,1923.000,65
13:31:04.67500,1923.000,14
13:31:04.96400,1923.000,1
13:31:05.87800,1923.000,12
13:31:07.41400,1923.000,1
13:31:07.76500,1923.000,129
13:31:08.62500,1923.250,371
13:31:08.75700,1923.250,82
13:31:09.12100,1923.000,5
13:31:12.48000,1923.000,3
13:31:13.02700,1923.250,444
13:31:13.24200,1923.000,1
13:31:14.25700,1923.000,1
13:31:15.40600,1923.000,350
13:31:15.59700,1923.250,4
13:31:17.54600,1923.250,195
13:31:17.54600,1923.250,41
13:31:17.55000,1923.250,29
13:31:17.55400,1923.250,9
13:31:18.48000,1923.250,1
13:31:19.82400,1923.000,62
13:31:20.26100,1923.000,2
13:31:24.72200,1923.000,6
13:31:30.22600,1923.000,1
13:31:31.07000,1923.000,11
13:31:34.47600,1922.750,40
13:31:35.59300,1922.750,1
13:31:36.34300,1922.750,1
13:31:39.26900,1923.000,1
13:31:42.79600,1922.750,249
13:31:42.96800,1922.750,2
13:31:44.63600,1922.500,2
13:31:44.95700,1922.500,1
13:31:45.86300,1922.750,1
13:31:46.50700,1922.500,1
13:31:47.62800,1922.500,1
13:31:48.17100,1922.500,1
13:31:48.49600,1922.500,1
13:31:49.02300,1922.500,1
13:31:49.87800,1922.500,1
13:31:53.85900,1922.500,1
13:31:56.87100,1922.750,4
13:31:57.87100,1922.500,11
13:31:58.72200,1922.750,6
13:31:59.37100,1922.750,1
13:32:00.02300,1922.500,5
13:32:00.21000,1922.500,2
13:32:01.01100,1922.750,5
13:32:01.89000,1922.500,264
13:32:01.89000,1922.500,3
13:32:02.02300,1922.500,1
13:32:02.20300,1922.500,2
13:32:03.32400,1922.500,80
13:32:03.32400,1922.500,58
13:32:03.46000,1922.500,59
13:32:03.62500,1922.250,6
13:32:04.07400,1922.250,4
13:32:04.25000,1922.250,1
13:32:04.49600,1922.500,19
13:32:04.65600,1922.500,1
13:32:05.39800,1922.500,1
13:32:06.32800,1922.500,81
13:32:06.75700,1922.500,2
13:32:08.74600,1922.250,102
13:32:10.12100,1922.250,1
13:32:10.54200,1922.250,1
13:32:10.73400,1922.250,143
13:32:11.94100,1922.250,84
13:32:12.52700,1922.000,309
13:32:12.58200,1922.000,329
13:32:12.69500,1921.750,67
13:32:12.82400,1921.750,8
13:32:12.85500,1921.750,1
13:32:13.00300,1921.750,1
13:32:13.20300,1921.750,2
13:32:13.23000,1921.750,2
13:32:13.59300,1922.000,3
13:32:14.12100,1922.000,52
13:32:14.23800,1922.000,1
13:32:14.70300,1922.000,4
13:32:15.21000,1922.000,8
13:32:15.31200,1922.000,1
13:32:15.53900,1922.000,1
13:32:15.82000,1922.000,6
13:32:16.12100,1922.000,46
13:32:16.44900,1922.000,2
13:32:16.80800,1922.000,52
13:32:17.22600,1922.000,1
13:32:17.39000,1922.000,1
13:32:17.90600,1922.000,6
13:32:19.01100,1921.750,4
13:32:19.67500,1922.000,130
13:32:19.73800,1922.000,2
13:32:20.21000,1922.000,4
13:32:20.95300,1922.000,1
13:32:21.14400,1921.750,1
13:32:21.20700,1921.750,1
13:32:21.66700,1922.000,31
13:32:21.84300,1922.000,5
13:32:22.07000,1922.000,57
13:32:22.48000,1922.000,1
13:32:22.64800,1922.000,70
13:32:23.89000,1921.750,2
13:32:24.27300,1921.750,7
13:32:24.59300,1921.750,4
13:32:24.86700,1922.000,6
13:32:25.06200,1921.750,1
13:32:25.64800,1922.000,2
13:32:25.76900,1921.750,1
13:32:26.05400,1922.000,1
13:32:26.27700,1922.000,4
13:32:26.64800,1921.750,1
13:32:28.27300,1921.750,1
13:32:28.33900,1921.750,1
13:32:28.85900,1921.750,9
13:32:29.87500,1921.750,1
13:32:30.32000,1921.750,4
13:32:30.47600,1921.750,1
13:32:30.87800,1922.000,2
13:32:31.04600,1921.750,10
13:32:31.16400,1921.750,2
13:32:31.28100,1921.750,7
13:32:31.85500,1921.750,2
13:32:32.30000,1921.750,2
13:32:33.39800,1921.750,1
13:32:34.75000,1922.000,1
13:32:35.38200,1921.750,517
13:32:35.38600,1921.750,80
13:32:35.38600,1921.750,110
13:32:35.39000,1921.750,130
13:32:35.83900,1921.750,2
13:32:36.37500,1921.750,86
13:32:37.15600,1921.750,1
13:32:37.60100,1921.500,155
13:32:37.73800,1921.500,1
13:32:38.09700,1921.500,188
13:32:38.20700,1921.500,19
13:32:38.31600,1921.500,1
13:32:38.59300,1921.250,34
13:32:38.82000,1921.250,1
13:32:39.08500,1921.500,1
13:32:39.14800,1921.500,10
13:32:39.39400,1921.250,1
13:32:39.53500,1921.250,1
13:32:39.62500,1921.250,1
13:32:39.79600,1921.250,1
13:32:40.39800,1921.250,2
13:32:40.67900,1921.250,2
13:32:41.08500,1921.250,5
13:32:41.17900,1921.250,1
13:32:41.30800,1921.250,4
13:32:41.79600,1921.500,1
13:32:42.03500,1921.500,1
13:32:42.20300,1921.250,2
13:32:42.60100,1921.250,1
13:32:43.06600,1921.250,148
13:32:43.20700,1921.250,7
13:32:43.30000,1921.250,10
13:32:43.51100,1921.250,16
13:32:44.06200,1921.250,205
13:32:44.42500,1921.250,1
13:32:44.78100,1921.000,38
13:32:44.89400,1921.000,3
13:32:45.59700,1921.250,1
13:32:45.65600,1921.250,1
13:32:45.76100,1921.000,1
13:32:46.37100,1921.250,92
13:32:46.42900,1921.250,12
13:32:46.78900,1921.250,12
13:32:47.16400,1921.500,1
13:32:47.80000,1921.250,1
13:32:48.27300,1921.250,1
13:32:48.47200,1921.250,2
13:32:48.78900,1921.250,1
13:32:49.05800,1921.250,10
13:32:49.41000,1921.250,4
13:32:49.72600,1921.500,12
13:32:50.66400,1921.250,5
13:32:51.33900,1921.250,10
13:32:51.78900,1921.250,5
13:32:53.95700,1921.250,4
13:32:55.26500,1921.250,2
13:32:56.12100,1921.500,1
13:32:56.43300,1921.250,1
13:32:57.21000,1921.250,1
13:32:57.55800,1921.250,1
13:32:58.05400,1921.500,2
13:32:59.14000,1921.500,1
13:32:59.85500,1921.250,1
13:33:00.42100,1921.250,14
13:33:01.16400,1921.250,2
13:33:01.64000,1921.250,1
13:33:01.76100,1921.250,1
13:33:02.00700,1921.250,2
13:33:02.20300,1921.250,3
13:33:03.85500,1921.500,1
13:33:04.06600,1921.250,2
13:33:04.33900,1921.250,2
13:33:06.21800,1921.250,1
13:33:07.21800,1921.250,1
13:33:07.46800,1921.500,1
13:33:08.44900,1921.250,1
13:33:08.82000,1921.500,2
13:33:09.41400,1921.250,3
13:33:09.60900,1921.500,1
13:33:09.94500,1921.250,1
13:33:11.03900,1921.250,1
13:33:11.85900,1921.250,1
13:33:12.40600,1921.500,5
13:33:14.11700,1921.500,2
13:33:15.02300,1921.500,35
13:33:16.07800,1921.500,4
13:33:16.61700,1921.500,2
13:33:17.20300,1921.250,1
13:33:17.50300,1921.500,8
13:33:18.25700,1921.250,1
13:33:19.28500,1921.500,2
13:33:20.04200,1921.500,1
13:33:22.92100,1921.250,27
13:33:23.71800,1921.250,27
13:33:25.12500,1921.500,23
13:33:25.15600,1921.250,1
13:33:26.90600,1921.250,1
13:33:28.73800,1921.250,2
13:33:29.21800,1921.500,202
13:33:29.30800,1921.500,61
13:33:29.97200,1921.500,24
13:33:30.66700,1921.500,4
13:33:31.32400,1921.750,5
13:33:31.45700,1921.750,2
13:33:32.54600,1921.500,3
13:33:32.71800,1921.500,2
13:33:33.30000,1921.500,1
13:33:33.65600,1921.750,1
13:33:34.37800,1921.250,120
13:33:34.64000,1921.250,2
13:33:35.76900,1921.500,1
13:33:37.53500,1921.500,1
13:33:37.71000,1921.250,5
13:33:39.00300,1921.500,25
13:33:40.73000,1921.250,2
13:33:41.80800,1921.500,1
13:33:42.34300,1921.250,1
13:33:43.53900,1921.500,1
13:33:44.40600,1921.250,1
13:33:45.26900,1921.500,14
13:33:45.75000,1921.500,1
13:33:47.23000,1921.500,149
13:33:48.60100,1921.750,1
13:33:50.82400,1921.500,1
13:33:51.62800,1921.750,2
13:33:51.89800,1921.500,1
13:33:52.23400,1921.500,1
13:33:53.13600,1921.500,1
13:33:54.32800,1921.750,2
13:33:54.62100,1921.500,23
13:33:55.45700,1921.500,1
13:33:56.51900,1921.500,66
13:33:57.16700,1921.500,1
13:33:57.36700,1921.500,1
13:33:58.01500,1921.500,91
13:33:58.88200,1921.250,3
13:33:59.48400,1921.250,1
13:33:59.83900,1921.500,1
13:33:59.97200,1921.500,23
13:34:01.80000,1921.500,24
13:34:01.91000,1921.500,14
13:34:02.16700,1921.500,9
13:34:03.41000,1921.500,12
13:34:03.83200,1921.500,17
13:34:04.07400,1921.500,3
13:34:04.32400,1921.500,24
13:34:04.65200,1921.500,11
13:34:04.92500,1921.500,2
13:34:06.00300,1920.750,1351
13:34:06.05800,1920.750,96
13:34:06.14400,1920.500,146
13:34:06.34700,1921.000,133
13:34:06.69900,1920.750,4
13:34:07.12100,1920.750,9
13:34:07.51500,1920.750,3
13:34:07.66000,1920.750,1
13:34:08.04600,1920.750,16
13:34:08.17900,1921.000,1
13:34:08.50700,1920.750,8
13:34:08.64400,1921.000,1
13:34:09.12500,1920.750,2
13:34:10.62100,1920.750,1
13:34:11.12100,1921.250,1014
13:34:11.19900,1921.250,20
13:34:11.53100,1921.250,1
13:34:11.81200,1921.250,5
13:34:12.20700,1921.500,21
13:34:12.44100,1921.500,1
13:34:12.53900,1921.250,1
13:34:12.67500,1921.250,1
13:34:13.17500,1921.500,101
13:34:13.38600,1921.500,35
13:34:13.50300,1921.500,1
13:34:14.27700,1921.750,2
13:34:14.38600,1921.500,1
13:34:15.00700,1921.500,1
13:34:15.38600,1921.500,6
13:34:15.73400,1921.500,1
13:34:16.00000,1921.500,1
13:34:16.22200,1921.500,1
13:34:17.12800,1921.500,2
13:34:18.00700,1921.750,2
13:34:18.31200,1921.500,2
13:34:19.46800,1921.500,2
13:34:20.23800,1921.500,3
13:34:23.45700,1921.500,1
13:34:24.71800,1921.500,1
13:34:24.85500,1921.750,1
13:34:26.54600,1921.000,488
13:34:26.57400,1921.000,635
13:34:26.65200,1921.000,165
13:34:26.76900,1921.250,1
13:34:27.66400,1921.000,6
13:34:27.74600,1921.000,1
13:34:27.88600,1921.000,2
13:34:28.66000,1921.250,1
13:34:28.71800,1921.000,7
13:34:29.72600,1921.250,1
13:34:30.96400,1921.000,1
13:34:31.80400,1921.000,1
13:34:31.95700,1921.000,6
13:34:32.55400,1921.250,1
13:34:34.79600,1921.250,10
13:34:35.02700,1921.000,318
13:34:35.05800,1921.000,194
13:34:35.14000,1921.000,1
13:34:39.22200,1920.750,2
13:34:39.61300,1920.750,1
13:34:40.51100,1920.750,1
13:34:40.64400,1920.750,4
13:34:40.88600,1921.000,120
13:34:40.91400,1921.000,63
13:34:41.48800,1921.000,87
13:34:41.82400,1920.750,346
13:34:42.78900,1920.750,2
13:34:43.54600,1921.000,1
13:34:44.02700,1920.750,1
13:34:44.19500,1921.000,1
13:34:44.43300,1920.750,3
13:34:44.59300,1920.750,1
13:34:45.15200,1920.750,2
13:34:45.37500,1921.000,1
13:34:45.60500,1921.000,1
13:34:46.57000,1920.750,2
13:34:46.96400,1920.750,1
13:34:47.40200,1921.000,1
13:34:48.47200,1921.000,3
13:34:50.46800,1920.750,1
13:34:51.33200,1920.750,3
13:34:51.62100,1921.000,2
13:34:51.76900,1920.750,5
13:34:51.93300,1920.750,5
13:34:54.08200,1920.250,1145
13:34:54.09300,1920.250,715
13:34:54.19900,1920.000,128
13:34:54.42900,1920.000,8
13:34:54.50300,1920.250,1
13:34:54.84700,1920.000,1
13:34:55.08900,1920.250,36
13:34:55.30800,1920.000,3
13:34:55.41700,1920.250,1
13:34:55.57400,1920.000,5
13:34:55.86300,1920.000,5
13:34:56.60500,1920.250,1
13:34:57.05000,1920.250,106
13:34:57.60100,1920.500,233
13:34:57.63600,1920.250,664
13:34:57.71000,1920.250,13
13:34:57.96800,1920.000,22
13:34:58.07800,1920.250,3
13:34:58.49600,1920.250,3
13:34:58.74600,1920.000,2
13:34:59.97200,1920.000,2
13:35:00.21000,1920.250,3
13:35:00.28900,1920.250,1
13:35:00.34700,1920.000,1
13:35:00.42100,1920.000,36
13:35:00.54200,1920.250,1
13:35:00.73000,1920.000,1
13:35:01.09300,1920.000,1
13:35:01.44500,1920.000,1
13:35:01.66000,1920.000,2
13:35:03.13600,1920.000,3
13:35:03.39800,1920.000,1
13:35:03.91400,1920.000,2
13:35:04.10100,1920.250,2
13:35:04.23000,1920.000,1
13:35:04.47200,1920.250,2
13:35:04.62100,1920.250,1
13:35:04.70300,1920.000,2
13:35:05.45300,1920.000,1
13:35:05.51900,1920.250,5
13:35:05.79200,1920.250,8
13:35:05.93700,1920.250,1
13:35:06.77700,1920.000,2
13:35:07.23400,1920.000,15
13:35:07.29200,1920.250,1
13:35:07.74200,1920.000,2
13:35:07.91000,1920.000,2
13:35:08.28900,1920.250,1
13:35:08.74200,1920.000,1
13:35:08.77700,1920.000,1
13:35:09.16400,1920.250,1
13:35:09.37800,1920.250,2
13:35:09.50700,1920.000,2
13:35:09.71800,1920.250,2
13:35:10.16400,1919.750,310
13:35:10.26500,1919.750,1
13:35:10.43700,1919.750,4
13:35:10.58900,1920.000,413
13:35:10.78900,1920.000,4
13:35:10.87800,1920.000,2
13:35:11.08200,1920.000,5
13:35:11.20300,1920.000,1
13:35:11.37800,1920.000,77
13:35:11.49200,1920.250,32
13:35:12.11700,1920.000,1
13:35:12.55800,1920.250,12
13:35:12.70300,1920.000,1
13:35:12.80800,1920.000,2
13:35:12.92500,1920.000,5
13:35:13.01900,1920.000,1
13:35:13.09700,1920.000,2
13:35:13.69100,1920.000,6
13:35:14.03100,1920.000,2
13:35:14.06600,1920.000,5
13:35:14.45700,1920.000,174
13:35:14.54600,1920.000,2
13:35:14.68300,1920.250,1
13:35:14.74200,1920.250,1
13:35:14.95300,1920.000,1
13:35:15.30400,1920.000,1
13:35:15.58900,1920.000,141
13:35:15.60100,1920.000,1
13:35:15.77700,1920.250,2
13:35:15.92900,1920.250,1
13:35:16.79600,1920.250,303
13:35:17.08500,1920.500,5
13:35:17.50300,1920.250,3
13:35:17.91700,1920.250,72
13:35:17.92500,1920.250,1
13:35:18.26900,1920.250,3
13:35:18.37100,1920.250,66
13:35:18.60900,1920.250,41
13:35:19.00700,1920.000,1
13:35:19.08200,1920.250,1
13:35:19.55400,1920.250,24
13:35:20.01100,1920.250,21
13:35:20.59700,1920.250,1
13:35:22.02300,1920.500,2
13:35:22.46400,1920.500,1
13:35:23.54200,1920.500,11
13:35:24.81200,1920.500,5
13:35:24.94500,1920.500,1
13:35:25.36300,1920.500,9
13:35:26.12100,1920.500,2
13:35:26.59300,1920.250,51
13:35:27.52300,1920.250,1
13:35:28.69500,1920.250,1
13:35:28.95300,1920.250,1
13:35:29.40600,1920.500,6
13:35:30.09300,1920.250,2
13:35:31.25300,1920.250,78
13:35:31.46000,1920.250,7
13:35:31.93300,1920.250,102
13:35:33.07000,1920.250,2
13:35:33.43300,1920.000,1
13:35:33.64800,1920.250,1
13:35:33.81600,1920.250,1
13:35:34.29200,1920.250,2
13:35:38.41000,1920.250,1
13:35:38.93700,1920.250,90
13:35:39.32800,1920.250,2
13:35:39.58900,1920.500,3
13:35:39.82000,1920.250,24
13:35:40.12100,1920.500,1
13:35:40.46000,1920.250,19
13:35:41.54200,1920.250,1
13:35:41.84700,1920.500,2
13:35:43.91700,1920.250,143
13:35:44.14800,1920.000,5
13:35:44.85100,1920.250,2
13:35:45.12800,1920.250,1
13:35:45.48800,1920.000,1
13:35:45.76500,1920.250,1
13:35:46.26500,1920.000,150
13:35:46.47200,1920.250,1
13:35:46.70700,1920.250,17
13:35:46.91400,1920.250,20
13:35:47.33500,1920.250,2
13:35:48.27700,1920.000,1
13:35:48.54200,1920.250,1
13:35:48.76100,1920.250,1
13:35:49.50300,1920.000,50
13:35:49.85100,1920.000,1
13:35:50.22200,1920.250,1
13:35:50.79600,1920.000,40
13:35:51.76900,1920.000,1
13:35:52.00300,1920.000,1
13:35:52.78500,1920.250,86
13:35:52.94900,1920.250,1
13:35:53.15200,1920.250,23
13:35:54.01900,1920.250,1
13:35:55.12100,1920.250,1
13:35:55.84700,1920.000,1
13:35:56.92100,1920.250,1
13:35:57.85500,1920.250,1
13:35:58.19500,1920.250,1
13:35:58.72600,1920.000,2
13:35:58.91000,1920.250,80
13:35:59.05400,1920.000,1
13:35:59.53100,1920.250,1
13:35:59.96800,1920.250,4
13:36:00.68700,1920.250,23
13:36:00.77700,1920.250,3
13:36:01.80800,1920.250,1
13:36:02.04200,1920.250,1
13:36:02.41700,1920.250,5
13:36:02.71000,1920.000,7
13:36:03.59700,1920.250,1
13:36:03.80000,1920.250,1
13:36:05.49600,1920.250,1
13:36:05.51100,1920.250,61
13:36:06.35100,1920.000,50
13:36:06.62500,1920.250,103
13:36:08.51100,1920.000,82
13:36:08.88600,1920.250,1
13:36:09.78500,1920.250,1
13:36:10.19500,1920.000,1
13:36:11.01100,1920.250,1
13:36:12.35500,1920.000,1
13:36:13.82800,1920.250,3
13:36:14.19900,1920.000,1
13:36:14.47600,1920.250,1
13:36:14.96800,1920.250,4
13:36:17.26100,1920.000,1
13:36:17.78100,1920.000,2
13:36:18.44900,1920.000,1
13:36:19.03900,1920.250,97
13:36:19.15600,1920.250,2
13:36:19.92900,1920.500,1
13:36:20.45300,1920.250,8
13:36:20.97200,1920.500,2
13:36:21.34300,1920.250,10
13:36:21.69100,1920.500,1
13:36:22.21800,1920.500,1
13:36:22.54200,1920.250,5
13:36:22.90200,1920.500,10
13:36:23.21000,1920.500,1
13:36:23.28500,1920.500,1
13:36:24.26900,1920.500,82
13:36:24.32800,1920.500,124
13:36:24.54200,1920.500,2
13:36:24.66000,1920.500,4
13:36:24.79600,1920.750,21
13:36:24.91400,1920.750,28
13:36:25.47600,1920.750,3
13:36:25.73800,1920.750,1
13:36:26.74600,1920.500,1
13:36:26.86700,1920.500,2
13:36:27.47200,1920.500,4
13:36:27.89000,1920.750,1
13:36:28.39400,1920.750,1
13:36:28.95700,1920.750,2
13:36:29.69100,1920.750,1
13:36:30.05400,1920.750,5
13:36:31.33500,1920.750,1
13:36:32.24600,1920.750,1
13:36:33.13600,1920.750,1
13:36:34.13600,1920.750,3
13:36:35.10900,1920.750,73
13:36:35.12500,1920.750,109
13:36:35.23400,1920.750,13
13:36:35.59700,1920.750,1
13:36:36.32400,1920.750,51
13:36:36.60900,1921.000,9
13:36:38.57000,1920.750,1
13:36:38.67900,1920.750,1
13:36:39.64800,1920.750,1
13:36:40.02300,1921.000,2
13:36:40.32800,1921.000,2
13:36:40.44500,1920.750,2
13:36:40.76500,1921.000,1
13:36:41.50000,1920.750,4
13:36:42.96800,1920.750,1
13:36:43.23000,1921.000,1
13:36:44.76900,1920.750,2
13:36:44.89800,1920.750,1
13:36:45.05400,1920.750,9
13:36:45.53500,1921.000,1
13:36:46.51100,1921.000,3
13:36:47.23000,1921.000,3
13:36:47.75000,1920.750,1
13:36:48.18300,1921.000,1
13:36:48.48400,1920.750,120
13:36:48.75700,1920.750,5
13:36:50.46400,1920.750,5
13:36:50.79600,1921.000,1
13:36:51.68700,1921.000,2
13:36:52.14000,1920.750,1
13:36:52.23000,1920.750,10
13:36:52.80400,1920.750,77
13:36:53.02300,1921.000,1
13:36:54.88200,1920.750,6
13:36:55.50000,1920.750,1
13:36:56.48400,1920.750,10
13:36:57.23000,1920.750,1
13:36:58.82000,1920.750,2
13:36:59.03900,1921.000,1
13:36:59.74200,1921.000,3
13:37:03.05000,1920.750,135
13:37:03.20300,1920.750,1
13:37:04.10900,1921.000,2
13:37:05.85500,1920.750,2
13:37:06.55000,1920.750,1
13:37:07.03500,1920.750,1
13:37:09.14000,1921.000,1
13:37:09.57800,1921.000,83
13:37:09.57800,1921.000,62
13:37:09.76500,1921.000,1
13:37:10.11300,1921.000,26
13:37:11.71000,1921.250,50
13:37:12.56200,1921.250,1
13:37:13.25700,1921.250,2
13:37:14.12800,1921.250,1
13:37:14.31600,1921.250,1
13:37:15.04200,1921.250,4
13:37:15.19100,1921.250,1
13:37:16.66400,1921.250,1
13:37:17.12100,1921.000,5
13:37:18.05800,1921.250,2
13:37:18.23400,1921.000,1
13:37:18.51900,1921.000,2
13:37:19.27700,1921.250,47
13:37:19.61300,1921.250,139
13:37:21.20300,1921.250,3
13:37:21.63600,1921.250,1
13:37:22.28900,1921.000,1
13:37:23.01900,1921.250,2
13:37:24.31200,1921.250,2
13:37:25.82800,1921.000,116
13:37:26.24600,1921.250,4
13:37:29.96800,1921.250,4
13:37:30.35500,1921.000,5
13:37:31.44100,1921.250,1
13:37:31.61300,1921.000,1
13:37:34.11300,1921.250,5
13:37:35.69900,1921.250,2
13:37:36.39800,1921.250,1
13:37:38.75700,1921.250,1
13:37:39.34300,1921.000,2
13:37:40.29200,1921.250,2
13:37:40.53900,1921.000,1
13:37:41.59700,1921.000,4
13:37:42.81200,1921.250,1
13:37:43.10900,1921.000,2
13:37:44.14800,1921.250,1
13:37:44.78100,1921.000,1
13:37:44.96800,1921.250,4
13:37:46.00000,1921.000,1
13:37:47.80000,1921.000,164
13:37:47.81200,1921.000,144
13:37:47.93300,1921.000,77
13:37:48.54200,1921.000,5
13:37:48.78900,1921.000,1
13:37:50.04600,1921.000,15
13:37:50.41700,1921.000,10
13:37:50.60100,1921.000,54
13:37:50.66000,1921.000,45
13:37:51.44500,1921.000,54
13:37:52.39800,1921.000,1
13:37:55.11700,1921.000,14
13:37:56.06200,1921.000,5
13:37:56.67100,1921.250,187
13:37:56.77700,1921.250,1
13:37:57.09300,1921.250,1
13:37:59.03900,1921.250,4
13:38:00.12500,1921.000,2
13:38:00.23800,1921.000,1
13:38:00.53100,1921.000,1
13:38:01.08900,1921.000,1
13:38:03.86300,1921.250,5
13:38:05.19500,1921.250,2
13:38:06.02700,1921.000,1
13:38:07.16400,1921.000,1
13:38:08.67500,1921.000,1
13:38:09.90200,1921.250,2
13:38:10.35500,1921.000,2
13:38:11.28500,1921.250,1
13:38:14.75700,1921.000,1
13:38:14.96800,1921.250,4
13:38:17.37800,1921.250,1
13:38:18.06200,1921.250,116
13:38:19.63200,1921.250,46
13:38:19.70700,1921.250,10
13:38:19.70700,1921.250,36
13:38:19.76500,1921.250,4
13:38:20.65600,1921.500,5
13:38:20.86700,1921.500,1
13:38:22.54200,1921.250,1
13:38:22.84300,1921.500,333
13:38:23.17500,1921.250,1
13:38:23.36300,1921.500,1
13:38:24.53100,1921.250,20
13:38:25.35500,1921.500,136
13:38:25.75700,1921.500,1
13:38:25.91000,1921.750,135
13:38:25.92100,1921.750,98
13:38:26.20300,1921.750,1
13:38:27.10900,1921.750,2
13:38:27.71800,1921.750,1
13:38:28.02700,1921.750,1
13:38:28.23000,1921.750,3
13:38:29.96800,1921.750,4
13:38:30.13200,1921.750,1
13:38:31.17100,1921.750,2
13:38:31.61700,1921.750,6
13:38:31.83500,1921.750,1
13:38:32.19500,1921.750,1
13:38:32.33500,1921.750,37
13:38:32.37100,1921.750,10
13:38:32.55400,1921.750,11
13:38:33.26900,1921.750,1
13:38:34.53500,1921.750,1
13:38:36.94100,1921.750,1
13:38:37.68700,1921.500,1
13:38:39.29200,1921.750,5
13:38:40.10500,1921.750,6
13:38:40.41400,1921.500,1
13:38:40.68300,1921.500,20
13:38:41.10900,1921.750,2
13:38:41.33200,1921.750,1
13:38:41.64400,1921.500,1
13:38:44.65200,1921.500,1
13:38:44.76900,1921.750,2
13:38:44.96800,1921.750,4
13:38:45.78100,1921.750,6
13:38:48.34300,1921.750,6
13:38:48.60900,1921.500,2
13:38:49.43700,1921.500,228
13:38:49.51900,1921.250,93
13:38:49.73400,1921.250,1
13:38:51.12500,1921.250,20
13:38:51.17900,1921.500,30
13:38:51.91400,1921.500,1
13:38:52.20300,1921.250,2
13:38:52.65600,1921.250,6
13:38:53.74600,1921.500,6
13:38:54.42100,1921.500,1
13:38:55.12500,1921.500,7
13:38:55.35500,1921.500,2
13:38:56.78900,1921.250,8
13:38:57.82400,1921.500,6
13:38:58.90600,1921.250,1
13:38:59.32800,1921.250,1
13:38:59.71000,1921.500,2
13:38:59.85500,1921.500,3
13:39:01.12500,1921.500,4
13:39:01.67100,1921.250,4
13:39:01.80000,1921.250,6
13:39:01.94100,1921.250,15
13:39:02.06600,1921.250,1
13:39:02.21000,1921.500,3
13:39:02.29600,1921.500,1
13:39:03.23800,1921.500,94
13:39:04.14400,1921.500,1
13:39:04.51100,1921.250,3
13:39:04.67500,1921.500,7
13:39:05.42900,1921.500,1
13:39:07.60500,1921.500,6
13:39:08.60100,1921.250,1
13:39:10.53500,1921.250,3
13:39:10.76900,1921.500,6
13:39:11.83500,1921.250,1
13:39:13.48400,1921.500,6
13:39:14.00700,1921.250,10
13:39:14.21800,1921.250,4
13:39:14.80800,1921.250,1
13:39:14.96800,1921.500,4
13:39:15.12100,1921.250,69
13:39:15.12100,1921.250,40
13:39:15.43700,1921.250,1
13:39:17.33500,1921.250,53
13:39:17.41400,1921.000,1
13:39:18.07800,1921.000,2
13:39:18.38600,1921.000,1
13:39:18.65600,1921.000,2
13:39:19.21000,1921.250,2
13:39:22.30000,1921.000,1
13:39:23.54200,1921.250,20
13:39:23.93300,1921.250,111
13:39:24.07000,1921.250,1
13:39:24.20300,1921.250,119
13:39:24.25300,1921.250,2
13:39:24.38600,1921.250,28
13:39:26.92900,1921.250,6
13:39:29.72200,1921.000,25
13:39:31.89400,1921.000,1
13:39:37.41000,1921.000,1
13:39:38.50000,1921.250,1
13:39:43.80800,1921.250,10
13:39:45.10100,1921.000,6
13:39:45.40200,1921.000,3
13:39:46.32400,1921.000,1
13:39:46.82000,1921.000,1
13:39:48.15600,1921.000,15
13:39:48.67500,1921.000,2
13:39:49.21400,1921.000,1
13:39:52.17500,1921.000,1
13:39:54.09700,1921.250,2
13:39:55.96800,1921.000,1
13:39:57.54600,1921.000,1
13:39:58.66700,1921.250,1
13:39:58.94500,1921.000,1
13:40:00.02300,1921.000,6
13:40:00.50700,1921.000,2
13:40:01.36300,1921.250,1
13:40:02.02300,1921.000,1
13:40:02.52700,1921.250,2
13:40:04.27700,1921.250,1
13:40:05.08500,1921.000,4
13:40:05.21000,1921.000,1
13:40:07.03900,1921.000,1
13:40:08.56200,1921.000,3
13:40:08.86300,1921.250,15
13:40:10.82800,1921.250,1
13:40:11.15600,1921.000,5
13:40:11.90600,1921.000,3
13:40:12.30400,1921.000,267
13:40:14.71400,1921.000,1
13:40:17.55800,1920.750,5
13:40:18.69100,1920.750,1
13:40:21.01900,1920.750,4
13:40:21.56200,1920.750,1
13:40:22.42100,1920.750,2
13:40:23.44100,1921.000,1
13:40:23.60900,1920.750,1
13:40:24.14000,1921.000,11
13:40:24.49600,1920.750,6
13:40:25.03100,1920.750,1
13:40:26.42500,1920.750,1
13:40:28.64000,1920.750,237
13:40:28.96400,1920.500,5
13:40:30.17900,1920.500,1
13:40:30.75300,1920.750,32
13:40:31.78100,1920.750,135
13:40:31.94500,1920.500,1
13:40:32.42500,1920.750,82
13:40:32.91000,1920.750,12
13:40:33.04200,1920.500,2
13:40:33.18300,1920.750,11
13:40:33.42100,1920.500,22
13:40:33.81600,1920.750,1
13:40:35.07400,1920.750,1
13:40:35.25300,1920.750,1
13:40:35.75300,1920.750,4
13:40:36.32800,1920.750,41
13:40:37.80000,1920.500,1
13:40:38.07000,1920.750,22
13:40:38.89400,1920.750,74
13:40:39.19500,1920.750,9
13:40:39.33500,1920.500,1
13:40:40.35100,1920.750,1
13:40:40.48400,1920.500,1
13:40:42.32000,1920.750,1
13:40:43.39400,1920.750,76
13:40:44.67100,1920.500,2
13:40:44.96800,1920.750,4
13:40:45.46800,1920.500,10
13:40:47.44100,1920.750,3
13:40:48.73400,1920.500,1
13:40:49.17500,1920.750,1
13:40:49.27700,1920.500,1
13:40:49.65200,1920.750,5
13:40:51.18700,1920.750,1
13:40:54.20700,1920.750,50
13:40:55.61700,1920.500,16
13:40:56.39000,1920.750,6
13:40:57.21400,1920.500,1
13:40:58.01500,1920.500,1
13:40:58.72600,1920.750,133
13:40:59.26900,1921.000,39
13:40:59.46000,1921.000,1
13:40:59.68700,1921.000,1
13:40:59.96800,1921.000,4
13:41:03.51500,1921.000,2
13:41:05.17900,1920.750,17
13:41:07.78500,1920.750,4
13:41:09.34700,1920.750,2
13:41:09.88600,1920.750,2
13:41:10.71000,1920.750,9
13:41:11.89400,1920.750,60
13:41:11.90600,1920.750,11
13:41:12.82800,1921.000,1
13:41:13.79600,1920.750,1
13:41:15.82800,1921.000,1
13:41:15.91400,1920.750,18
13:41:18.77300,1920.750,2
13:41:20.76900,1921.000,3
13:41:23.89000,1921.000,1
13:41:24.05800,1920.750,1
13:41:24.38200,1920.750,57
13:41:25.02300,1920.750,1
13:41:26.07000,1920.500,325
13:41:27.03100,1920.500,1
13:41:27.82000,1920.500,2
13:41:28.14000,1920.500,1
13:41:28.36700,1920.500,2
13:41:28.58500,1921.000,167
13:41:28.58500,1921.000,10
13:41:28.58500,1921.000,50
13:41:28.58500,1920.750,42
13:41:29.49200,1920.750,64
13:41:29.85500,1920.750,3
13:41:35.36700,1920.750,3
13:41:35.62100,1920.750,1
13:41:36.69900,1920.750,1
13:41:37.13200,1920.750,2
13:41:38.05000,1920.750,1
13:41:38.96000,1920.250,112
13:41:40.64400,1920.250,309
13:41:40.84300,1920.000,18
13:41:40.95700,1920.000,88
13:41:41.14400,1920.000,4
13:41:42.35500,1920.000,1
13:41:43.00000,1920.250,84
13:41:43.67500,1920.250,7
13:41:44.39000,1920.250,28
13:41:44.55000,1920.250,19
13:41:44.70300,1920.000,1
13:41:45.08500,1920.000,35
13:41:45.17100,1920.000,14
13:41:45.24600,1920.000,142
13:41:45.34300,1920.000,1
13:41:45.45700,1919.750,186
13:41:45.46000,1919.750,1
13:41:45.46000,1919.750,25
13:41:45.58500,1919.750,127
13:41:45.64800,1919.500,6
13:41:45.76500,1919.500,1
13:41:46.09700,1919.750,5
13:41:46.19900,1919.750,3
13:41:46.34700,1919.500,4
13:41:46.37100,1919.500,1
13:41:46.73400,1919.500,3
13:41:47.08200,1919.750,120
13:41:47.20700,1919.750,1
13:41:47.31600,1919.750,2
13:41:47.39400,1919.750,4
13:41:47.90200,1919.750,5
13:41:48.17900,1919.750,6
13:41:48.47600,1919.750,1
13:41:49.14000,1919.750,2
13:41:49.50700,1919.750,1
13:41:49.85900,1919.750,1
13:41:49.94500,1919.750,74
13:41:50.20700,1919.750,262
13:41:51.57000,1920.000,1
13:41:51.74600,1919.750,1
13:41:52.06200,1919.750,9
13:41:52.51900,1919.750,1
13:41:52.84300,1919.750,121
13:41:53.53900,1919.750,5
13:41:53.60100,1919.750,1
13:41:53.69100,1919.750,2
13:41:53.78100,1919.750,1
13:41:54.23400,1919.750,2
13:41:54.54600,1919.500,2
13:41:55.00700,1919.500,1
13:41:55.23400,1919.500,1
13:41:56.01100,1919.500,4
13:41:56.37100,1919.500,4
13:41:56.88600,1919.750,2
13:41:57.24600,1919.500,1
13:41:58.60100,1919.500,1
13:41:58.71000,1919.500,1
13:41:59.16700,1919.500,5
13:41:59.41700,1919.500,4
13:42:00.43700,1919.500,9
13:42:00.68700,1919.500,2
13:42:00.94900,1919.500,1
13:42:01.20700,1919.750,1
13:42:02.00000,1919.750,419
13:42:02.03500,1919.750,137
13:42:02.61700,1919.750,59
13:42:02.84700,1919.500,21
13:42:03.05800,1919.750,1
13:42:04.05400,1919.500,11
13:42:04.28100,1919.750,25
13:42:04.28900,1919.750,1
13:42:04.65200,1919.750,2
13:42:04.92100,1919.750,3
13:42:05.16000,1920.000,1
13:42:05.71000,1919.750,2
13:42:06.46000,1919.750,2
13:42:06.69900,1919.750,4
13:42:09.22200,1920.000,1
13:42:09.76100,1920.000,1
13:42:10.52700,1919.750,1
13:42:11.36300,1920.000,35
13:42:14.82800,1920.000,1
13:42:15.57400,1920.000,1
13:42:15.64400,1920.000,1
13:42:15.80000,1920.000,1
13:42:15.91700,1920.000,1
13:42:16.71400,1920.000,221
13:42:17.51100,1920.000,3
13:42:17.67900,1920.000,1
13:42:18.13200,1920.000,31
13:42:19.20700,1920.250,110
13:42:23.74600,1920.250,1
13:42:25.78900,1920.500,4
13:42:27.90600,1920.500,21
13:42:28.77300,1920.250,5
13:42:28.88200,1920.250,1
13:42:29.96800,1920.500,4
13:42:30.77300,1920.500,1
13:42:31.75000,1920.500,1
13:42:32.13600,1920.500,2
13:42:33.17100,1920.500,1
13:42:33.50000,1920.250,11
13:42:34.07800,1920.500,2
13:42:35.32000,1920.500,1
13:42:36.55400,1920.500,86
13:42:37.30000,1920.500,1
13:42:38.90200,1920.500,39
13:42:39.05000,1920.500,68
13:42:40.49200,1920.250,17
13:42:41.19900,1920.250,1
13:42:41.69900,1920.500,52
13:42:42.33200,1920.500,1
13:42:42.50000,1920.500,1
13:42:42.93700,1920.500,36
13:42:43.19900,1920.500,80
13:42:43.20300,1920.500,46
13:42:43.71800,1920.500,2
13:42:44.35500,1920.500,1
13:42:44.66700,1920.500,1
13:42:46.75300,1920.750,3
13:42:48.86300,1920.500,2
13:42:51.11700,1920.500,1
13:42:52.28500,1920.500,1
13:42:53.29200,1920.750,1
13:42:53.80000,1920.500,1
13:42:56.20700,1920.750,2
13:42:58.64400,1920.750,2
13:42:59.08900,1920.500,1
13:42:59.96800,1920.750,4
13:43:02.28500,1920.750,18
13:43:02.52700,1920.750,26
13:43:03.23800,1920.500,6
13:43:03.41700,1920.750,1
13:43:03.78500,1920.750,1
13:43:04.72600,1920.750,118
13:43:05.35900,1920.500,1
13:43:06.43300,1920.750,10
13:43:07.00000,1920.750,4
13:43:11.03500,1920.500,187
13:43:11.24600,1920.500,13
13:43:15.58500,1920.250,3
13:43:17.17500,1920.500,1
13:43:17.36300,1920.500,6
13:43:17.58500,1920.250,35
13:43:18.89400,1920.250,1
13:43:19.62100,1920.250,1
13:43:19.80400,1920.250,1
13:43:22.22200,1920.500,3
13:43:24.17900,1920.250,153
13:43:24.33900,1920.250,2
13:43:25.68700,1920.000,3
13:43:25.88600,1920.250,2
13:43:27.31600,1920.000,1
13:43:28.03900,1920.000,2
13:43:29.10900,1920.000,1
13:43:29.54200,1920.000,2
13:43:29.85500,1920.000,1
13:43:31.28900,1920.000,32
13:43:34.94500,1920.000,5
13:43:35.35100,1920.000,2
13:43:36.12800,1920.000,1
13:43:36.48400,1920.000,5
13:43:38.71400,1920.250,2
13:43:39.25300,1920.250,18
13:43:39.30800,1920.250,1
13:43:39.49200,1920.250,2
13:43:41.00700,1920.000,111
13:43:41.13200,1920.000,30
13:43:41.13600,1920.000,52
13:43:42.63200,1920.000,15
13:43:43.03100,1920.000,2
13:43:43.58500,1920.000,5
13:43:47.39400,1920.250,12
13:43:47.75700,1920.000,4
13:43:48.92100,1920.000,1
13:43:50.12800,1920.000,3
13:43:50.25700,1920.250,137
13:43:50.52700,1920.250,2
13:43:52.12100,1920.250,1
13:43:52.48800,1920.250,1
13:43:53.46800,1920.250,42
13:43:53.79600,1920.250,36
13:43:54.20300,1920.250,12
13:43:55.14400,1920.250,11
13:43:55.64400,1920.250,2
13:43:55.75700,1920.250,7
13:43:56.52300,1920.250,31
13:43:57.87100,1920.000,23
13:43:58.46800,1920.000,20
13:43:59.96800,1920.250,4
13:44:00.96000,1920.000,2
13:44:01.78900,1920.250,1
13:44:02.44100,1920.250,2
13:44:02.55400,1920.250,1
13:44:04.51900,1920.250,1
13:44:05.35100,1920.250,2
13:44:09.53100,1920.000,144
13:44:09.61300,1920.000,8
13:44:09.89000,1919.750,6
13:44:10.41700,1920.000,1
13:44:11.03100,1920.000,32
13:44:11.17100,1920.000,1
13:44:11.50700,1920.000,2
13:44:12.19100,1919.750,8
13:44:13.65600,1920.000,3
13:44:14.09700,1920.000,10
13:44:14.12500,1920.000,1
13:44:14.43700,1920.000,14
13:44:14.67900,1920.000,2
13:44:15.04600,1920.000,4
13:44:15.48400,1919.750,4
13:44:16.10500,1920.000,1
13:44:16.34700,1920.000,2
13:44:16.78100,1920.000,25
13:44:17.34700,1920.000,1
13:44:18.41700,1920.000,30
13:44:19.26500,1920.000,53
13:44:19.58200,1919.750,2
13:44:19.76100,1920.000,1
13:44:20.50000,1919.750,1
13:44:21.07400,1920.000,31
13:44:21.30800,1920.000,2
13:44:22.78100,1920.000,6
13:44:22.94500,1920.000,8
13:44:23.31200,1920.000,24
13:44:23.42500,1920.000,1
13:44:24.07800,1920.000,3
13:44:24.35500,1920.000,1
13:44:25.81200,1920.000,2
13:44:26.46800,1919.750,2
13:44:27.18300,1920.000,1
13:44:27.42100,1919.750,1
13:44:27.86300,1919.750,43
13:44:28.22200,1920.000,1
13:44:29.61700,1919.750,3
13:44:29.74200,1920.000,1
13:44:29.96800,1920.000,4
13:44:30.50300,1919.750,1
13:44:31.24200,1920.000,23
13:44:32.23800,1919.750,5
13:44:32.40200,1919.750,1
13:44:33.61300,1919.750,1
13:44:34.34700,1919.750,93
13:44:34.38600,1919.750,22
13:44:34.60500,1919.500,2
13:44:35.02700,1919.500,20
13:44:35.57000,1919.750,94
13:44:36.64400,1919.750,20
13:44:37.18300,1919.750,2
13:44:37.37100,1919.750,1
13:44:37.50700,1920.000,1
13:44:37.82800,1919.750,6
13:44:38.31200,1919.750,25
13:44:38.42900,1919.750,2
13:44:38.83500,1920.000,17
13:44:39.41400,1919.750,112
13:44:39.58200,1919.500,1
13:44:39.88200,1919.750,9
13:44:40.04200,1919.750,67
13:44:40.20700,1919.750,1
13:44:41.03500,1919.500,1
13:44:42.06600,1919.750,13
13:44:42.12800,1919.750,12
13:44:42.58500,1919.750,2
13:44:42.84300,1919.750,34
13:44:42.96000,1919.750,1
13:44:43.22600,1919.750,5
13:44:43.32000,1919.750,1
13:44:43.90600,1919.750,1
13:44:44.09700,1919.750,1
13:44:45.49200,1919.750,3
13:44:45.57000,1919.750,1
13:44:47.18700,1919.750,31
13:44:47.25000,1919.750,1
13:44:47.45300,1919.500,2
13:44:47.60500,1919.500,1
13:44:47.93700,1919.750,3
13:44:48.28500,1919.750,3
13:44:48.64000,1919.500,10
13:44:49.01100,1919.500,1
13:44:49.21800,1919.750,1
13:44:49.58200,1919.500,1
13:44:49.95700,1919.500,1
13:44:50.72600,1919.750,1
13:44:50.94900,1919.750,8
13:44:51.21000,1919.750,1
13:44:51.43700,1919.750,1
13:44:51.70700,1919.750,3
13:44:52.07000,1919.750,1
13:44:52.51500,1919.750,5
13:44:53.22200,1919.750,1
13:44:54.44500,1920.000,2
13:44:54.95300,1920.000,1
13:44:55.50300,1920.000,16
13:44:55.94900,1919.750,4
13:44:58.78900,1919.750,1
13:44:59.58200,1919.750,2
13:45:00.04200,1919.750,5
13:45:00.35100,1920.000,2
13:45:01.55400,1920.000,1
13:45:01.84700,1920.000,1
13:45:02.07000,1919.750,60
13:45:02.16000,1919.750,1
13:45:02.73400,1919.250,714
13:45:02.77700,1919.250,57
13:45:02.89400,1919.250,1
13:45:03.00700,1919.250,1
13:45:03.11700,1919.250,3
13:45:03.48400,1919.250,3
13:45:03.84300,1919.250,6
13:45:03.84700,1919.250,2
13:45:03.92900,1919.250,2
13:45:04.07800,1919.250,2
13:45:04.20300,1919.250,1
13:45:04.62500,1919.250,1
13:45:04.73000,1919.250,1
13:45:04.82000,1919.500,3
13:45:05.19100,1919.250,1
13:45:05.38200,1919.500,1
13:45:05.65600,1919.250,4
13:45:06.05800,1919.250,6
13:45:06.69900,1919.250,2
13:45:07.02700,1919.250,3
13:45:07.25000,1919.250,2
13:45:07.32400,1919.500,2
13:45:07.87800,1919.250,1
13:45:08.74200,1919.500,48
13:45:09.12800,1919.250,4
13:45:09.75700,1919.500,1
13:45:10.03500,1919.250,1
13:45:10.53900,1919.500,1
13:45:12.46800,1919.500,1
13:45:12.64400,1919.500,1
13:45:14.09700,1919.500,20
13:45:14.34700,1919.500,1
13:45:14.40600,1919.500,1
13:45:15.33900,1919.500,3
13:45:15.56600,1919.500,1
13:45:15.77300,1919.500,2
13:45:15.94900,1919.250,2
13:45:16.77700,1919.500,1
13:45:17.46000,1919.250,1
13:45:18.60100,1919.500,1
13:45:19.12100,1919.250,2
13:45:20.13600,1919.250,1
13:45:21.13600,1919.500,178
13:45:21.28500,1919.250,5
13:45:22.44100,1919.250,2
13:45:22.71000,1919.500,1
13:45:23.75300,1919.500,2
13:45:24.26100,1919.500,1
13:45:24.81600,1919.250,4
13:45:26.04200,1919.250,1
13:45:26.71400,1919.500,2
13:45:26.89000,1919.500,10
13:45:27.06600,1919.500,2
13:45:27.25300,1919.500,19
13:45:28.44100,1919.500,2
13:45:28.56200,1919.750,2
13:45:28.89400,1919.500,2
13:45:29.96800,1919.750,4
13:45:31.00700,1919.750,2
13:45:31.13200,1919.500,4
13:45:33.19500,1919.500,1
13:45:33.78900,1919.500,1
13:45:35.13200,1919.500,1
13:45:35.95700,1919.500,1
13:45:37.53500,1919.500,195
13:45:40.02700,1919.500,85
13:45:40.17100,1919.500,15
13:45:40.54600,1919.750,2
13:45:40.67100,1919.750,1
13:45:41.04600,1919.500,2
13:45:41.10900,1919.500,3
13:45:41.35100,1919.750,76
13:45:43.35100,1919.500,10
13:45:44.24600,1919.750,1
13:45:45.89800,1919.750,1
13:45:46.35900,1919.500,1
13:45:47.62100,1919.750,10
13:45:47.71800,1919.750,2
13:45:48.02300,1919.750,2
13:45:48.30800,1919.750,2
13:45:48.41000,1919.750,1
13:45:49.07400,1919.500,2
13:45:49.82000,1919.750,6
13:45:50.33500,1919.750,2
13:45:51.10900,1919.500,2
13:45:52.09700,1919.750,2
13:45:52.85900,1919.750,4
13:45:54.27300,1919.750,256
13:45:54.27700,1919.750,4
13:45:55.18300,1919.750,20
13:45:55.58200,1920.000,2
13:45:57.38200,1920.000,1
13:45:58.58200,1920.000,2
13:45:59.96800,1920.000,4
13:46:01.11700,1919.750,23
13:46:02.83900,1920.000,1
13:46:03.47600,1920.000,1
13:46:04.02700,1920.000,1
13:46:05.13600,1919.750,2
13:46:05.28100,1920.000,1
13:46:05.46400,1920.000,66
13:46:05.46400,1920.000,136
13:46:05.85100,1920.000,1
13:46:06.26100,1920.250,6
13:46:06.48000,1920.250,11
13:46:06.82400,1920.000,6
13:46:07.01100,1920.000,3
13:46:07.21800,1920.250,33
13:46:07.46800,1920.000,1
13:46:07.59700,1920.250,2
13:46:07.76500,1920.250,2
13:46:07.96400,1920.250,1
13:46:08.22600,1920.250,3
13:46:08.48400,1920.250,1
13:46:08.64000,1920.250,1
13:46:11.32800,1920.250,1
13:46:11.68300,1920.000,1
13:46:12.48800,1920.250,1
13:46:12.75000,1920.250,1
13:46:13.31600,1920.250,1
13:46:13.71800,1920.000,1
13:46:14.42900,1920.250,10
13:46:15.09700,1920.250,29
13:46:15.33200,1920.250,1
13:46:15.71400,1920.250,1
13:46:15.94500,1920.250,6
13:46:16.35900,1920.250,271
13:46:16.38200,1920.500,1
13:46:16.80000,1920.250,107
13:46:17.13600,1920.500,1
13:46:17.65600,1920.500,1
13:46:18.25700,1920.250,1
13:46:18.58500,1920.500,1
13:46:19.29200,1920.500,1
13:46:19.57000,1920.500,1
13:46:20.44100,1920.250,29
13:46:21.38600,1920.500,2
13:46:22.87800,1920.500,5
13:46:25.30400,1920.500,2
13:46:25.35500,1920.500,1
13:46:25.73800,1920.500,10
13:46:28.08500,1920.500,1
13:46:28.17900,1920.500,1
13:46:28.46400,1920.500,1
13:46:29.45700,1920.250,2
13:46:30.04200,1920.500,6
13:46:30.22200,1920.250,1
13:46:33.30400,1920.500,1
13:46:33.73800,1920.250,6
13:46:34.29200,1920.500,1
13:46:34.52300,1920.500,2
13:46:36.17900,1920.250,6
13:46:37.08500,1920.500,1
13:46:38.43700,1920.250,1
13:46:38.92100,1920.500,1
13:46:40.55800,1920.250,3
13:46:40.71400,1920.500,1
13:46:41.00700,1920.500,1
13:46:41.96800,1920.250,1
13:46:42.14400,1920.500,1
13:46:42.42100,1920.500,1
13:46:43.53500,1920.250,30
13:46:43.91700,1920.250,5
13:46:44.96800,1920.500,4
13:46:45.80800,1920.500,1
13:46:46.53900,1920.500,1
13:46:49.13200,1920.250,1
13:46:49.57400,1920.250,1
13:46:52.68700,1920.500,3
13:46:56.43300,1920.500,5
13:46:57.08200,1920.500,6
13:46:58.37800,1920.250,1
13:46:59.26100,1920.250,1
13:46:59.39400,1920.500,20
13:46:59.96800,1920.500,4
13:47:02.60900,1920.500,6
13:47:04.05000,1920.500,1
13:47:04.63600,1920.500,1
13:47:05.54600,1920.500,1
13:47:06.51100,1920.500,30
13:47:06.88600,1920.500,91
13:47:06.91700,1920.500,51
13:47:07.15600,1920.500,4
13:47:07.26900,1920.500,25
13:47:07.75300,1920.500,5
13:47:07.86700,1920.500,1
13:47:08.13600,1920.500,1
13:47:09.25000,1920.500,2
13:47:10.16000,1920.500,1
13:47:10.57400,1920.500,1
13:47:11.36300,1920.500,2
13:47:13.30800,1920.500,2
13:47:13.87500,1920.500,20
13:47:14.17900,1920.500,1
13:47:14.96800,1920.500,4
13:47:16.38200,1920.250,1
13:47:18.06200,1920.500,1
13:47:19.16000,1920.250,3
13:47:22.50300,1920.250,92
13:47:22.54600,1920.250,77
13:47:22.80800,1920.250,1
13:47:23.21400,1920.250,1
13:47:24.78100,1920.000,60
13:47:24.92500,1919.750,23
13:47:28.14000,1919.750,2
13:47:29.31600,1920.000,40
13:47:29.90600,1920.000,56
13:47:30.12500,1919.750,2
13:47:30.51900,1920.000,36
13:47:30.53100,1920.000,1
13:47:31.20300,1920.000,28
13:47:31.37800,1920.000,9
13:47:31.75000,1920.000,1
13:47:32.24600,1920.000,9
13:47:32.96400,1920.000,4
13:47:38.29200,1920.250,73
13:47:40.20700,1920.000,35
13:47:40.62800,1920.000,9
13:47:41.52300,1920.250,1
13:47:43.89800,1920.000,1
13:47:44.96800,1920.250,4
13:47:46.18700,1920.250,1
13:47:46.82000,1920.250,5
13:47:47.01500,1920.250,5
13:47:47.19500,1920.250,2
13:47:47.71400,1920.000,1
13:47:48.37500,1920.000,3
13:47:48.55400,1920.000,1
13:47:48.95300,1920.000,1
13:47:49.21000,1920.250,21
13:47:49.36300,1920.250,1
13:47:49.87800,1920.000,1
13:47:50.78100,1920.000,1
13:47:51.37800,1920.000,75
13:47:51.39400,1920.000,14
13:47:51.42900,1920.000,33
13:47:51.60500,1920.000,14
13:47:52.35900,1919.750,4
13:47:52.70300,1920.000,8
13:47:53.92100,1920.000,38
13:47:55.37500,1920.000,32
13:47:55.47600,1920.000,13
13:47:56.28100,1920.000,2
13:47:56.52300,1920.000,11
13:47:56.75700,1920.250,1
13:47:56.95700,1920.250,1
13:47:57.23800,1920.250,4
13:47:57.71800,1920.000,2
13:47:59.03100,1920.250,5
13:47:59.60500,1920.000,1
13:47:59.82400,1920.250,20
13:48:01.89800,1920.000,51
13:48:02.36700,1920.000,6
13:48:02.49600,1920.000,8
13:48:03.94100,1920.000,1
13:48:04.32000,1920.000,207
13:48:05.20700,1920.250,11
13:48:08.33500,1920.250,114
13:48:08.53500,1920.250,1
13:48:09.31600,1920.250,42
13:48:10.35100,1920.250,1
13:48:10.87100,1920.500,5
13:48:14.93300,1920.500,1
13:48:18.08200,1920.500,1
13:48:18.46400,1920.500,10
13:48:19.22600,1920.250,6
13:48:19.50300,1920.500,1
13:48:22.44900,1920.250,20
13:48:23.70300,1920.500,1
13:48:24.78500,1920.500,2
13:48:24.86300,1920.500,1
13:48:25.18700,1920.250,1
13:48:25.75300,1920.500,1
13:48:26.80800,1920.500,2
13:48:28.88600,1920.500,1
13:48:29.31600,1920.250,1
13:48:29.96800,1920.500,6
13:48:30.91700,1920.500,5
13:48:32.21800,1920.500,2
13:48:33.56600,1920.500,1
13:48:35.08900,1920.500,1
13:48:35.33500,1920.500,1
13:48:35.88600,1920.500,5
13:48:37.66700,1920.250,1
13:48:39.05000,1920.500,1
13:48:39.32800,1920.500,1
13:48:41.64400,1920.250,3
13:48:42.19500,1920.500,6
13:48:44.96800,1920.500,5
13:48:45.79600,1920.500,1
13:48:47.85900,1920.250,1
13:48:48.32400,1920.500,5
13:48:49.25300,1920.250,7
13:48:49.74600,1920.500,1
13:48:50.47600,1920.500,2
13:48:51.80400,1920.500,2
13:48:52.07800,1920.500,10
13:48:52.39000,1920.500,19
13:48:53.79600,1920.500,5
13:48:54.29200,1920.250,116
13:48:54.37500,1920.250,2
13:48:56.80000,1920.000,11
13:48:57.03100,1920.000,1
13:48:57.38600,1920.250,1
13:48:58.55800,1920.250,1
13:48:58.80800,1920.250,1
13:48:59.34300,1920.000,1
13:48:59.57800,1920.000,1
13:49:05.93300,1920.250,88
13:49:05.93700,1920.500,10
13:49:06.10100,1920.250,6
13:49:06.93700,1920.250,20
13:49:08.27700,1920.500,1
13:49:08.80800,1920.500,1
13:49:09.43300,1920.250,136
13:49:10.60100,1920.250,1
13:49:10.91700,1920.250,1
13:49:11.88600,1920.000,26
13:49:14.09700,1920.250,1
13:49:14.56600,1920.000,1
13:49:14.96800,1920.250,5
13:49:15.24200,1920.250,1
13:49:17.55000,1920.250,1
13:49:19.41700,1920.000,2
13:49:21.04600,1920.250,1
13:49:23.06200,1920.000,1
13:49:25.03100,1920.250,1
13:49:27.37500,1920.250,1
13:49:29.35900,1920.000,1
13:49:29.44100,1920.250,2
13:49:29.96800,1920.250,4
13:49:30.50000,1920.000,20
13:49:31.46400,1920.250,1
13:49:33.96800,1920.000,1
13:49:35.00300,1920.250,1
13:49:35.16400,1920.000,221
13:49:35.22200,1919.750,21
13:49:35.46800,1920.000,2
13:49:35.87800,1920.000,4
13:49:36.33500,1919.750,1
13:49:36.58900,1919.750,1
13:49:38.60100,1919.750,5
13:49:39.08200,1919.750,1
13:49:39.42900,1920.000,10
13:49:40.25700,1919.750,5
13:49:40.38600,1919.750,1
13:49:41.14800,1919.750,100
13:49:41.68700,1919.500,10
13:49:41.88200,1919.750,1
13:49:42.58500,1919.500,1
13:49:44.47200,1919.500,1
13:49:45.22600,1919.500,2
13:49:47.20300,1919.750,1
13:49:48.02300,1919.500,1
13:49:49.32800,1919.500,3
13:49:50.26900,1919.750,169
13:49:51.50000,1919.750,25
13:49:51.66000,1920.000,1
13:49:51.91400,1920.000,178
13:49:52.32400,1920.250,1
13:49:53.18700,1920.000,20
13:49:53.66000,1920.000,2
13:49:53.97200,1920.000,2
13:49:54.27300,1920.000,2
13:49:54.46400,1920.000,71
13:49:55.22600,1919.750,4
13:49:56.69100,1919.750,20
13:49:57.05000,1919.750,50
13:49:57.49600,1920.000,1
13:49:59.33200,1920.000,4
13:49:59.96800,1920.000,5
13:50:01.84300,1919.750,144
13:50:02.10500,1920.000,19
13:50:02.25700,1920.000,3
13:50:02.80800,1920.000,193
13:50:03.73400,1920.000,43
13:50:03.83900,1920.000,17
13:50:05.22600,1919.750,7
13:50:06.45300,1920.000,1
13:50:07.03900,1920.000,1
13:50:07.58200,1920.000,51
13:50:08.08500,1919.750,20
13:50:08.80800,1920.000,2
13:50:10.31600,1920.000,4
13:50:10.67500,1920.000,2
13:50:12.70300,1920.000,1
13:50:13.18300,1920.000,1
13:50:15.22600,1919.750,2
13:50:18.08500,1920.000,10
13:50:19.35100,1919.750,2
13:50:19.90600,1920.000,58
13:50:20.55000,1919.750,3
13:50:22.53500,1919.750,1
13:50:23.60500,1920.000,1
13:50:25.22600,1919.750,3
13:50:28.13200,1919.750,1
13:50:29.40200,1919.750,1
13:50:29.96800,1920.000,4
13:50:31.09700,1919.750,1
13:50:32.36700,1920.000,3
13:50:34.04600,1920.000,1
13:50:34.70300,1920.000,62
13:50:35.22600,1919.750,6
13:50:36.73000,1920.000,74
13:50:36.74200,1920.000,21
13:50:38.36300,1920.000,2
13:50:41.48400,1919.750,1
13:50:42.54600,1920.000,1
13:50:42.70700,1920.000,4
13:50:42.76100,1919.750,1
13:50:44.46400,1920.000,1
13:50:44.96800,1920.000,5
13:50:45.23000,1919.750,3
13:50:49.39400,1919.750,1
13:50:51.46400,1919.750,2
13:50:52.07400,1919.750,214
13:50:54.20700,1920.000,1
13:50:55.07400,1920.000,2
13:50:55.22600,1919.750,2
13:50:57.32000,1920.000,1
13:50:59.00000,1919.750,1
13:50:59.42500,1919.500,176
13:51:01.08200,1919.750,32
13:51:01.68300,1919.750,64
13:51:03.34300,1919.750,9
13:51:04.19900,1919.750,1
13:51:04.78900,1919.750,1
13:51:05.23000,1919.500,2
13:51:05.32400,1919.750,1
13:51:05.55000,1919.750,1
13:51:08.02700,1919.750,1
13:51:08.41000,1919.750,84
13:51:08.44900,1919.750,22
13:51:08.62500,1919.750,10
13:51:08.92900,1919.750,22
13:51:09.10500,1919.750,2
13:51:09.65600,1919.750,3
13:51:12.19900,1919.750,22
13:51:14.46400,1919.500,177
13:51:14.96800,1919.500,1
13:51:15.53900,1919.500,153
13:51:15.61700,1919.500,34
13:51:15.71000,1919.500,10
13:51:15.82800,1919.500,14
13:51:16.02300,1919.250,163
13:51:16.06200,1919.250,1
13:51:16.25300,1919.500,1
13:51:17.85100,1919.500,153
13:51:18.54600,1919.500,20
13:51:18.85900,1919.750,12
13:51:19.71000,1919.500,3
13:51:20.79200,1919.500,2
13:51:21.06600,1919.500,1
13:51:21.27300,1919.750,1
13:51:22.36300,1919.500,1
13:51:22.51500,1919.500,1
13:51:23.16400,1919.500,23
13:51:23.46000,1919.250,6
13:51:23.61700,1919.500,2
13:51:24.85900,1919.500,1
13:51:25.56600,1919.250,1
13:51:25.76900,1919.250,1
13:51:26.00700,1919.250,5
13:51:26.18300,1919.500,1
13:51:26.75300,1919.250,1
13:51:28.25300,1919.250,1
13:51:29.25000,1919.250,29
13:51:29.61300,1919.250,2
13:51:29.96800,1919.500,5
13:51:30.14800,1919.500,1
13:51:32.09300,1919.500,1
13:51:32.74200,1919.250,1
13:51:32.94500,1919.500,1
13:51:34.39400,1919.500,2
13:51:35.41400,1919.500,2
13:51:35.76900,1919.250,16
13:51:36.14000,1919.500,1
13:51:36.60100,1919.500,1
13:51:37.93700,1919.500,1
13:51:38.25700,1919.250,2
13:51:39.92500,1919.250,14
13:51:40.51900,1919.250,1
13:51:40.62800,1919.500,6
13:51:42.00300,1919.500,1
13:51:43.24200,1919.500,3
13:51:44.73400,1919.500,1
13:51:44.96800,1919.500,4
13:51:45.56200,1919.500,100
13:51:45.62500,1919.500,3
13:51:45.77700,1919.500,48
13:51:45.89800,1919.500,35
13:51:47.04600,1919.500,17
13:51:47.32400,1919.500,1
13:51:47.94900,1919.500,18
13:51:48.09700,1919.500,17
13:51:48.30400,1919.500,20
13:51:49.45300,1919.500,4
13:51:50.21000,1919.750,1
13:51:55.76900,1919.500,1
13:51:56.35900,1919.500,2
13:51:57.46000,1919.750,1
13:51:57.66700,1919.500,2
13:51:58.25300,1919.500,2
13:51:58.43300,1919.750,1
13:51:59.96800,1919.750,5
13:52:02.25000,1919.750,185
13:52:05.22200,1920.000,148
13:52:05.32800,1920.250,15
13:52:06.23000,1920.000,2
13:52:07.28100,1920.000,1
13:52:07.67500,1920.250,3
13:52:07.87800,1920.250,1
13:52:08.89400,1920.250,2
13:52:09.20300,1920.250,1
13:52:09.60500,1920.000,125
13:52:09.65200,1919.750,41
13:52:09.70700,1919.750,2
13:52:10.50000,1920.000,1
13:52:11.19900,1920.000,10
13:52:12.28100,1920.000,1
13:52:12.71800,1920.000,1
13:52:13.24200,1919.750,1
13:52:14.11700,1920.000,2
13:52:14.96800,1920.000,4
13:52:16.59300,1920.000,3
13:52:17.37500,1920.000,1
13:52:17.45300,1919.750,1
13:52:17.77700,1920.000,92
13:52:17.85100,1920.000,1
13:52:18.74200,1920.000,1
13:52:19.05400,1920.000,9
13:52:20.41700,1920.000,1
13:52:21.23400,1920.000,3
13:52:21.33900,1920.000,10
13:52:22.87500,1920.000,1
13:52:24.45700,1920.250,21
13:52:25.00300,1920.000,1
13:52:26.03900,1920.250,2
13:52:26.15200,1920.250,5
13:52:26.48400,1920.500,408
13:52:26.58500,1920.500,310
13:52:26.66000,1920.500,95
13:52:26.78900,1920.500,6
13:52:26.89800,1920.250,3
13:52:27.00700,1920.500,2
13:52:27.08900,1920.250,1
13:52:28.17500,1920.500,2
13:52:28.54200,1920.500,1
13:52:29.25300,1920.500,36
13:52:29.96800,1920.500,5
13:52:30.12500,1920.500,1
13:52:30.91400,1920.500,2
13:52:31.30800,1920.500,1
13:52:31.76100,1920.500,6
13:52:32.34300,1920.500,23
13:52:32.68700,1920.500,4
13:52:33.21000,1920.500,56
13:52:33.82000,1920.500,1
13:52:34.44500,1920.500,5
13:52:35.60500,1920.500,1
13:52:36.52700,1920.500,1
13:52:36.76900,1920.500,1
13:52:37.01500,1920.500,42
13:52:37.27300,1920.500,10
13:52:37.50700,1920.500,19
13:52:37.79200,1920.500,6
13:52:38.72600,1920.250,4
13:52:38.78900,1920.500,5
13:52:38.94500,1920.500,3
13:52:39.31600,1920.250,4
13:52:39.51900,1920.250,1
13:52:41.92900,1920.500,11
13:52:42.16700,1920.500,22
13:52:42.35900,1920.500,1
13:52:42.69100,1920.500,5
13:52:43.03500,1920.500,2
13:52:44.46400,1920.500,2
13:52:44.57400,1920.500,1
13:52:45.01900,1920.500,7
13:52:45.79600,1920.500,11
13:52:47.58500,1920.500,2
13:52:47.82000,1920.500,1
13:52:48.09300,1920.500,3
13:52:48.92500,1920.250,1
13:52:50.10900,1920.500,23
13:52:54.26100,1920.500,34
13:52:54.82400,1920.500,3
13:52:55.03900,1920.500,10
13:52:55.32000,1920.500,1
13:52:55.63600,1920.250,1
13:52:55.76500,1920.500,2
13:52:56.02300,1920.500,29
13:52:56.30400,1920.500,2
13:52:58.03500,1920.500,4
13:52:58.94500,1920.500,1
13:52:59.11700,1920.500,1
13:53:00.01500,1920.500,9
13:53:00.19100,1920.500,1
13:53:01.62800,1920.500,2
13:53:03.95700,1920.500,1
13:53:05.62100,1920.750,2
13:53:07.92100,1920.750,2
13:53:09.01100,1920.750,1
13:53:09.89800,1920.750,1
13:53:10.08500,1920.750,1
13:53:11.48800,1920.500,103
13:53:11.73400,1920.500,1
13:53:11.79200,1920.500,1
13:53:13.39400,1920.500,1
13:53:14.22600,1920.500,16
13:53:14.96800,1920.500,4
13:53:15.42100,1920.500,5
13:53:19.34300,1920.500,1
13:53:19.54200,1920.250,3
13:53:21.23400,1920.500,1
13:53:23.00300,1920.500,1
13:53:23.77300,1920.250,5
13:53:29.09700,1920.500,1
13:53:29.52700,1920.250,2
13:53:29.96800,1920.500,4
13:53:32.33900,1920.500,1
13:53:33.39000,1920.250,2
13:53:33.75700,1920.250,145
13:53:34.22200,1920.000,3
13:53:34.37100,1920.000,1
13:53:34.75700,1920.000,1
13:53:35.14800,1920.250,1
13:53:36.51900,1920.250,2
13:53:37.24200,1920.000,1
13:53:37.83500,1920.000,1
13:53:39.61700,1920.250,110
13:53:39.68700,1920.250,44
13:53:39.91000,1920.250,5
13:53:40.32400,1920.250,1
13:53:41.64000,1920.250,2
13:53:43.66000,1920.250,5
13:53:43.78900,1920.500,7
13:53:44.76900,1920.250,1
13:53:45.71000,1920.500,25
13:53:48.90600,1920.500,20
13:53:49.57800,1920.250,1
13:53:55.13200,1920.500,105
13:53:57.22200,1920.500,1
13:53:57.42100,1920.500,5
13:53:59.96800,1920.500,4
13:54:01.25300,1920.500,26
13:54:01.46800,1920.500,1
13:54:01.82800,1920.500,6
