09:00:00.80800,1936.250,0
09:00:01.21800,1936.500,2
09:00:01.48400,1936.250,4
09:00:06.48800,1936.250,16
09:00:06.64400,1936.250,2
09:00:07.02300,1936.250,2
09:00:09.12100,1936.000,5
09:00:11.62800,1936.000,11
09:00:13.48000,1936.000,40
09:00:13.50700,1936.000,16
09:00:13.76900,1936.250,1
09:00:13.93700,1936.000,3
09:00:17.77300,1936.000,2
09:00:21.67100,1936.000,17
09:00:24.78100,1936.000,1
09:00:25.40200,1936.250,88
09:00:25.40200,1936.250,1
09:00:25.41400,1936.250,18
09:00:25.42500,1936.250,12
09:00:25.66700,1936.250,6
09:00:26.21400,1936.250,75
09:00:26.78900,1936.250,1
09:00:28.25700,1936.250,1
09:00:29.07400,1936.250,32
09:00:30.58900,1936.250,12
09:00:31.47600,1936.250,8
09:00:35.79200,1936.250,1
09:00:37.75700,1936.250,11
09:00:38.34700,1936.250,1
09:00:39.23800,1936.250,2
09:00:40.38200,1936.250,6
09:00:42.96400,1936.250,1
09:00:43.42900,1936.250,1
09:00:45.36700,1936.000,1
09:00:46.26900,1936.250,82
09:00:46.44500,1936.000,4
09:00:46.83900,1935.750,51
09:00:49.34700,1936.000,1
09:00:51.12800,1936.000,25
09:00:51.47200,1936.000,20
09:00:51.86700,1936.000,1
09:00:52.80000,1936.000,29
09:00:53.44100,1936.000,4
09:00:55.82800,1936.000,1
09:00:57.05800,1935.750,10
09:00:59.03100,1935.750,10
09:00:59.20700,1935.750,1
09:01:04.75300,1936.000,11
09:01:05.16700,1935.750,1
09:01:06.75300,1935.750,6
09:01:07.44100,1935.750,17
09:01:08.82800,1936.000,1
09:01:09.06200,1936.000,2
09:01:12.00300,1935.750,45
09:01:12.41000,1935.750,1
09:01:13.66000,1935.750,11
09:01:16.95300,1935.500,1
09:01:18.95300,1935.750,1
09:01:19.11700,1935.500,1
09:01:20.58500,1935.500,1
09:01:21.15200,1935.500,1
09:01:23.30400,1935.750,1
09:01:25.13600,1936.000,39
09:01:25.29200,1936.000,3
09:01:25.71400,1935.750,1
09:01:26.93700,1936.000,2
09:01:27.28900,1936.000,136
09:01:28.07000,1935.750,78
09:01:28.87800,1935.500,2
09:01:32.92900,1935.500,54
09:01:35.08200,1935.500,136
09:01:35.27300,1935.500,31
09:01:35.65200,1935.500,3
09:01:36.12500,1935.500,37
09:01:38.27300,1935.750,2
09:01:39.37100,1935.500,18
09:01:40.91700,1935.500,4
09:01:46.74200,1935.750,15
09:01:47.42100,1935.500,79
09:01:47.48400,1935.250,20
09:01:47.55800,1935.250,6
09:01:47.77700,1935.500,3
09:01:48.08500,1935.500,15
09:01:49.80800,1935.250,1
09:01:52.47600,1935.500,1
09:01:56.82000,1935.250,3
09:01:57.66400,1935.500,1
09:01:57.94500,1935.500,3
09:01:59.50700,1935.500,55
09:02:00.61700,1935.500,21
09:02:05.67900,1935.500,1
09:02:07.75300,1935.750,1
09:02:07.95300,1935.500,1
09:02:08.67500,1935.750,20
09:02:09.80800,1935.500,2
09:02:10.47600,1935.500,6
09:02:10.60900,1935.500,1
09:02:10.75000,1935.750,1
09:02:12.73000,1935.750,1
09:02:13.76100,1935.750,4
09:02:16.59700,1935.750,1
09:02:17.19900,1935.750,30
09:02:20.12100,1935.500,13
09:02:21.38200,1935.500,47
09:02:21.49600,1935.500,2
09:02:27.62800,1935.500,1
09:02:31.65200,1935.500,28
09:02:33.31600,1935.500,1
09:02:33.65600,1935.500,1
09:02:34.07800,1935.000,571
09:02:34.13200,1934.750,205
09:02:34.25300,1934.750,2
09:02:34.35500,1935.000,2
09:02:34.45300,1934.750,2
09:02:34.60900,1934.750,34
09:02:34.88600,1935.000,2
09:02:35.41000,1934.750,1
09:02:36.90200,1934.750,1
09:02:37.22200,1934.750,2
09:02:37.37800,1934.750,1
09:02:37.42500,1935.000,1
09:02:37.63600,1934.750,3
09:02:37.94100,1935.000,1
09:02:38.48400,1934.750,128
09:02:38.71400,1934.750,1
09:02:41.24200,1934.750,34
09:02:41.40600,1934.750,3
09:02:42.64000,1934.750,1
09:02:43.13600,1934.500,7
09:02:43.69900,1934.500,1
09:02:44.83900,1934.500,1
09:02:45.20300,1934.500,5
09:02:46.25300,1934.750,3
09:02:46.45300,1934.500,1
09:02:47.48400,1934.500,2
09:02:48.23400,1934.500,1
09:02:50.41700,1934.750,91
09:02:50.42100,1935.000,7
09:02:51.02700,1934.750,2
09:02:54.09300,1934.750,3
09:02:54.48800,1934.750,7
09:02:54.67900,1934.750,1
09:02:55.52700,1934.750,18
09:02:56.63600,1934.750,1
09:02:58.14000,1934.750,39
09:02:59.33500,1934.750,2
09:03:01.16700,1935.000,3
09:03:01.77700,1934.750,108
09:03:01.96800,1935.000,2
09:03:06.04200,1935.000,86
09:03:06.23400,1935.000,1
09:03:07.08500,1935.000,17
09:03:07.46800,1935.000,1
09:03:10.07800,1935.000,28
09:03:10.33900,1935.000,15
09:03:10.81600,1935.000,1
09:03:11.77700,1935.000,11
09:03:12.04600,1934.750,17
09:03:12.49200,1935.000,15
09:03:12.69100,1935.000,18
09:03:12.87100,1935.000,3
09:03:13.68700,1935.000,19
09:03:14.50000,1935.000,7
09:03:14.65600,1935.000,1
09:03:15.19100,1935.250,3
09:03:16.10100,1935.000,1
09:03:16.47200,1935.000,18
09:03:17.30000,1935.000,8
09:03:17.61700,1934.750,2
09:03:22.20300,1935.000,30
09:03:23.32800,1934.750,10
09:03:23.41000,1934.750,2
09:03:27.75700,1935.000,3
09:03:28.22200,1935.000,2
09:03:30.93700,1935.000,62
09:03:32.79200,1935.000,2
09:03:35.48800,1935.000,1
09:03:36.43700,1935.000,3
09:03:36.83200,1935.000,1
09:03:37.17900,1935.000,1
09:03:39.03100,1935.000,1
09:03:40.55400,1935.000,32
09:03:41.68300,1935.000,18
09:03:43.23000,1935.000,28
09:03:43.41400,1935.000,2
09:03:43.71800,1935.000,5
09:03:44.58900,1935.000,1
09:03:48.18700,1934.750,52
09:03:51.09700,1934.750,2
09:03:52.26100,1934.750,20
09:03:52.93700,1934.750,1
09:04:03.93300,1934.750,68
09:04:05.70300,1934.750,1
09:04:08.32400,1934.750,1
09:04:09.76100,1935.000,2
09:04:10.16000,1935.000,1
09:04:13.13600,1934.750,100
09:04:14.74200,1934.750,2
09:04:15.94500,1934.750,2
09:04:16.91400,1934.750,2
09:04:19.33200,1934.500,10
09:04:20.38600,1934.500,2
09:04:21.18700,1934.500,25
09:04:23.74600,1934.500,3
09:04:24.44500,1934.750,121
09:04:25.02300,1934.750,1
09:04:27.73800,1934.750,1
09:04:28.69100,1934.750,147
09:04:28.77700,1934.750,5
09:04:29.10100,1934.750,4
09:04:30.16700,1934.750,28
09:04:30.34300,1934.750,1
09:04:30.55400,1934.750,2
09:04:32.85900,1934.500,4
09:04:34.07000,1934.750,63
09:04:34.23000,1934.750,1
09:04:34.67500,1934.750,3
09:04:36.08900,1934.750,43
09:04:36.56600,1934.750,1
09:04:40.31600,1934.750,2
09:04:41.49200,1934.750,11
09:04:44.35500,1935.000,139
09:04:44.61300,1935.000,3
09:04:44.61700,1935.000,1
09:04:45.16400,1935.000,22
09:04:46.13600,1935.250,3
09:04:46.37800,1935.000,55
09:04:46.54600,1935.000,9
09:04:46.83900,1935.000,18
09:04:47.08200,1935.000,3
09:04:47.89000,1935.000,4
09:04:48.05000,1935.250,3
09:04:48.05800,1935.250,4
09:04:48.34700,1935.000,2
09:04:49.75700,1935.000,70
09:04:49.85900,1935.000,9
09:04:50.85500,1935.000,1
09:04:51.49600,1935.000,3
09:04:51.76900,1934.750,100
09:04:52.04200,1934.750,1
09:04:54.62800,1934.750,7
09:04:55.00300,1935.000,101
09:04:55.40600,1934.750,2
09:05:00.79200,1935.250,82
09:05:01.19500,1935.000,1
09:05:01.77700,1935.250,1
09:05:02.19500,1935.000,6
09:05:03.31200,1935.000,1
09:05:03.56200,1935.000,47
09:05:05.15600,1935.000,16
09:05:06.13200,1935.000,5
09:05:07.31200,1935.250,101
09:05:08.49600,1935.000,17
09:05:10.17900,1935.000,16
09:05:10.35900,1935.000,1
09:05:11.78900,1935.000,115
09:05:12.25300,1935.000,1
09:05:13.44100,1935.000,1
09:05:17.88600,1935.000,1
09:05:18.38200,1935.000,46
09:05:23.24600,1935.000,123
09:05:24.16400,1935.000,13
09:05:24.81600,1935.000,18
09:05:26.54200,1935.000,14
09:05:31.29600,1935.000,1
09:05:34.67100,1935.000,5
09:05:36.00700,1935.000,2
09:05:38.35900,1935.250,2
09:05:39.19500,1935.250,2
09:05:41.21000,1935.000,3
09:05:41.60500,1935.000,87
09:05:41.69500,1935.000,7
09:05:46.35500,1935.000,21
09:05:51.38200,1935.000,102
09:05:56.14800,1935.250,105
09:05:57.49200,1935.250,1
09:05:59.42500,1935.250,1
09:05:59.85100,1935.500,1
09:06:00.77700,1935.500,4
09:06:00.87100,1935.500,1
09:06:01.55400,1935.750,86
09:06:01.67500,1935.750,1
09:06:02.89000,1935.750,5
09:06:05.22600,1935.500,1
09:06:08.47200,1935.500,1
09:06:08.76500,1935.750,1
09:06:09.32800,1935.500,1
09:06:10.23800,1935.750,1
09:06:11.38200,1935.750,1
09:06:12.45700,1935.500,5
09:06:13.24600,1935.500,136
09:06:13.63200,1935.750,1
09:06:14.36700,1935.500,1
09:06:14.76900,1935.750,1
09:06:15.05400,1935.500,1
09:06:16.17900,1935.500,51
09:06:19.03100,1935.500,14
09:06:22.19100,1935.250,2
09:06:22.37100,1935.250,2
09:06:23.12800,1935.250,3
09:06:23.64800,1935.250,1
09:06:24.02700,1935.250,168
09:06:25.03100,1935.250,5
09:06:26.34700,1935.500,1
09:06:26.80400,1935.250,4
09:06:27.51900,1935.000,43
09:06:27.58900,1935.000,3
09:06:28.57400,1935.500,23
09:06:30.19900,1935.250,15
09:06:32.94500,1935.250,95
09:06:33.49600,1935.250,18
09:06:34.00700,1935.250,3
09:06:35.58900,1935.250,9
09:06:36.00000,1935.250,1
09:06:36.82800,1935.250,2
09:06:38.18700,1935.250,2
09:06:42.51500,1935.250,3
09:06:42.69500,1935.250,4
09:06:45.19900,1935.250,47
09:06:47.72600,1935.000,45
09:06:51.35900,1935.000,47
09:06:51.50000,1935.000,1
09:06:53.25700,1935.000,1
09:06:53.91000,1935.000,10
09:06:56.56200,1935.000,1
09:06:56.85500,1935.000,6
09:07:02.67500,1935.000,4
09:07:04.76500,1935.250,3
09:07:05.31600,1935.000,1
09:07:06.10500,1935.000,2
09:07:07.92500,1935.000,104
09:07:08.91000,1935.000,38
09:07:09.36300,1935.000,8
09:07:09.53100,1935.000,12
09:07:09.60500,1935.000,13
09:07:12.90600,1935.000,12
09:07:13.03500,1935.000,1
09:07:13.32000,1935.000,21
09:07:14.04600,1935.000,3
09:07:22.66400,1934.750,1
09:07:22.84300,1934.750,2
09:07:22.91700,1935.000,9
09:07:23.66400,1935.000,2
09:07:25.28100,1935.000,139
09:07:25.33500,1935.250,1
09:07:25.63600,1935.000,13
09:07:25.81600,1935.000,6
09:07:26.29600,1935.000,4
09:07:26.36300,1935.000,1
09:07:26.50000,1935.000,16
09:07:27.35900,1935.000,21
09:07:28.12500,1934.750,44
09:07:28.20300,1934.750,3
09:07:29.39800,1934.750,176
09:07:29.58900,1934.750,3
09:07:31.32800,1934.500,3
09:07:32.56600,1934.500,2
09:07:33.25000,1934.750,37
09:07:33.44500,1934.750,17
09:07:35.51900,1934.500,1
09:07:36.17100,1934.750,79
09:07:43.82400,1934.750,2
09:07:44.26900,1934.750,17
09:07:46.25300,1934.750,1
09:07:47.73000,1934.500,5
09:07:47.84300,1934.500,47
09:07:48.83500,1934.750,3
09:07:49.93700,1934.500,4
09:07:50.26900,1934.750,4
09:07:51.82400,1934.750,26
09:07:54.85100,1934.750,1
09:07:55.02300,1934.750,2
09:07:57.59700,1934.750,72
09:07:58.61700,1934.750,1
09:07:58.85500,1934.750,1
09:08:01.76900,1934.750,68
09:08:05.91700,1935.000,37
09:08:08.76900,1935.250,1
09:08:09.89400,1935.000,1
09:08:11.07000,1935.000,31
09:08:11.19900,1935.000,1
09:08:12.29600,1934.750,1
09:08:14.69100,1934.750,1
09:08:14.76900,1935.000,1
09:08:17.25700,1935.000,10
09:08:18.30000,1934.750,80
09:08:19.67900,1934.750,52
09:08:20.37500,1934.750,39
09:08:20.44900,1934.750,2
09:08:22.41400,1934.750,4
09:08:22.95300,1934.750,7
09:08:25.29200,1934.750,1
09:08:27.77300,1935.000,1
09:08:34.90600,1934.750,1
09:08:41.24600,1934.750,1
09:08:43.04200,1934.750,1
09:08:44.86300,1934.750,1
09:08:45.40200,1934.750,67
09:08:45.70300,1934.750,19
09:08:47.39800,1934.750,30
09:08:50.20300,1934.750,2
09:08:50.51500,1934.750,55
09:08:51.89000,1934.500,2
09:08:55.01900,1934.750,149
09:08:55.28100,1934.750,2
09:08:57.56200,1934.750,17
09:09:08.22200,1935.000,207
09:09:08.77700,1935.250,1
09:09:10.25300,1935.000,1
09:09:11.18300,1935.000,5
09:09:13.21800,1935.000,12
09:09:16.45300,1934.750,2
09:09:20.73000,1934.750,45
09:09:22.07800,1935.000,2
09:09:24.20700,1934.750,3
09:09:27.77700,1935.000,1
09:09:31.28500,1935.000,14
09:09:33.72200,1935.000,1
09:09:35.34300,1934.750,1
09:09:35.48000,1934.750,1
09:09:35.90200,1934.750,1
09:09:38.64800,1934.750,87
09:09:39.26900,1934.750,1
09:09:41.05800,1934.750,1
09:09:41.37500,1934.750,1
09:09:42.71000,1934.750,1
09:09:44.47600,1934.750,10
09:09:47.55400,1935.000,8
09:09:49.42100,1934.750,26
09:09:50.71400,1934.750,20
09:09:51.01900,1934.750,2
09:09:52.24200,1934.750,24
09:09:52.68300,1934.750,18
09:09:52.83200,1934.750,1
09:09:54.18700,1934.750,1
09:09:58.80000,1934.750,63
09:09:59.22200,1934.750,4
09:09:59.58200,1934.750,24
09:09:59.95300,1934.750,2
09:10:01.50300,1934.750,4
09:10:03.28500,1934.500,463
09:10:03.34300,1934.500,3
09:10:03.51900,1934.500,5
09:10:03.73800,1934.500,33
09:10:04.38200,1934.500,4
09:10:05.18300,1934.500,5
09:10:06.32400,1934.500,1
09:10:07.87800,1934.500,11
09:10:08.48400,1934.500,21
09:10:08.77300,1934.500,26
09:10:11.14000,1934.500,3
09:10:15.16700,1934.500,22
09:10:19.21400,1934.750,1
09:10:21.88200,1934.500,1
09:10:25.67500,1934.500,33
09:10:27.78500,1934.750,1
09:10:28.05800,1934.500,1
09:10:29.73000,1934.500,32
09:10:30.82400,1934.500,47
09:10:31.33200,1934.500,5
09:10:32.05800,1934.500,5
09:10:33.30800,1934.500,9
09:10:33.82800,1934.500,1
09:10:37.30400,1934.500,1
09:10:39.16400,1934.500,1
09:10:42.73000,1934.500,4
09:10:42.85900,1934.250,1
09:10:46.35100,1934.250,1
09:10:47.73400,1934.500,3
09:10:48.08200,1934.250,1
09:10:50.55000,1934.250,1
09:10:52.28500,1934.250,1
09:10:54.38600,1934.250,1
09:10:55.05800,1934.250,7
09:10:58.32800,1934.250,1
09:10:59.05800,1934.500,10
09:10:59.75300,1934.500,1
09:11:02.00700,1934.250,3
09:11:02.82800,1934.250,1
09:11:06.38200,1934.250,93
09:11:06.41700,1934.250,1
09:11:07.12100,1934.250,6
09:11:10.48800,1934.000,75
09:11:11.14000,1934.000,1
09:11:12.44500,1934.000,1
09:11:12.59300,1934.000,1
09:11:12.71000,1934.250,1
09:11:13.13200,1934.250,1
09:11:15.46800,1934.000,2
09:11:17.13600,1934.000,10
09:11:18.54200,1934.000,1
09:11:22.94900,1934.000,1
09:11:24.44900,1934.000,4
09:11:27.83900,1934.250,3
09:11:27.92500,1934.000,60
09:11:30.50700,1934.000,1
09:11:31.31600,1934.000,2
09:11:33.23000,1934.000,1
09:11:34.49600,1934.250,1
09:11:35.20700,1934.000,8
09:11:36.38200,1934.250,2
09:11:37.66000,1934.250,52
09:11:37.73400,1934.250,4
09:11:39.12800,1934.250,2
09:11:41.45700,1934.250,2
09:11:41.86300,1934.000,1
09:11:43.78900,1934.000,2
09:11:43.97200,1934.000,2
09:11:47.27700,1934.000,11
09:11:48.24600,1934.000,1
09:11:49.49200,1934.000,2
09:11:50.44100,1934.000,3
09:11:53.89000,1934.000,10
09:11:54.04600,1934.000,6
09:11:54.77700,1934.000,2
09:11:55.66000,1934.000,88
09:11:56.33200,1934.000,25
09:11:56.82400,1934.000,1
09:11:58.91700,1934.000,2
09:12:00.54600,1934.000,2
09:12:00.83900,1934.000,2
09:12:02.01900,1934.000,4
09:12:02.57400,1934.000,2
09:12:03.64400,1933.750,33
09:12:03.77700,1933.750,1
09:12:04.13600,1933.750,10
09:12:04.58500,1934.000,40
09:12:04.92100,1934.000,3
09:12:06.73800,1933.750,30
09:12:08.13600,1934.000,10
09:12:08.39400,1934.000,14
09:12:09.55000,1933.750,52
09:12:09.92100,1933.750,1
09:12:10.68300,1933.750,1
09:12:11.91000,1933.750,1
09:12:14.01100,1934.000,38
09:12:14.74200,1934.000,2
09:12:16.39000,1934.000,1
09:12:16.56200,1934.000,1
09:12:20.22600,1934.000,1
09:12:22.63600,1934.000,1
09:12:24.03100,1934.000,58
09:12:24.33200,1934.000,1
09:12:24.51500,1934.000,6
09:12:24.73000,1934.000,2
09:12:25.85100,1934.000,1
09:12:27.11700,1934.000,1
09:12:27.78900,1934.250,1
09:12:28.19900,1934.000,1
09:12:28.92900,1934.000,2
09:12:30.00000,1934.250,1
09:12:31.66000,1934.000,1
09:12:37.26100,1934.250,1
09:12:38.47600,1934.000,4
09:12:39.17500,1934.000,4
09:12:39.33200,1934.000,62
09:12:43.82400,1934.000,1
09:12:44.39000,1933.750,42
09:12:44.45300,1933.750,2
09:12:44.58500,1933.750,2
09:12:45.41700,1934.000,1
09:12:46.08200,1933.750,3
09:12:47.60900,1933.750,8
09:12:48.73000,1933.750,6
09:12:50.88200,1933.750,1
09:12:51.42500,1934.000,1
09:12:52.50000,1933.750,1
09:12:53.10100,1933.750,1
09:12:53.40600,1934.000,16
09:12:54.24200,1934.000,1
09:12:56.39400,1934.000,15
09:12:56.87800,1934.000,1
09:12:58.10900,1933.750,25
09:13:00.57800,1933.750,2
09:13:02.05400,1934.000,5
09:13:03.32000,1934.000,118
09:13:03.48400,1934.000,47
09:13:03.51900,1934.000,5
09:13:03.85500,1934.000,20
09:13:05.97200,1933.750,106
09:13:06.64400,1933.750,1
09:13:08.23000,1934.000,1
09:13:08.44900,1933.750,1
09:13:08.92500,1934.000,84
09:13:09.22600,1934.000,25
09:13:09.70700,1933.750,105
09:13:11.17900,1933.750,1
09:13:12.01500,1933.750,1
09:13:12.68700,1934.000,3
09:13:13.51500,1933.750,165
09:13:13.52700,1933.750,32
09:13:13.52700,1933.750,23
09:13:13.58500,1933.750,27
09:13:13.62800,1933.750,1
09:13:14.12800,1933.750,1
09:13:14.34300,1933.750,1
09:13:14.41700,1933.750,16
09:13:14.69100,1933.500,1
09:13:14.78100,1933.750,9
09:13:15.87500,1934.000,2
09:13:17.20700,1933.750,2
09:13:20.07400,1933.750,1
09:13:20.39800,1933.750,1
09:13:20.69500,1933.750,1
09:13:21.96400,1933.750,2
09:13:22.23000,1933.750,2
09:13:22.61700,1933.750,114
09:13:22.75000,1934.000,1
09:13:23.09300,1933.750,1
09:13:23.44500,1933.750,1
09:13:24.49600,1933.750,1
09:13:24.68300,1933.500,67
09:13:25.59700,1933.750,18
09:13:27.00000,1933.750,6
09:13:27.23800,1933.750,11
09:13:27.62500,1933.750,19
09:13:28.16000,1933.500,1
09:13:28.36300,1933.750,1
09:13:28.74200,1933.750,11
09:13:30.09300,1933.750,3
09:13:30.62100,1933.750,10
09:13:34.48400,1933.750,8
09:13:34.78900,1933.750,1
09:13:38.09300,1933.750,1
09:13:38.83900,1933.750,1
09:13:39.76900,1933.750,1
09:13:41.33500,1933.750,1
09:13:43.30400,1933.750,1
09:13:44.66000,1933.750,3
09:13:44.84700,1933.500,65
09:13:49.67900,1933.500,5
09:13:49.78500,1933.500,8
09:13:49.87100,1933.750,19
09:13:49.92100,1933.750,1
09:13:50.06600,1933.750,5
09:13:50.23400,1933.500,1
09:13:50.58900,1933.750,1
09:13:50.89000,1933.500,1
09:13:51.37100,1933.500,1
09:13:51.82000,1933.250,179
09:13:52.22600,1933.250,1
09:13:53.32000,1933.250,1
09:13:53.53100,1933.500,5
09:13:53.68700,1933.500,1
09:13:53.92900,1933.250,1
09:13:54.83500,1933.250,1
09:13:55.71800,1933.500,2
09:13:56.06600,1933.500,1
09:13:56.71400,1933.500,1
09:13:57.41400,1933.250,1
09:13:57.76100,1933.500,112
09:13:58.44900,1933.500,1
09:13:59.07800,1933.500,1
09:13:59.56600,1933.500,3
09:13:59.76900,1933.500,1
09:14:01.11300,1933.500,3
09:14:01.35100,1933.500,110
09:14:03.62500,1933.500,12
09:14:03.69900,1933.500,37
09:14:04.19500,1933.750,1
09:14:04.41000,1933.500,1
09:14:10.06600,1933.500,51
09:14:10.10500,1933.500,16
09:14:10.42500,1933.500,13
09:14:10.67900,1933.500,1
09:14:11.44500,1933.500,1
09:14:11.93300,1933.500,10
09:14:13.05800,1933.500,1
09:14:13.77300,1933.500,11
09:14:15.34700,1933.500,1
09:14:16.95700,1933.500,1
09:14:22.55000,1933.750,1
09:14:24.02700,1933.500,2
09:14:25.56200,1933.500,10
09:14:27.12800,1933.750,5
09:14:27.79600,1933.750,1
09:14:29.30800,1933.500,10
09:14:29.83900,1933.750,12
09:14:32.66700,1933.500,10
09:14:33.85900,1933.500,136
09:14:33.89400,1933.500,3
09:14:35.15600,1933.500,13
09:14:35.53900,1933.500,2
09:14:36.15600,1933.500,6
09:14:36.46000,1933.750,1
09:14:37.01500,1933.500,8
09:14:37.26900,1933.500,1
09:14:37.50300,1933.250,1
09:14:39.67100,1933.250,5
09:14:41.31200,1933.500,2
09:14:42.74200,1933.500,5
09:14:44.17900,1933.250,2
09:14:44.82800,1933.500,3
09:14:45.42100,1933.250,1
09:14:46.08500,1933.500,178
09:14:47.41000,1933.250,13
09:14:50.21800,1933.500,1
09:14:50.69500,1933.250,1
09:14:51.06600,1933.250,3
09:14:52.64000,1933.250,38
09:14:53.94500,1933.500,2
09:14:54.69900,1933.500,1
09:14:56.51900,1933.250,1
09:14:57.74600,1933.500,1
09:15:03.95700,1933.500,69
09:15:03.96000,1933.500,188
09:15:04.22600,1933.750,6
09:15:05.10100,1933.500,13
09:15:08.48800,1933.750,68
09:15:08.51500,1933.750,7
09:15:08.79600,1934.000,2
09:15:08.90200,1933.750,101
09:15:09.40600,1933.500,2
09:15:10.02700,1933.750,52
09:15:10.06600,1933.750,11
09:15:10.14800,1933.750,8
09:15:10.67500,1933.750,34
09:15:10.90200,1933.750,7
09:15:11.91400,1933.750,6
09:15:12.05000,1933.750,14
09:15:12.08200,1933.750,1
09:15:12.26500,1933.750,1
09:15:12.38600,1933.750,2
09:15:13.14000,1934.000,5
09:15:14.39000,1933.750,25
09:15:14.71400,1934.000,1
09:15:14.86300,1934.000,1
09:15:15.88600,1933.750,1
09:15:16.82000,1934.000,20
09:15:17.29600,1934.000,1
09:15:19.20700,1934.000,2
09:15:21.12500,1934.250,335
09:15:22.10500,1934.250,1
09:15:22.30800,1934.250,5
09:15:22.80400,1934.000,1
09:15:23.27300,1934.250,2
09:15:25.12500,1934.250,15
09:15:25.44100,1934.250,1
09:15:25.56600,1934.250,1
09:15:26.23800,1934.000,1
09:15:27.05000,1934.250,6
09:15:27.80000,1934.250,9
09:15:28.18700,1934.250,1
09:15:28.37800,1934.250,9
09:15:28.95700,1934.250,10
09:15:29.56600,1934.250,1
09:15:29.76100,1934.250,1
09:15:31.31200,1934.000,1
09:15:32.39800,1934.250,1
09:15:36.67100,1934.250,5
09:15:37.17100,1934.250,1
09:15:39.45300,1934.250,1
09:15:41.30400,1934.250,1
09:15:53.03100,1934.000,21
09:15:53.21000,1934.000,106
09:15:53.23000,1934.000,1
09:15:54.69100,1934.000,18
09:15:55.26900,1934.000,8
09:15:55.34700,1933.750,8
09:15:55.80000,1934.000,1
09:15:59.20300,1934.000,59
09:15:59.81200,1934.000,49
09:15:59.85100,1934.000,12
09:16:01.02700,1934.000,4
09:16:01.28500,1934.000,1
09:16:04.14000,1934.000,48
09:16:04.42900,1934.000,1
09:16:04.62500,1934.000,13
09:16:04.80000,1934.000,1
09:16:05.23000,1934.000,1
09:16:06.70300,1934.000,1
09:16:07.73400,1934.000,9
09:16:09.10500,1934.000,19
09:16:09.62500,1934.000,12
09:16:11.87800,1934.000,1
09:16:11.90200,1934.000,3
09:16:12.76900,1934.000,2
09:16:14.03100,1934.000,8
09:16:14.85900,1934.000,7
09:16:15.07000,1934.000,5
09:16:16.05800,1934.250,3
09:16:16.69100,1934.000,1
09:16:17.54200,1934.250,1
09:16:19.84300,1934.000,2
09:16:28.53900,1934.250,3
09:16:28.72200,1934.250,1
09:16:28.80000,1934.250,1
09:16:29.27700,1934.250,1
09:16:32.30400,1934.250,1
09:16:37.28500,1934.250,1
09:16:38.83500,1934.250,1
09:16:41.89400,1934.000,1
09:16:43.14000,1934.250,3
09:16:44.12100,1934.000,1
09:16:49.66700,1934.000,3
09:16:50.84300,1934.000,106
09:17:06.06600,1934.000,7
09:17:06.13200,1934.000,2
09:17:06.81200,1934.250,1
09:17:08.80400,1934.250,2
09:17:09.78900,1934.000,4
09:17:09.94900,1934.000,40
09:17:10.06200,1934.250,1
09:17:13.39800,1934.000,2
09:17:17.27700,1934.000,2
09:17:22.23400,1934.000,1
09:17:24.19500,1934.250,93
09:17:24.55000,1934.250,36
09:17:25.92500,1934.250,1
09:17:27.55000,1934.250,1
09:17:27.80800,1934.250,1
09:17:34.21400,1934.250,1
09:17:34.53100,1934.250,1
09:17:35.30000,1934.250,1
09:17:36.68300,1934.250,5
09:17:39.76100,1934.000,235
09:17:39.82000,1934.000,4
09:17:40.79200,1933.750,30
09:17:45.11700,1933.750,5
09:17:48.36300,1934.000,2
09:17:49.26900,1933.750,1
09:17:49.69100,1933.750,3
09:17:51.67100,1933.750,83
09:17:52.67500,1933.750,18
09:17:52.91400,1933.750,2
09:17:53.66700,1933.750,4
09:17:54.03500,1933.750,1
09:17:55.05400,1933.750,6
09:17:55.31200,1933.750,7
09:17:56.45300,1933.750,20
09:17:56.66400,1933.750,7
09:17:57.45700,1933.750,5
09:17:58.30800,1933.750,1
09:18:05.74200,1933.750,2
09:18:05.89400,1933.750,1
09:18:10.05400,1933.750,3
09:18:10.39000,1933.750,3
09:18:11.14800,1933.750,1
09:18:11.78900,1933.750,26
09:18:12.78900,1933.750,59
09:18:14.29600,1933.750,18
09:18:14.86300,1933.750,3
09:18:15.26500,1933.750,1
09:18:16.71000,1933.500,2
09:18:20.02300,1933.500,1
09:18:21.50300,1933.500,5
09:18:21.75300,1933.500,1
09:18:21.93300,1933.500,1
09:18:22.36300,1933.500,1
09:18:25.32000,1933.750,3
09:18:26.19500,1933.500,1
09:18:26.32400,1933.500,5
09:18:27.21000,1933.500,34
09:18:32.72200,1933.750,1
09:18:33.00000,1933.750,38
09:18:33.09700,1933.750,10
09:18:33.41000,1933.750,7
09:18:34.13200,1933.750,1
09:18:35.10100,1933.750,48
09:18:37.03100,1933.750,11
09:18:40.56600,1933.750,3
09:18:44.96000,1933.750,1
09:18:48.13200,1933.750,1
09:18:50.64800,1934.000,1
09:18:56.33500,1934.000,1
09:19:01.96400,1933.750,6
09:19:03.81200,1933.750,61
09:19:05.88600,1933.750,1
09:19:06.05000,1933.750,1
09:19:07.46800,1933.500,31
09:19:07.53500,1933.500,2
09:19:09.55400,1933.750,2
09:19:10.76500,1933.500,1
09:19:13.01900,1933.750,1
09:19:14.40600,1933.500,16
09:19:18.52300,1933.750,1
09:19:21.00700,1933.750,1
09:19:21.64800,1933.750,2
09:19:22.08200,1933.500,2
09:19:22.26100,1933.500,1
09:19:25.00000,1933.500,4
09:19:25.37500,1933.500,4
09:19:26.30400,1933.500,1
09:19:27.63600,1933.500,33
09:19:27.74200,1933.500,7
09:19:27.88200,1933.750,1
09:19:28.02700,1933.500,1
09:19:28.58200,1933.500,1
09:19:29.17900,1933.500,2
09:19:31.78500,1933.500,1
09:19:32.17100,1933.750,3
09:19:33.95700,1933.750,1
09:19:34.75700,1933.750,66
09:19:35.49600,1933.750,16
09:19:36.72600,1933.750,5
09:19:42.74600,1934.000,1
09:19:46.58900,1933.750,12
09:19:55.26500,1934.000,113
09:19:55.60500,1934.000,54
09:19:55.66000,1934.000,1
09:19:56.06200,1933.750,10
09:19:58.92900,1934.000,1
09:20:00.80000,1934.000,22
09:20:01.61700,1934.000,23
09:20:01.61700,1934.000,8
09:20:02.89800,1934.000,2
09:20:03.80000,1934.000,6
09:20:03.95700,1934.000,16
09:20:10.11700,1934.250,85
09:20:11.55400,1934.500,10
09:20:12.81200,1934.500,1
09:20:15.02300,1934.500,225
09:20:16.38600,1934.500,35
09:20:16.69500,1934.500,72
09:20:17.69500,1934.500,37
09:20:17.86700,1934.500,13
09:20:18.28900,1934.500,1
09:20:21.53500,1934.750,2
09:20:21.66400,1934.750,2
09:20:22.35900,1934.500,100
09:20:24.77300,1934.500,45
09:20:27.10100,1934.500,1
09:20:29.57800,1934.500,72
09:20:30.02300,1934.500,75
09:20:31.55800,1934.500,5
09:20:32.83500,1934.500,1
09:20:33.13200,1934.500,30
09:20:37.02700,1934.500,9
09:20:37.26500,1934.500,1
09:20:37.46400,1934.500,1
09:20:38.73800,1934.500,1
09:20:39.00700,1934.500,3
09:20:39.26100,1934.500,1
09:20:39.52700,1934.500,87
09:20:39.78500,1934.500,10
09:20:40.20700,1934.500,1
09:20:40.66400,1934.500,1
09:20:41.20300,1934.500,50
09:20:41.46800,1934.500,1
09:20:42.46400,1934.750,18
09:20:44.31600,1934.500,5
09:20:45.43300,1934.250,24
09:20:46.78900,1934.500,1
09:20:47.71800,1934.500,6
09:20:52.68300,1934.500,1
09:20:53.73400,1934.500,2
09:20:54.26100,1934.250,10
09:20:55.50700,1934.250,1
09:20:58.33900,1934.250,1
09:20:58.46000,1934.250,1
09:21:04.18300,1934.250,2
09:21:05.21400,1934.250,230
09:21:05.66700,1934.000,55
09:21:08.45300,1934.000,48
09:21:09.91000,1934.000,13
09:21:10.16700,1934.000,3
09:21:11.31200,1934.250,50
09:21:11.62800,1934.000,1
09:21:13.20300,1934.000,5
09:21:14.24200,1934.000,33
09:21:15.00700,1934.000,6
09:21:16.06200,1934.250,3
09:21:16.23800,1933.750,32
09:21:16.32400,1933.750,1
09:21:16.37500,1933.750,1
09:21:17.01100,1934.000,4
09:21:17.81200,1934.000,6
09:21:17.88600,1934.000,1
09:21:18.32800,1934.000,4
09:21:19.59300,1933.750,1
09:21:19.90200,1934.000,5
09:21:21.52700,1934.000,8
09:21:27.85100,1934.250,1
09:21:28.37500,1934.000,4
09:21:32.59300,1934.000,1
09:21:34.08900,1934.250,27
09:21:34.51500,1934.000,1
09:21:35.83500,1934.250,1
09:21:37.42100,1934.250,1
09:21:40.00700,1934.250,22
09:21:40.39400,1934.250,1
09:21:49.69100,1934.750,63
09:21:49.94100,1934.500,11
09:21:50.17100,1934.250,5
09:21:51.04200,1934.250,5
09:21:51.96000,1934.250,5
09:21:52.86700,1934.250,57
09:21:55.32800,1934.500,1
09:21:59.03100,1934.500,3
09:22:04.04200,1934.250,7
09:22:04.29200,1934.250,1
09:22:05.03900,1934.250,6
09:22:05.36300,1934.500,109
09:22:06.05000,1934.500,5
09:22:06.94500,1934.500,4
09:22:07.04200,1934.500,8
09:22:07.91000,1934.500,84
09:22:08.11700,1934.500,10
09:22:09.04200,1934.250,5
09:22:12.67100,1934.500,1
09:22:20.41000,1934.500,1
09:22:20.77300,1934.250,1
09:22:24.22200,1934.500,1
09:22:29.05000,1934.500,56
09:22:29.30400,1934.500,2
09:22:31.40600,1934.500,19
09:22:32.32800,1934.500,1
09:22:33.23400,1934.250,5
09:22:35.42100,1934.500,1
09:22:36.20700,1934.250,1
09:22:38.07800,1934.500,51
09:22:41.60500,1934.750,5
09:22:42.01900,1934.750,1
09:22:42.24600,1934.500,1
09:22:44.21400,1934.750,1
09:22:46.48000,1934.750,1
09:22:47.96800,1934.750,1
09:22:51.61700,1934.500,1
09:22:53.10100,1934.500,5
09:22:54.67900,1934.750,3
09:22:56.82800,1934.500,1
09:22:57.40200,1934.500,1
09:22:58.44100,1935.000,290
09:22:59.63600,1935.000,26
09:23:00.63200,1935.000,3
09:23:01.55400,1934.750,1
09:23:02.10900,1935.000,1
09:23:02.42900,1935.000,1
09:23:07.05000,1934.750,2
09:23:09.02700,1935.000,120
09:23:09.12100,1935.000,1
09:23:13.12500,1934.750,2
09:23:15.10500,1934.750,2
09:23:15.18700,1934.750,2
09:23:15.72200,1934.750,2
09:23:15.91000,1934.750,1
09:23:17.11300,1934.750,20
09:23:18.21000,1934.750,7
09:23:18.81200,1934.750,5
09:23:19.35500,1934.750,2
09:23:20.01900,1935.000,2
09:23:21.80400,1934.750,10
09:23:22.46400,1934.750,1
09:23:24.15200,1935.000,25
09:23:27.39800,1935.000,1
09:23:30.24200,1935.000,1
09:23:31.60500,1935.000,1
09:23:31.90600,1935.000,1
09:23:34.53100,1935.000,1
09:23:36.46000,1935.000,61
09:23:36.96800,1935.000,1
09:23:37.11300,1935.000,49
09:23:37.87100,1934.750,1
09:23:38.93700,1934.750,1
09:23:40.75300,1935.000,1
09:23:40.92500,1935.000,1
09:23:41.96000,1934.750,7
09:23:44.15200,1935.000,8
09:23:44.45300,1934.750,1
09:23:44.76900,1935.000,1
09:23:48.50000,1935.000,1
09:23:49.45300,1934.750,3
09:23:53.30800,1934.750,1
09:23:53.83500,1935.000,12
09:23:53.93700,1935.000,6
09:23:56.28100,1934.750,10
09:23:56.62800,1934.750,1
09:23:57.29200,1935.000,3
09:23:57.79200,1935.000,29
09:23:59.20300,1934.750,1
09:24:02.08900,1935.000,2
09:24:04.82800,1935.000,1
09:24:05.36700,1934.750,20
09:24:08.53500,1934.750,2
09:24:08.71800,1934.750,1
09:24:10.92500,1934.750,1
09:24:11.80400,1934.750,1
09:24:13.48000,1934.750,107
09:24:13.64800,1934.750,8
09:24:14.08500,1934.750,5
09:24:14.64800,1934.750,1
09:24:14.91700,1934.750,8
09:24:17.07000,1934.500,7
09:24:17.32400,1934.500,8
09:24:17.62800,1935.000,13
09:24:19.03900,1934.750,1
09:24:19.66000,1934.750,19
09:24:20.39800,1935.000,1
09:24:22.49600,1935.000,1
09:24:23.85500,1934.500,23
09:24:23.93700,1934.500,2
09:24:24.15200,1934.500,1
09:24:33.24900,1934.750,1
09:24:36.49200,1934.750,1
09:24:39.58900,1934.750,2
09:24:40.08500,1934.750,8
09:24:41.01900,1934.750,2
09:24:43.91400,1934.500,25
09:24:43.96000,1934.500,2
09:24:44.15600,1934.750,2
09:24:44.96800,1934.750,5
09:24:46.34700,1934.500,1
09:24:46.52700,1934.750,1
09:24:46.64000,1934.750,4
09:24:54.97200,1934.500,1
09:24:59.03500,1934.500,1
09:24:59.24600,1934.750,2
09:25:00.16700,1934.500,2
09:25:01.15600,1934.750,4
09:25:04.04200,1934.250,203
09:25:05.39400,1934.500,1
09:25:06.57000,1934.500,5
09:25:09.57000,1934.250,1
09:25:10.41000,1934.250,42
09:25:10.58200,1934.250,2
09:25:10.94900,1934.250,1
09:25:12.08200,1934.250,5
09:25:12.60500,1934.500,2
09:25:13.67900,1934.500,4
09:25:14.19900,1934.500,32
09:25:23.91700,1934.250,20
09:25:23.94500,1934.250,2
09:25:25.71800,1934.250,9
09:25:25.92100,1934.250,21
09:25:26.36300,1934.250,1
09:25:26.71800,1934.250,19
09:25:29.77700,1934.000,1
09:25:30.77700,1934.250,2
09:25:31.19900,1934.000,1
09:25:31.82000,1934.000,2
09:25:33.43300,1934.000,20
09:25:33.69100,1934.000,1
09:25:33.87800,1934.250,1
09:25:38.77300,1934.000,15
09:25:39.82400,1934.000,1
09:25:40.46400,1934.000,3
09:25:41.25000,1934.000,1
09:25:43.57400,1934.000,5
09:25:44.30800,1934.250,30
09:25:45.18300,1934.000,1
09:25:46.31600,1934.250,1
09:25:54.10500,1934.000,33
09:25:54.42900,1934.000,9
09:25:54.49600,1934.000,1
09:25:55.05800,1934.000,5
09:25:55.76900,1934.000,1
09:25:56.44500,1933.750,1
09:25:56.66000,1933.750,1
09:25:56.89000,1933.750,1
09:25:57.62500,1933.750,1
09:25:58.49600,1933.750,3
09:25:58.92500,1933.750,50
09:25:59.73400,1933.750,1
09:26:00.41400,1934.000,2
09:26:03.43300,1933.750,1
09:26:03.55000,1933.750,10
09:26:03.61300,1933.750,2
09:26:03.73000,1933.750,7
09:26:04.15600,1934.000,2
09:26:05.57400,1933.750,2
09:26:05.91400,1933.750,109
09:26:06.12800,1933.750,2
09:26:07.24600,1933.750,1
09:26:07.64000,1933.750,11
09:26:12.09700,1933.750,1
09:26:16.42900,1933.750,3
09:26:16.58900,1933.750,1
09:26:17.25300,1933.750,5
09:26:19.05000,1933.750,1
09:26:19.62500,1933.750,1
09:26:21.08900,1933.750,3
09:26:24.43300,1934.000,2
09:26:24.75300,1934.000,95
09:26:26.55000,1934.000,28
09:26:26.69500,1934.250,20
09:26:27.50700,1934.000,1
09:26:27.77700,1934.250,1
09:26:29.04200,1934.250,43
09:26:29.80000,1934.250,10
09:26:31.13200,1934.250,10
09:26:32.56200,1934.500,2
09:26:33.82000,1934.500,20
09:26:34.03500,1934.250,4
09:26:35.54200,1934.250,1
09:26:38.33500,1934.250,1
09:26:39.28900,1934.250,11
09:26:39.70300,1934.250,5
09:26:40.86700,1934.250,1
09:26:41.08900,1934.250,23
09:26:42.91700,1934.000,1
09:26:45.57800,1934.250,1
09:26:46.67900,1934.250,2
09:26:47.46000,1934.250,1
09:26:48.49200,1934.000,1
09:26:48.54600,1934.000,1
09:26:50.60100,1934.250,1
09:26:51.80400,1934.250,2
09:26:52.73800,1934.250,1
09:26:53.03500,1934.000,1
09:26:56.93300,1934.250,3
09:26:58.35100,1934.000,1
09:27:02.10500,1934.000,4
09:27:05.57800,1934.250,1
09:27:06.10500,1934.250,1
09:27:07.21800,1934.250,3
09:27:08.45300,1934.250,1
09:27:08.61300,1934.250,1
09:27:10.46000,1934.250,118
09:27:12.30400,1934.000,101
09:27:14.24600,1934.000,1
09:27:14.92900,1934.000,1
09:27:15.31600,1934.250,10
09:27:16.36700,1934.000,1
09:27:16.86300,1934.000,68
09:27:18.10900,1934.000,53
09:27:20.25300,1934.000,29
09:27:20.88600,1934.000,18
09:27:23.23800,1934.000,1
09:27:24.58500,1934.000,5
09:27:26.74200,1934.000,1
09:27:27.66000,1934.250,1
09:27:27.73400,1934.250,3
09:27:31.82400,1934.250,1
09:27:32.05400,1934.000,112
09:27:32.11300,1934.000,6
09:27:33.51500,1934.000,1
09:27:34.75300,1934.000,19
09:27:37.14000,1934.000,1
09:27:38.01500,1934.000,3
09:27:39.71800,1933.750,1
09:27:40.55800,1934.000,1
09:27:42.19500,1933.750,1
09:27:43.14400,1934.000,2
09:27:44.45700,1934.000,104
09:27:47.83900,1934.000,3
09:27:48.11300,1934.000,6
09:27:48.27300,1934.250,8
09:27:50.04200,1934.000,7
09:27:50.35900,1934.000,44
09:27:50.94900,1933.750,2
09:27:51.30000,1934.000,21
09:27:51.82800,1934.250,21
09:27:52.03900,1934.000,5
09:27:52.23800,1934.000,1
09:27:52.93300,1934.000,1
09:27:54.16400,1934.000,6
09:27:54.47200,1934.000,2
09:27:54.93700,1934.000,4
09:27:55.13200,1934.000,6
09:27:55.28100,1934.000,20
09:27:55.69900,1934.000,10
09:27:55.96000,1934.000,2
09:27:57.03900,1934.000,5
09:27:57.93700,1934.000,4
09:27:58.02700,1934.000,2
09:27:58.10900,1934.000,17
09:27:58.52700,1934.250,3
09:27:58.80000,1934.250,20
09:27:59.04200,1934.000,6
09:28:00.13600,1934.250,218
09:28:00.60100,1934.250,14
09:28:01.64000,1934.500,3
09:28:01.88200,1934.500,2
09:28:02.29200,1934.250,1
09:28:03.66000,1934.500,14
09:28:03.79200,1934.250,73
09:28:03.92900,1934.000,20
09:28:04.10100,1934.000,20
09:28:04.39000,1934.000,65
09:28:04.52700,1934.000,20
09:28:05.62100,1934.000,20
09:28:06.25000,1934.250,30
09:28:07.05800,1934.250,19
09:28:07.78100,1934.000,20
09:28:09.55400,1934.000,13
09:28:10.07800,1934.000,2
09:28:10.44100,1934.000,20
09:28:10.73800,1934.000,35
09:28:10.87500,1934.000,23
09:28:11.00700,1934.000,19
09:28:11.47600,1934.000,2
09:28:11.86700,1934.000,11
09:28:12.12100,1934.000,13
09:28:12.80800,1934.000,3
09:28:13.02300,1934.000,22
09:28:13.16400,1934.000,25
09:28:13.73000,1934.000,1
09:28:15.82800,1934.000,21
09:28:17.48000,1934.000,10
09:28:17.91000,1934.000,8
09:28:18.53100,1933.750,1
09:28:19.89000,1934.000,1
09:28:21.71000,1933.750,1
09:28:23.96000,1933.750,20
09:28:24.19900,1934.000,3
09:28:28.08200,1933.750,1
09:28:28.76100,1933.750,9
09:28:29.32400,1934.000,2
09:28:29.52700,1933.750,1
09:28:30.39000,1933.750,3
09:28:30.41000,1933.750,24
09:28:32.72200,1933.750,62
09:28:33.25700,1933.750,1
09:28:33.59700,1933.750,14
09:28:34.51100,1934.000,1
09:28:35.02300,1933.750,1
09:28:36.57000,1933.750,35
09:28:37.19100,1933.750,6
09:28:37.29600,1933.750,14
09:28:37.51500,1933.750,3
09:28:39.50700,1933.500,3
09:28:40.72600,1933.500,2
09:28:41.42500,1933.500,72
09:28:42.22200,1933.500,6
09:28:42.45700,1933.500,1
09:28:42.64800,1933.500,5
09:28:42.87500,1933.250,12
09:28:44.03500,1933.250,1
09:28:45.14400,1933.500,1
09:28:45.30800,1933.500,2
09:28:46.60100,1933.250,132
09:28:48.09700,1933.250,2
09:28:48.83500,1933.250,57
09:28:48.92900,1933.250,2
09:28:50.40200,1933.000,14
09:28:50.75000,1933.000,40
09:28:51.31600,1933.000,4
09:28:51.53900,1933.000,2
09:28:51.58500,1933.000,21
09:28:51.68700,1933.000,1
09:28:52.23800,1933.000,3
09:28:52.56200,1933.000,1
09:28:53.28500,1933.000,1
09:28:53.88200,1933.250,26
09:28:54.09300,1933.250,1
09:28:54.97200,1933.250,3
09:28:55.27700,1933.250,215
09:28:56.56200,1933.250,1
09:28:56.80400,1933.250,1
09:28:57.40200,1933.250,1
09:28:58.28100,1933.500,216
09:28:58.43700,1933.750,1
09:28:59.07800,1933.750,2
09:28:59.20300,1933.750,20
09:29:00.12800,1933.500,158
09:29:00.36700,1933.500,5
09:29:00.63200,1933.500,3
09:29:01.50700,1933.500,2
09:29:01.66400,1933.500,5
09:29:02.07400,1933.500,3
09:29:02.72200,1933.500,3
09:29:02.91400,1933.500,1
09:29:05.19900,1933.500,87
09:29:05.25300,1933.750,3
09:29:05.77300,1933.500,7
09:29:07.85100,1933.500,20
09:29:09.22200,1933.500,1
09:29:09.50700,1933.500,7
09:29:09.68700,1933.500,2
09:29:09.90200,1933.500,19
09:29:10.38200,1933.500,2
09:29:11.60500,1933.250,3
09:29:11.85500,1933.500,5
09:29:11.96000,1933.500,20
09:29:12.86700,1933.500,29
09:29:12.94100,1933.250,10
09:29:13.12800,1933.500,5
09:29:13.71000,1933.500,14
09:29:13.81600,1933.500,13
09:29:14.34300,1933.250,10
09:29:14.64400,1933.500,9
09:29:14.78500,1933.250,1
09:29:15.51100,1933.500,3
09:29:15.72600,1933.250,5
09:29:16.51500,1933.250,3
09:29:16.89400,1933.000,462
09:29:16.92500,1933.000,30
09:29:17.59300,1933.250,3
09:29:19.65600,1933.000,1
09:29:19.84700,1933.000,1
09:29:20.06200,1933.000,136
09:29:20.32000,1933.000,113
09:29:20.66400,1933.000,27
09:29:20.73400,1933.000,1
09:29:21.10900,1933.000,1
09:29:21.35500,1933.000,1
09:29:21.53100,1933.250,1
09:29:22.48000,1933.000,2
09:29:23.34300,1933.000,10
09:29:24.75700,1933.000,76
09:29:24.92900,1933.000,15
09:29:25.42900,1933.000,3
09:29:25.56600,1933.250,20
09:29:26.01500,1933.250,1
09:29:26.48400,1933.250,2
09:29:27.21000,1933.250,4
09:29:27.32800,1933.000,1
09:29:27.66700,1933.000,27
09:29:27.73400,1933.250,3
09:29:28.24600,1933.250,1
09:29:28.50000,1933.250,5
09:29:28.66700,1933.000,5
09:29:28.90600,1933.250,7
09:29:29.30000,1933.000,1
09:29:29.54200,1933.250,1
09:29:30.89800,1933.250,2
09:29:31.42100,1933.250,1
09:29:31.87100,1933.000,4
09:29:32.28900,1933.000,51
09:29:32.87500,1933.250,1
09:29:33.47600,1933.000,1
09:29:33.73800,1933.000,1
09:29:35.39400,1933.000,11
09:29:36.05000,1933.250,3
09:29:36.25700,1933.250,25
09:29:37.33500,1933.000,10
09:29:38.06200,1933.250,20
09:29:39.23800,1933.000,1
09:29:39.80400,1933.000,2
09:29:41.17900,1933.250,3
09:29:43.45700,1933.250,13
09:29:43.74200,1933.250,1
09:29:44.19500,1933.000,125
09:29:44.64000,1933.000,10
09:29:44.83500,1933.000,1
09:29:45.30800,1933.000,32
09:29:45.79200,1933.000,1
09:29:45.94900,1933.250,1
09:29:46.28900,1933.000,11
09:29:46.53500,1933.250,15
09:29:47.43300,1933.000,80
09:29:47.70300,1933.000,137
09:29:48.17500,1933.000,12
09:29:48.41000,1933.000,1
09:29:48.57400,1933.000,16
09:29:48.64000,1933.000,1
09:29:49.35500,1932.750,21
09:29:49.67500,1933.000,2
09:29:50.08500,1932.750,1
09:29:50.18700,1932.750,2
09:29:50.59300,1933.000,116
09:29:50.60500,1933.000,27
09:29:50.82800,1933.250,42
09:29:51.04200,1933.000,3
09:29:51.62100,1933.000,4
09:29:51.72600,1933.000,22
09:29:52.10500,1933.000,22
09:29:52.40200,1933.000,2
09:29:53.15200,1933.000,19
09:29:53.18700,1933.000,30
09:29:53.41000,1933.000,3
09:29:54.03900,1932.750,3
09:29:54.35500,1933.000,10
09:29:54.45700,1933.000,35
09:29:54.67100,1933.000,1
09:29:55.08200,1933.000,5
09:29:55.23000,1933.000,1
09:29:55.32400,1933.000,22
09:29:55.53900,1933.000,55
09:29:55.65600,1933.000,157
09:29:55.73400,1933.250,13
09:29:56.19500,1933.000,11
09:29:56.37800,1933.250,1
09:29:56.68700,1933.250,5
09:29:57.06600,1933.000,20
09:29:57.16400,1933.000,26
09:29:57.26100,1933.250,4
09:29:57.41400,1933.000,1
09:29:57.48000,1933.000,1
09:29:57.80000,1933.000,26
09:29:58.10900,1933.000,21
09:29:58.18300,1933.000,5
09:29:58.62100,1933.250,20
09:29:59.04200,1933.250,31
09:29:59.15200,1933.000,37
09:29:59.85100,1933.000,15
09:30:00.00300,1932.750,396
09:30:00.02700,1933.000,254
09:30:00.10900,1932.750,156
09:30:00.12800,1933.000,227
09:30:00.23400,1933.000,211
09:30:00.40600,1933.250,61
09:30:00.50700,1933.250,9
09:30:00.58500,1933.000,201
09:30:00.89000,1933.000,8
09:30:01.02700,1933.250,62
09:30:01.11700,1933.250,111
09:30:01.21400,1933.000,1
09:30:01.22600,1933.250,83
09:30:01.23800,1933.250,5
09:30:01.53500,1933.000,15
09:30:01.53900,1933.250,3
09:30:02.01100,1933.000,8
09:30:02.11700,1933.000,9
09:30:02.26500,1933.000,67
09:30:02.38200,1933.000,4
09:30:02.46000,1933.250,1
09:30:02.52700,1933.000,2
09:30:02.69500,1933.250,12
09:30:02.91400,1933.000,57
09:30:02.97200,1933.250,37
09:30:03.11700,1933.000,171
09:30:03.25700,1933.250,86
09:30:03.49200,1933.250,22
09:30:03.71000,1933.250,68
09:30:03.76500,1933.500,1
09:30:03.89400,1933.500,5
09:30:03.97200,1933.500,34
09:30:04.20300,1933.250,18
09:30:04.23400,1933.250,9
09:30:04.38200,1933.250,4
09:30:04.45700,1933.500,7
09:30:04.52700,1933.500,5
09:30:04.73400,1933.500,11
09:30:04.82800,1933.500,4
09:30:05.01900,1933.500,189
09:30:05.14400,1933.500,55
09:30:05.25300,1933.500,51
09:30:05.32800,1933.250,255
09:30:05.33200,1933.250,51
09:30:05.34300,1933.250,19
09:30:05.42100,1933.250,36
09:30:05.51900,1933.500,2
09:30:05.84700,1933.500,7
09:30:06.03100,1933.750,191
09:30:06.07800,1933.250,142
09:30:06.17100,1933.250,13
09:30:06.46400,1933.500,334
09:30:06.68300,1933.000,80
09:30:06.81200,1933.250,6
09:30:06.97200,1933.250,51
09:30:07.12100,1933.250,123
09:30:07.29200,1933.250,7
09:30:07.43700,1933.250,3
09:30:07.63600,1933.500,2
09:30:07.77700,1933.500,2
09:30:08.03100,1933.500,39
09:30:08.16400,1933.500,1
09:30:08.29200,1933.250,325
09:30:08.41400,1933.500,4
09:30:08.57800,1933.500,1
09:30:08.71800,1933.250,2
09:30:08.80000,1933.250,3
09:30:08.93700,1933.250,38
09:30:09.03500,1933.250,49
09:30:09.17900,1933.250,62
09:30:09.25300,1933.250,14
09:30:09.34700,1933.250,1
09:30:09.41400,1933.000,6
09:30:09.55000,1933.000,6
09:30:09.71400,1933.250,3
09:30:09.89000,1933.250,9
09:30:10.03100,1933.250,101
09:30:10.09300,1933.250,8
09:30:10.25700,1933.000,2
09:30:10.50000,1933.250,50
09:30:10.60500,1933.250,58
09:30:10.70700,1933.250,45
09:30:10.97200,1933.500,63
09:30:11.25300,1933.250,2
09:30:11.52700,1933.500,157
09:30:11.56200,1933.750,4
09:30:11.92100,1933.500,140
09:30:11.97200,1933.750,34
09:30:12.02700,1933.500,1
09:30:12.14400,1933.750,89
09:30:12.25700,1933.500,5
09:30:12.37500,1933.500,1
09:30:12.55400,1934.000,112
09:30:12.60500,1933.750,31
09:30:12.75000,1934.000,284
09:30:12.97200,1934.000,35
09:30:13.06600,1933.750,1
09:30:13.18700,1933.750,10
09:30:13.35500,1934.000,12
09:30:13.55000,1934.000,40
09:30:13.57800,1933.750,2
09:30:13.66400,1934.000,25
09:30:13.97200,1934.000,40
09:30:14.04200,1934.000,2
09:30:14.37500,1933.750,2
09:30:14.71000,1934.000,23
09:30:14.86700,1933.750,1
09:30:14.97200,1933.750,122
09:30:15.08900,1933.750,247
09:30:15.24600,1933.750,22
09:30:15.49600,1933.750,4
09:30:15.77300,1933.750,69
09:30:15.84300,1933.750,2
09:30:15.96000,1934.000,114
09:30:16.26100,1933.750,118
09:30:16.63200,1933.500,15
09:30:16.80000,1933.500,2
09:30:16.90600,1933.500,6
09:30:17.04200,1933.750,1
09:30:17.19500,1933.500,14
09:30:17.33500,1933.750,9
09:30:17.57400,1933.500,36
09:30:17.71800,1933.500,1
09:30:17.92900,1933.750,13
09:30:18.05800,1933.500,2
09:30:18.27700,1933.500,13
09:30:18.38600,1933.500,9
09:30:18.47200,1933.500,1
09:30:18.80800,1933.500,3
09:30:18.95700,1933.750,93
09:30:19.23400,1933.750,11
09:30:19.35500,1934.000,56
09:30:19.40600,1933.750,5
09:30:19.55000,1933.750,3
09:30:19.83900,1934.000,69
09:30:19.91700,1933.750,10
09:30:20.00700,1933.750,2
09:30:20.31200,1933.500,6
09:30:20.44900,1933.500,1
09:30:20.71000,1933.750,31
09:30:20.82400,1933.750,49
09:30:20.94100,1933.750,2
09:30:21.12500,1933.750,4
09:30:21.17900,1933.750,1
09:30:21.51500,1934.000,47
09:30:21.55000,1933.750,47
09:30:21.80800,1933.750,49
09:30:21.91400,1934.000,2
09:30:22.09700,1933.750,16
09:30:22.13200,1933.750,1
09:30:22.31600,1933.750,1
09:30:22.34700,1933.750,1
09:30:22.49600,1933.500,1
09:30:22.58900,1933.500,4
09:30:22.83200,1933.750,3
09:30:22.92100,1933.750,1
09:30:23.09700,1933.750,2
09:30:23.20700,1933.500,11
09:30:23.32400,1933.750,2
09:30:23.42500,1933.500,2
09:30:23.44900,1933.500,10
09:30:23.76900,1933.500,10
09:30:24.06200,1933.500,147
09:30:24.12500,1933.500,137
09:30:24.25300,1933.500,18
09:30:24.43700,1933.500,2
09:30:24.95300,1933.500,2
09:30:25.21400,1933.500,10
09:30:25.46800,1933.750,12
09:30:25.54600,1933.750,7
09:30:25.64000,1933.750,1
09:30:25.71800,1933.500,7
09:30:26.30400,1933.750,11
09:30:26.43300,1933.750,3
09:30:26.66000,1933.750,1
09:30:26.80400,1933.500,2
09:30:27.08500,1933.750,167
09:30:27.26900,1933.750,3
09:30:27.60900,1933.750,2
09:30:27.78100,1933.750,13
09:30:27.87500,1934.000,2
09:30:28.08500,1934.000,7
09:30:28.25300,1933.750,5
09:30:28.40600,1934.000,1
09:30:28.62100,1934.000,21
09:30:28.78900,1934.000,2
09:30:29.26500,1933.750,10
09:30:29.41000,1933.750,8
09:30:29.69100,1934.000,2
09:30:29.89800,1934.000,2
09:30:30.03500,1933.750,102
09:30:30.10500,1933.750,2
09:30:30.17100,1933.750,4
09:30:30.27300,1933.750,36
09:30:30.88600,1933.750,70
09:30:31.09700,1933.750,42
09:30:31.41000,1933.750,7
09:30:31.55400,1933.750,7
09:30:31.62500,1934.000,4
09:30:31.94900,1933.750,11
09:30:32.07000,1933.750,66
09:30:32.16000,1933.750,1
09:30:32.23400,1933.750,10
09:30:32.39800,1934.000,1
09:30:32.65600,1933.750,1
09:30:32.92500,1934.000,237
09:30:32.96000,1934.000,2
09:30:33.08200,1934.250,1
09:30:33.23400,1934.000,10
09:30:33.41000,1934.250,4
09:30:33.48800,1934.250,1
09:30:33.62800,1934.250,198
09:30:33.88200,1934.250,16
09:30:34.06200,1934.000,8
09:30:34.29600,1934.250,16
09:30:34.39000,1934.250,5
09:30:34.54600,1934.250,5
09:30:34.73400,1934.000,6
09:30:34.82800,1934.250,41
09:30:35.24200,1934.000,16
09:30:35.38600,1934.250,2
09:30:35.82000,1934.250,6
09:30:36.10900,1934.000,2
09:30:36.24600,1934.000,10
09:30:36.38200,1934.000,211
09:30:36.44100,1934.000,4
09:30:36.51900,1934.000,2
09:30:36.87800,1934.000,16
09:30:37.39800,1934.000,5
09:30:37.51900,1934.250,1
09:30:37.95300,1934.250,21
09:30:38.28100,1934.000,4
09:30:38.50300,1934.000,3
09:30:38.58900,1934.250,1
09:30:38.75300,1934.250,7
09:30:38.91700,1934.250,3
09:30:39.17500,1934.000,2
09:30:39.28900,1934.250,1
09:30:39.35500,1934.250,1
09:30:39.90600,1934.250,8
09:30:40.01500,1934.000,3
09:30:40.26900,1934.000,14
09:30:40.54600,1934.250,6
09:30:40.87500,1934.000,5
09:30:41.14400,1934.000,114
09:30:41.25700,1933.750,85
09:30:41.33200,1933.500,130
09:30:41.41000,1933.750,5
09:30:41.57400,1933.500,1
09:30:41.60100,1934.000,107
09:30:41.76500,1933.750,1
09:30:42.20700,1933.750,11
09:30:42.33500,1933.750,80
09:30:42.67900,1933.750,61
09:30:42.93300,1933.750,11
09:30:43.01900,1934.000,1
09:30:43.30400,1933.750,10
09:30:43.76900,1934.000,1
09:30:43.96400,1934.000,1
09:30:44.26900,1933.750,10
09:30:44.40200,1933.750,1
09:30:44.58200,1933.750,3
09:30:45.06200,1933.750,2
09:30:45.41000,1933.750,4
09:30:45.63600,1933.750,3
09:30:45.88600,1933.750,133
09:30:46.02300,1933.750,9
09:30:46.53900,1934.000,13
09:30:46.82800,1933.750,5
09:30:47.05800,1934.000,4
09:30:47.26500,1934.000,3
09:30:47.42100,1933.750,1
09:30:48.31200,1934.000,3
09:30:48.56200,1933.750,2
09:30:48.64800,1934.000,135
09:30:48.74200,1934.000,1
09:30:48.87100,1934.000,2
09:30:48.94900,1934.000,14
09:30:49.28100,1934.000,99
09:30:49.46800,1934.000,97
09:30:50.03900,1934.000,119
09:30:50.10900,1934.000,3
09:30:50.27700,1934.000,10
09:30:50.76900,1934.000,74
09:30:51.00000,1934.000,3
09:30:51.19900,1934.250,1
09:30:51.32000,1934.000,5
09:30:51.44500,1934.000,3
09:30:51.53100,1934.250,7
09:30:51.94100,1934.000,1
09:30:52.38200,1934.250,1
09:30:52.69500,1934.000,11
09:30:52.96400,1934.250,2
09:30:53.31200,1934.250,1
09:30:53.74200,1934.000,3
09:30:54.23000,1934.000,1
09:30:54.53500,1934.250,15
09:30:54.77300,1934.000,1
09:30:55.01100,1934.000,1
09:30:55.45700,1934.250,1
09:30:55.66000,1934.000,91
09:30:55.71800,1934.000,2
09:30:55.89400,1934.000,1
09:30:55.95300,1934.000,2
09:30:56.14400,1934.000,1
09:30:56.38600,1934.000,6
09:30:56.58200,1934.000,1
09:30:56.85500,1933.750,1
09:30:57.07000,1934.000,1
09:30:57.14400,1934.000,31
09:30:57.50300,1934.000,1
09:30:57.69900,1933.750,17
09:30:57.88200,1934.000,4
09:30:58.00700,1934.000,3
09:30:58.19500,1933.750,42
09:30:58.61300,1933.750,2
09:30:58.80400,1933.750,5
09:30:58.93700,1933.750,1
09:30:59.12100,1934.000,1
09:30:59.21400,1934.000,1
09:30:59.50000,1934.000,46
09:30:59.61300,1934.000,54
09:30:59.69900,1934.000,2
09:31:00.00000,1934.250,7
09:31:00.11300,1934.000,5
09:31:00.22200,1934.000,15
09:31:00.41000,1934.000,3
09:31:00.60100,1934.250,159
09:31:00.72600,1934.500,43
09:31:00.81200,1934.500,3
09:31:00.86700,1934.500,35
09:31:01.27700,1934.250,2
09:31:01.37100,1934.500,158
09:31:01.41400,1934.750,77
09:31:01.50700,1934.750,2
09:31:01.72600,1934.500,1
09:31:02.16700,1934.750,7
09:31:02.33900,1934.500,5
09:31:02.40200,1934.500,2
09:31:02.64400,1934.750,120
09:31:02.76900,1934.750,5
09:31:02.94900,1934.500,10
09:31:03.39000,1934.750,4
09:31:03.51100,1934.500,101
09:31:03.66400,1934.750,1
09:31:03.91000,1934.750,10
09:31:04.34700,1934.750,2
09:31:04.52300,1934.750,8
09:31:04.82800,1934.750,3
09:31:05.15600,1934.500,9
09:31:05.34700,1934.750,119
09:31:05.36300,1934.750,91
09:31:05.39400,1934.750,2
09:31:05.66400,1934.750,54
09:31:05.66400,1934.750,1
09:31:05.86300,1934.750,72
09:31:05.89800,1934.750,9
09:31:06.25000,1934.750,59
09:31:06.28500,1934.750,22
09:31:06.42900,1934.750,106
09:31:06.50000,1934.750,4
09:31:06.56600,1934.750,9
09:31:06.74200,1934.750,1
09:31:06.85900,1934.750,5
09:31:07.04600,1934.750,2
09:31:07.15200,1934.750,5
09:31:07.25700,1934.750,12
09:31:07.41400,1934.750,1
09:31:07.61700,1934.750,1
09:31:07.73800,1934.750,11
09:31:07.88600,1934.750,42
09:31:07.89400,1935.000,7
09:31:08.09300,1934.750,28
09:31:08.19100,1934.750,12
09:31:08.53900,1934.750,10
09:31:08.56200,1934.750,1
09:31:08.77700,1934.250,466
09:31:08.78500,1934.500,42
09:31:08.88200,1934.250,41
09:31:09.09300,1934.500,1
09:31:09.18700,1934.250,3
09:31:09.35500,1934.250,9
09:31:09.39800,1934.750,419
09:31:09.42900,1934.750,4
09:31:10.64800,1934.500,182
09:31:10.68300,1934.500,5
09:31:11.53100,1934.750,2
09:31:11.97200,1934.750,1
09:31:12.33500,1934.750,2
09:31:12.53900,1934.500,1
09:31:12.75000,1934.500,163
09:31:13.14400,1934.500,21
09:31:13.44900,1934.500,5
09:31:13.58500,1934.500,3
09:31:13.94900,1934.500,67
09:31:14.03100,1934.500,3
09:31:14.15200,1934.500,4
09:31:14.67100,1934.750,3
09:31:14.88200,1934.500,7
09:31:15.39400,1934.500,67
09:31:15.44900,1934.500,10
09:31:15.53100,1934.500,1
09:31:15.62500,1934.750,4
09:31:15.79600,1934.500,1
09:31:16.02300,1934.750,58
09:31:16.21400,1934.750,4
09:31:16.57000,1934.750,16
09:31:17.02700,1934.500,5
09:31:17.44500,1934.750,169
09:31:17.47200,1934.750,10
09:31:17.63200,1934.500,66
09:31:17.72600,1934.750,45
09:31:17.84700,1934.750,2
09:31:17.91700,1934.750,6
09:31:18.08500,1934.750,33
09:31:18.17500,1934.750,32
09:31:18.26900,1934.500,10
09:31:18.43700,1934.750,18
09:31:18.53900,1935.000,2
09:31:18.80400,1934.750,1
09:31:19.74200,1934.750,5
09:31:19.94500,1935.000,1
09:31:20.13600,1934.750,38
09:31:20.28500,1934.750,2
09:31:20.33900,1934.750,4
09:31:20.53100,1934.750,1
09:31:21.18700,1934.500,1
09:31:21.53100,1934.750,1
09:31:21.74600,1934.500,2
09:31:21.82000,1934.500,143
09:31:21.94100,1934.500,55
09:31:22.03900,1934.750,8
09:31:22.20300,1934.500,31
09:31:22.30400,1934.500,40
09:31:22.50300,1934.500,1
09:31:22.79200,1934.500,270
09:31:22.89000,1934.500,24
09:31:23.13600,1934.500,2
09:31:23.30800,1934.250,1
09:31:23.82000,1934.250,1
09:31:24.04200,1934.250,157
09:31:24.10100,1934.250,40
09:31:24.28500,1934.250,1
09:31:24.56600,1934.250,2
09:31:25.10100,1934.250,2
09:31:25.31600,1934.250,42
09:31:25.39800,1934.500,3
09:31:25.63200,1934.250,11
09:31:25.75000,1934.250,18
09:31:25.91700,1934.250,17
09:31:26.04600,1934.250,6
09:31:26.08900,1934.250,1
09:31:26.38600,1934.000,7
09:31:27.13200,1934.000,1
09:31:27.41000,1934.000,1
09:31:27.81200,1934.250,6
09:31:28.04200,1934.250,220
09:31:28.18700,1934.250,6
09:31:28.87500,1934.250,205
09:31:29.21800,1934.500,106
09:31:29.55000,1934.250,1
09:31:29.56600,1934.500,45
09:31:29.66400,1934.250,1
09:31:30.02300,1934.500,20
09:31:30.09700,1934.500,1
09:31:30.62100,1934.250,15
09:31:30.75700,1934.250,3
09:31:31.26100,1934.500,79
09:31:31.26500,1934.500,80
09:31:31.77300,1934.500,108
09:31:32.00700,1934.500,42
09:31:32.50300,1934.500,2
09:31:32.69500,1934.750,2
09:31:33.03500,1934.750,3
09:31:33.11300,1934.750,2
09:31:33.55800,1934.750,4
09:31:34.20300,1934.500,2
09:31:34.32000,1934.500,1
09:31:34.58200,1934.750,1
09:31:34.68700,1934.750,141
09:31:34.79600,1934.750,2
09:31:35.03500,1934.750,10
09:31:35.29600,1934.750,76
09:31:35.71400,1934.750,8
09:31:35.96000,1934.750,77
09:31:36.05400,1934.750,1
09:31:36.72200,1934.750,1
09:31:37.15200,1934.750,56
09:31:38.35500,1934.500,1
09:31:39.22600,1934.500,2
09:31:39.41000,1934.500,140
09:31:39.51500,1934.500,83
09:31:39.66000,1934.250,14
09:31:40.11700,1934.250,3
09:31:40.13600,1934.250,2
09:31:40.61700,1934.250,2
09:31:42.50000,1934.250,1
09:31:43.10100,1934.250,7
09:31:43.49200,1934.250,1
09:31:43.75000,1934.250,10
09:31:43.90200,1934.250,1
09:31:44.39000,1934.250,1
09:31:44.75000,1934.250,2
09:31:45.12800,1934.250,153
09:31:45.26900,1934.250,35
09:31:45.57000,1934.250,40
09:31:45.81200,1934.000,2
09:31:46.55000,1934.250,1
09:31:46.65600,1934.000,1
09:31:47.00300,1934.000,16
09:31:47.69500,1934.000,14
09:31:47.82400,1934.250,190
09:31:48.11700,1934.250,1
09:31:48.35900,1934.250,1
09:31:48.57000,1934.250,1
09:31:48.66400,1934.500,3
09:31:48.69500,1934.250,1
09:31:49.07000,1934.250,1
09:31:49.21800,1934.500,1
09:31:49.71400,1934.500,94
09:31:49.72600,1934.500,127
09:31:49.85500,1934.500,1
09:31:50.40600,1934.250,2
09:31:50.81200,1934.250,320
09:31:50.89000,1934.250,1
09:31:50.95300,1934.250,1
09:31:51.95700,1934.000,128
09:31:52.30000,1934.250,2
09:31:53.21000,1934.000,16
09:31:53.27700,1934.250,6
09:31:53.35500,1934.000,2
09:31:53.87100,1934.000,3
09:31:54.12500,1934.000,15
09:31:54.39000,1934.250,1
09:31:54.80000,1934.250,31
09:31:54.93700,1934.250,82
09:31:55.04200,1934.250,12
09:31:55.29600,1934.000,2
09:31:55.68700,1934.000,20
09:31:55.77700,1934.000,1
09:31:55.93300,1934.000,1
09:31:56.14000,1934.250,1
09:31:56.32800,1934.000,1
09:31:56.68300,1934.250,1
09:31:56.82400,1934.000,1
09:31:57.00300,1934.000,123
09:31:57.17100,1933.750,73
09:31:57.29200,1933.750,124
09:31:57.41400,1933.500,47
09:31:57.68300,1933.500,1
09:31:57.89400,1933.500,266
09:31:57.92100,1933.500,21
09:31:58.03900,1933.250,22
09:31:58.76100,1933.500,6
09:31:59.00700,1933.250,14
09:31:59.49200,1933.500,158
09:31:59.57400,1933.500,21
09:31:59.89800,1933.750,20
09:32:00.28900,1933.500,50
09:32:00.46800,1933.500,46
09:32:00.96800,1933.500,1
09:32:01.35500,1933.500,5
09:32:01.64800,1933.500,27
09:32:01.92500,1933.750,81
09:32:02.20300,1933.500,25
09:32:02.37100,1933.500,1
09:32:02.68300,1933.500,1
09:32:02.76900,1933.500,1
09:32:02.85900,1933.500,1
09:32:03.16400,1933.750,13
09:32:03.23000,1933.500,1
09:32:03.47600,1933.750,7
09:32:04.03100,1933.750,21
09:32:04.96800,1933.750,124
09:32:05.00000,1933.750,47
09:32:05.13200,1934.000,7
09:32:05.51500,1933.750,2
09:32:05.73000,1934.000,4
09:32:05.82000,1933.750,1
09:32:06.03100,1934.000,1
09:32:06.28900,1934.000,5
09:32:06.39800,1933.750,1
09:32:06.69100,1933.750,6
09:32:07.03900,1934.000,13
09:32:07.20700,1934.000,104
09:32:07.48400,1934.000,72
09:32:07.58200,1934.000,1
09:32:08.06200,1933.750,56
09:32:08.12100,1933.750,46
09:32:08.20300,1933.750,3
09:32:08.30000,1933.750,1
09:32:08.54200,1933.750,41
09:32:08.68700,1933.750,50
09:32:08.80800,1933.750,51
09:32:08.92500,1933.750,35
09:32:09.04200,1933.750,18
09:32:09.19500,1933.750,4
09:32:09.31200,1933.750,37
09:32:09.32400,1934.000,1
09:32:09.49600,1933.750,6
09:32:09.55800,1933.750,16
09:32:09.88600,1933.750,2
09:32:10.54200,1933.500,39
09:32:10.54200,1933.500,6
09:32:10.54200,1933.500,33
09:32:10.62100,1933.500,36
09:32:10.80000,1933.500,14
09:32:10.81200,1933.500,10
09:32:11.03500,1933.500,20
09:32:11.34300,1933.500,3
09:32:11.67900,1933.250,7
09:32:12.01100,1933.250,85
09:32:12.08900,1933.250,10
09:32:12.24600,1933.500,111
09:32:12.37100,1933.250,2
09:32:12.52300,1933.250,4
09:32:12.78500,1933.250,342
09:32:12.82800,1933.250,50
09:32:12.86300,1933.250,60
09:32:13.22200,1933.500,2
09:32:13.58500,1933.250,13
09:32:13.69500,1933.250,1
09:32:13.82000,1933.250,153
09:32:13.85500,1933.000,1
09:32:14.06200,1933.500,57
09:32:14.13600,1933.250,4
09:32:14.29200,1933.500,6
09:32:14.34700,1933.250,1
09:32:14.55000,1933.250,35
09:32:14.67500,1933.500,1
09:32:14.83900,1933.250,16
09:32:15.00300,1933.000,13
09:32:15.36700,1933.250,3
09:32:15.71800,1933.000,11
09:32:16.48800,1933.000,8
09:32:16.77700,1933.250,164
09:32:17.05800,1933.250,7
09:32:17.45300,1933.500,1
09:32:18.26500,1933.250,5
09:32:18.54200,1933.250,1
09:32:19.06600,1933.250,89
09:32:19.26500,1933.500,5
09:32:19.55000,1933.250,10
09:32:19.67900,1933.250,1
09:32:20.15200,1933.250,13
09:32:20.28100,1933.000,2
09:32:20.55800,1933.250,1
09:32:20.65600,1933.000,1
09:32:20.67500,1933.250,15
09:32:20.89400,1933.250,1
09:32:20.90200,1933.000,1
09:32:21.05400,1933.000,46
09:32:21.18300,1933.000,1
09:32:21.37800,1933.250,1
09:32:21.54200,1933.000,2
09:32:21.81600,1933.250,2
09:32:22.17500,1933.250,43
09:32:22.20300,1933.250,16
09:32:22.38600,1933.250,4
09:32:22.65200,1933.250,54
09:32:22.89400,1933.250,23
09:32:23.33900,1933.000,3
09:32:23.47200,1933.250,47
09:32:23.51100,1933.250,1
09:32:23.64400,1933.000,54
09:32:23.70700,1933.250,5
09:32:23.80000,1933.000,54
09:32:23.97200,1933.250,1
09:32:24.16400,1933.250,72
09:32:24.16400,1933.250,3
09:32:24.26100,1933.000,101
09:32:24.55800,1933.000,51
09:32:25.12500,1933.000,13
09:32:25.26500,1933.000,1
09:32:25.62800,1933.000,10
09:32:25.84300,1933.000,27
09:32:26.08500,1933.000,10
09:32:26.09300,1933.000,1
09:32:26.79600,1932.750,18
09:32:26.91000,1932.750,2
09:32:27.12800,1933.000,188
09:32:27.27700,1932.750,37
09:32:27.33200,1933.000,36
09:32:27.68300,1933.000,20
09:32:27.85100,1933.000,4
09:32:28.14800,1933.000,2
09:32:28.31600,1933.000,1
09:32:28.37100,1932.750,51
09:32:28.79200,1932.750,1
09:32:29.23400,1933.000,1
09:32:30.02700,1932.750,155
09:32:30.07000,1932.750,1
09:32:30.20700,1933.000,1
09:32:30.42500,1932.750,1
09:32:30.67900,1932.750,1
09:32:30.80000,1932.750,161
09:32:30.90600,1932.750,32
09:32:31.00700,1932.750,4
09:32:31.19900,1932.750,13
09:32:31.42900,1932.750,8
09:32:31.63200,1932.750,13
09:32:31.89800,1932.500,9
09:32:31.93700,1932.500,2
09:32:32.15600,1932.750,116
09:32:32.22200,1932.750,1
09:32:32.63600,1933.000,40
09:32:32.75700,1932.750,10
09:32:32.86700,1933.000,2
09:32:33.01900,1932.750,10
09:32:33.38200,1933.000,4
09:32:33.49200,1933.000,5
09:32:33.69900,1932.750,283
09:32:33.74600,1932.750,31
09:32:33.85100,1932.750,10
09:32:34.07400,1932.750,46
09:32:34.24600,1932.750,9
09:32:34.39800,1932.750,1
09:32:34.55400,1933.000,4
09:32:34.68700,1933.000,4
09:32:34.73800,1932.750,2
09:32:35.06200,1932.750,52
09:32:35.70300,1932.750,14
09:32:35.93700,1932.750,1
09:32:36.70700,1932.750,1
09:32:37.19100,1933.000,223
09:32:37.21000,1933.000,44
09:32:37.69500,1933.000,39
09:32:38.30800,1933.000,1
09:32:38.60500,1933.000,1
09:32:39.16700,1933.000,11
09:32:39.26900,1933.000,2
09:32:40.18300,1933.250,154
09:32:40.49600,1933.250,28
09:32:40.59700,1933.250,5
09:32:40.94900,1933.250,2
09:32:41.04200,1933.250,1
09:32:41.18300,1933.250,61
09:32:41.32000,1933.250,4
09:32:42.37800,1933.500,1
09:32:42.48800,1933.500,216
09:32:42.52700,1933.500,2
09:32:42.62800,1933.500,1
09:32:42.82400,1933.500,1
09:32:42.88600,1933.500,3
09:32:42.96400,1933.500,1
09:32:43.34700,1933.500,5
09:32:43.41700,1933.500,12
09:32:43.57400,1933.250,3
09:32:43.96000,1933.500,2
09:32:44.19100,1933.500,1
09:32:44.44900,1933.250,4
09:32:44.94500,1933.500,3
09:32:45.61300,1933.500,1
09:32:46.53500,1933.500,97
09:32:46.89000,1933.500,2
09:32:47.09700,1933.500,14
09:32:47.44100,1933.500,14
09:32:47.71000,1933.500,11
09:32:47.77300,1933.500,3
09:32:48.10900,1933.500,10
09:32:48.15200,1933.500,1
09:32:48.26500,1933.500,128
09:32:48.44100,1933.500,1
09:32:48.55000,1933.500,1
09:32:48.59700,1933.500,1
09:32:48.67900,1933.500,1
09:32:49.23000,1933.500,5
09:32:49.41400,1933.250,6
09:32:50.25700,1933.250,108
09:32:50.55000,1933.500,27
09:32:50.60500,1933.250,8
09:32:50.83500,1933.000,1
09:32:50.94900,1933.250,5
09:32:51.38600,1933.000,226
09:32:51.83500,1933.250,282
09:32:51.88600,1933.250,65
09:32:52.06600,1933.000,7
09:32:52.16000,1933.250,1
09:32:52.35900,1933.000,2
09:32:52.44100,1933.250,39
09:32:52.80000,1933.250,99
09:32:52.83500,1933.250,18
09:32:52.89800,1933.500,1
09:32:53.29600,1933.500,5
09:32:53.79600,1933.250,1
09:32:53.94900,1933.250,2
09:32:54.07800,1933.250,1
09:32:54.17100,1933.500,2
09:32:55.02300,1933.500,78
09:32:55.28900,1933.500,13
09:32:56.20300,1933.500,1
09:32:56.64400,1933.250,4
09:32:57.06200,1933.250,39
09:32:57.24200,1933.250,19
09:32:57.41400,1933.250,3
09:32:58.01900,1933.250,3
09:32:58.48400,1933.250,1
09:32:58.92500,1933.250,2
09:32:59.19500,1933.500,1
09:32:59.78500,1933.250,66
09:32:59.84300,1933.500,7
09:33:00.17100,1933.250,58
09:33:00.22200,1933.500,26
09:33:00.60100,1933.250,2
09:33:00.66400,1933.500,250
09:33:00.76900,1933.250,55
09:33:00.84300,1933.500,1
09:33:01.15600,1933.500,3
09:33:01.37100,1933.250,5
09:33:01.64800,1933.500,1
09:33:01.83500,1933.500,1
09:33:02.10500,1933.500,69
09:33:02.32800,1933.500,5
09:33:02.61300,1933.500,44
09:33:02.87500,1933.500,2
09:33:03.03900,1933.500,37
09:33:03.46800,1933.500,52
09:33:03.69100,1933.500,5
09:33:04.17500,1933.500,19
09:33:04.23800,1933.500,2
09:33:04.27300,1933.500,1
09:33:04.61700,1933.500,47
09:33:05.05000,1933.750,8
09:33:05.08200,1933.750,1
09:33:05.18700,1933.750,1
09:33:06.03500,1933.750,2
09:33:06.10100,1933.500,50
09:33:06.46800,1933.500,41
09:33:06.56200,1933.500,4
09:33:06.77300,1933.500,46
09:33:07.03900,1933.750,103
09:33:07.19100,1934.000,75
09:33:07.46000,1933.750,1
09:33:07.57400,1933.750,3
09:33:07.83200,1934.000,5
09:33:08.11300,1934.000,1
09:33:08.21000,1933.750,2
09:33:08.48800,1933.750,43
09:33:08.51500,1933.750,2
09:33:08.71000,1933.750,8
09:33:09.23800,1933.750,2
09:33:09.32000,1933.750,1
09:33:10.01900,1933.750,1
09:33:10.83500,1933.750,8
09:33:12.12500,1933.500,2
09:33:12.92100,1933.500,92
09:33:13.26500,1933.500,25
09:33:15.24600,1933.500,13
09:33:15.53900,1933.500,1
09:33:16.22600,1933.500,150
09:33:16.44100,1933.750,16
09:33:16.73400,1933.750,1
09:33:16.80800,1933.750,1
09:33:17.88200,1933.500,1
09:33:18.45700,1933.750,236
09:33:18.79600,1933.750,1
09:33:19.25000,1933.500,5
09:33:19.91400,1933.750,74
09:33:20.03500,1933.750,22
09:33:20.07400,1933.750,14
09:33:20.41000,1933.750,44
09:33:20.78100,1933.750,14
09:33:21.07000,1933.750,51
09:33:21.19900,1933.750,2
09:33:21.49600,1933.750,1
09:33:21.68700,1933.500,2
09:33:22.36700,1933.750,3
09:33:22.91000,1933.500,1
09:33:23.33500,1933.750,1
09:33:24.38600,1933.500,2
09:33:24.50000,1933.750,1
09:33:24.95300,1933.250,472
09:33:25.04600,1933.250,6
09:33:25.11700,1933.250,26
09:33:25.82000,1933.250,108
09:33:25.91400,1933.250,14
09:33:26.24600,1933.250,12
09:33:26.81600,1933.250,61
09:33:26.82000,1933.250,9
09:33:27.00700,1933.250,23
09:33:27.01500,1933.250,1
09:33:27.22200,1933.250,15
09:33:27.25300,1933.250,2
09:33:27.39800,1933.500,47
09:33:28.21400,1933.500,6
09:33:29.42900,1933.250,67
09:33:29.78500,1933.250,2
09:33:30.07000,1933.250,40
09:33:30.28900,1933.250,2
09:33:30.38200,1933.250,234
09:33:30.41400,1933.250,23
09:33:30.50000,1933.250,28
09:33:30.66400,1933.250,1
09:33:31.31200,1933.250,10
09:33:31.54600,1933.250,27
09:33:32.06600,1933.000,146
09:33:32.12100,1933.000,16
09:33:32.53500,1933.000,111
09:33:32.76900,1933.000,10
09:33:32.94900,1933.000,1
09:33:33.32800,1933.000,11
09:33:33.40600,1933.250,4
09:33:33.64800,1933.000,11
09:33:33.76500,1933.000,10
09:33:34.24600,1933.000,1
09:33:34.42900,1933.000,43
09:33:34.58200,1933.250,250
09:33:35.19900,1933.250,87
09:33:35.62800,1933.000,1
09:33:35.96800,1933.250,2
09:33:36.52300,1933.250,13
09:33:36.62100,1933.250,25
09:33:37.24600,1933.250,1
09:33:38.10100,1933.250,12
09:33:38.27300,1933.250,5
09:33:38.41700,1933.500,5
09:33:38.85100,1933.500,1
09:33:39.51500,1933.250,80
09:33:39.57400,1933.250,9
09:33:39.77300,1933.250,43
09:33:39.84700,1933.250,3
09:33:40.59700,1933.000,76
09:33:41.25000,1933.000,221
09:33:41.39000,1933.000,2
09:33:41.53900,1932.750,113
09:33:41.58500,1932.750,56
09:33:42.40600,1932.750,12
09:33:42.58900,1932.750,99
09:33:42.89400,1932.750,2
09:33:43.26500,1932.750,79
09:33:43.39000,1932.750,18
09:33:43.44900,1932.750,6
09:33:43.58500,1932.750,15
09:33:44.08200,1932.750,3
09:33:44.34300,1932.750,46
09:33:44.43700,1932.750,2
09:33:44.51100,1932.750,2
09:33:44.60100,1932.750,48
09:33:44.76100,1932.750,121
09:33:45.06600,1932.750,11
09:33:45.08500,1932.750,4
09:33:45.21400,1932.750,6
09:33:45.57400,1932.750,44
09:33:45.87100,1933.000,23
09:33:46.10900,1933.000,1
09:33:46.35900,1932.750,2
09:33:46.46400,1932.750,2
09:33:46.83500,1933.000,404
09:33:46.84300,1932.750,31
09:33:46.84300,1932.750,42
09:33:46.84700,1932.750,32
09:33:46.93300,1932.750,46
09:33:47.00700,1932.750,2
09:33:47.32800,1932.750,50
09:33:47.42500,1932.500,109
09:33:47.48800,1932.500,1
09:33:47.87100,1932.750,75
09:33:47.95300,1933.000,6
09:33:48.18300,1932.750,6
09:33:48.39800,1932.500,3
09:33:48.47200,1932.500,1
09:33:48.94500,1932.500,1
09:33:49.24600,1932.500,298
09:33:49.37800,1932.750,358
09:33:49.65200,1932.500,7
09:33:49.82800,1932.500,12
09:33:49.95300,1932.500,1
09:33:50.26900,1932.750,2
09:33:50.35900,1932.500,134
09:33:50.81600,1932.250,146
09:33:51.16700,1932.250,1
09:33:51.65600,1932.250,4
09:33:51.70700,1932.250,1
09:33:52.13200,1932.250,5
09:33:52.43700,1932.250,10
09:33:52.60900,1932.250,5
09:33:52.64400,1932.500,12
09:33:52.75000,1932.250,3
09:33:52.91700,1932.250,271
09:33:52.95700,1932.250,1
09:33:53.33500,1932.500,26
09:33:53.62100,1932.250,15
09:33:53.70300,1932.250,23
09:33:53.87500,1932.250,34
09:33:53.91000,1932.250,3
09:33:54.10500,1932.250,479
09:33:54.17100,1932.500,26
09:33:54.62800,1932.250,5
09:33:54.69900,1932.250,1
09:33:54.82400,1932.500,54
09:33:54.94500,1932.500,35
09:33:55.27300,1932.750,4
09:33:55.48000,1932.750,167
09:33:55.78100,1932.500,3
09:33:55.78500,1932.750,2
09:33:56.24200,1932.750,5
09:33:56.67100,1932.750,35
09:33:56.81600,1932.750,39
09:33:56.95700,1932.750,5
09:33:57.06600,1932.750,11
09:33:57.21400,1932.500,13
09:33:57.73000,1932.750,64
09:33:58.03500,1932.750,51
09:33:58.34700,1932.750,1
09:33:58.43700,1932.750,20
09:33:58.60100,1932.750,1
09:33:59.01500,1933.000,2
09:33:59.18700,1932.500,172
09:33:59.19900,1932.500,412
09:33:59.28900,1932.500,55
09:33:59.48400,1932.250,26
09:33:59.70300,1932.250,5
09:34:00.24200,1932.500,128
09:34:00.32800,1932.500,3
09:34:00.61300,1932.500,2
09:34:01.00300,1932.500,1
09:34:01.23400,1932.500,1
09:34:01.32400,1932.500,3
09:34:02.23000,1932.500,1
09:34:02.29200,1932.500,6
09:34:02.42900,1932.500,1
09:34:03.03100,1932.750,7
09:34:03.44100,1932.500,136
09:34:03.46800,1932.500,29
09:34:03.53100,1932.500,64
09:34:03.66000,1932.250,47
09:34:03.71800,1932.500,2
09:34:04.07000,1932.500,1
09:34:04.77300,1932.500,8
09:34:05.16400,1932.250,4
09:34:05.24600,1932.250,4
09:34:05.56200,1932.500,1
09:34:05.58500,1932.250,2
09:34:05.73400,1932.250,1
09:34:06.22600,1932.250,1
09:34:06.58900,1932.250,1
09:34:07.21400,1932.250,1
09:34:07.59300,1932.250,6
09:34:07.76500,1932.250,2
09:34:08.21000,1932.500,3
09:34:08.36300,1932.250,5
09:34:08.84300,1932.250,50
09:34:08.96000,1932.250,1
09:34:09.45700,1932.250,6
09:34:09.54600,1932.250,1
09:34:09.62800,1932.250,2
09:34:10.06600,1932.250,1
09:34:11.10100,1932.500,2
09:34:11.28100,1932.250,3
09:34:11.41700,1932.250,15
09:34:11.46000,1932.250,1
09:34:12.05800,1932.500,21
09:34:12.21400,1932.250,2
09:34:13.06600,1932.250,1
09:34:13.11300,1932.250,1
09:34:13.45300,1932.250,1
09:34:13.72200,1932.250,2
09:34:14.47200,1932.250,3
09:34:14.54200,1932.250,8
09:34:14.70300,1932.250,2
09:34:14.83200,1932.250,1
09:34:15.06200,1932.250,4
09:34:15.33900,1932.250,3
09:34:15.95300,1932.250,6
09:34:16.35500,1932.250,83
09:34:16.37100,1932.250,5
09:34:16.72200,1932.250,1
09:34:17.19100,1932.000,115
09:34:17.35900,1932.000,6
09:34:17.41400,1932.000,3
09:34:17.55800,1932.250,59
09:34:17.55800,1932.250,16
09:34:17.56200,1932.250,26
09:34:17.64800,1932.250,1
09:34:17.86300,1932.250,1
09:34:17.94500,1932.250,49
09:34:18.32400,1932.250,43
09:34:18.38600,1932.250,4
09:34:18.55000,1932.250,7
09:34:18.83200,1932.250,8
09:34:19.12500,1932.250,6
09:34:19.25300,1932.250,1
09:34:19.33200,1932.250,2
09:34:19.92900,1932.250,3
09:34:20.74600,1932.250,6
09:34:21.43700,1932.250,4
09:34:21.64000,1932.250,13
09:34:22.03500,1932.250,2
09:34:22.41400,1932.250,61
09:34:22.46400,1932.250,20
09:34:22.46800,1932.250,3
09:34:22.85900,1932.250,4
09:34:23.16700,1932.250,78
09:34:23.34300,1932.250,12
09:34:23.42900,1932.250,6
09:34:23.64800,1932.250,1
09:34:23.69900,1932.250,33
09:34:23.78500,1932.250,2
09:34:24.30000,1932.250,40
09:34:24.56200,1932.250,1
09:34:24.73400,1932.500,5
09:34:24.81200,1932.250,5
09:34:25.12800,1932.250,43
09:34:25.41700,1932.500,2
09:34:25.48800,1932.500,1
09:34:25.50300,1932.250,2
09:34:25.96000,1932.250,1
09:34:26.43300,1932.250,3
09:34:26.60500,1932.500,5
09:34:27.01900,1932.250,2
09:34:28.01900,1932.250,1
09:34:28.35900,1932.250,1
09:34:28.67100,1932.500,2
09:34:29.07800,1932.500,6
09:34:29.31600,1932.500,1
09:34:30.17900,1932.250,1
09:34:30.26500,1932.500,1
09:34:30.38200,1932.500,274
09:34:30.54600,1932.500,189
09:34:30.77300,1932.500,18
09:34:31.12100,1932.750,20
09:34:31.39400,1932.500,5
09:34:31.93700,1932.750,3
09:34:32.05400,1932.750,1
09:34:32.27300,1932.750,1
09:34:32.58500,1932.500,1
09:34:33.05800,1932.500,1
09:34:33.23400,1932.750,1
09:34:33.92500,1932.750,71
09:34:34.00000,1932.750,33
09:34:34.14800,1932.750,6
09:34:34.32000,1933.000,12
09:34:34.75000,1933.000,6
09:34:35.54200,1933.000,1
09:34:35.77700,1933.000,12
09:34:35.89800,1933.000,2
09:34:36.23400,1933.000,1
09:34:36.52700,1932.750,4
09:34:36.74200,1932.750,1
09:34:37.08900,1932.750,40
09:34:37.46000,1932.750,4
09:34:37.59300,1932.750,1
09:34:37.72200,1932.750,4
09:34:37.90600,1932.750,50
09:34:38.07800,1933.000,5
09:34:38.26500,1933.000,3
09:34:38.56600,1933.000,1
09:34:38.93700,1933.000,121
09:34:38.94500,1933.000,357
09:34:39.11300,1932.750,225
09:34:39.21400,1932.750,46
09:34:39.35100,1932.750,4
09:34:39.70300,1932.750,10
09:34:39.86300,1932.750,1
09:34:40.14400,1932.750,4
09:34:40.52300,1932.750,3
09:34:40.63600,1932.500,1
09:34:40.81600,1932.750,1
09:34:41.18700,1932.750,1
09:34:41.50300,1932.500,45
09:34:42.03900,1932.750,1
09:34:42.14400,1932.500,1
09:34:43.65200,1932.750,1
09:34:43.80400,1932.500,2
09:34:44.39000,1932.750,5
09:34:44.46000,1932.750,1
09:34:44.61700,1932.500,1
09:34:45.03500,1932.750,154
09:34:45.70700,1932.750,1
09:34:45.87500,1933.000,2
09:34:46.71000,1933.000,170
09:34:46.96800,1933.250,73
09:34:47.02300,1933.000,1
09:34:47.75000,1933.250,51
09:34:47.85900,1933.500,28
09:34:47.97200,1933.250,182
09:34:48.12100,1933.250,11
09:34:48.40600,1933.250,21
09:34:48.46400,1933.000,1
09:34:48.76900,1933.250,11
09:34:48.86700,1933.250,1
09:34:48.95300,1933.250,67
09:34:49.07000,1933.250,1
09:34:49.12800,1933.250,3
09:34:49.30400,1933.250,2
09:34:49.58200,1933.250,36
09:34:49.71000,1933.250,22
09:34:49.92900,1933.250,6
09:34:50.17500,1933.250,2
09:34:50.26500,1933.000,38
09:34:50.38200,1933.250,6
09:34:50.53500,1933.250,4
09:34:50.66000,1933.250,6
09:34:50.95300,1933.250,24
09:34:51.22600,1933.250,2
09:34:51.48400,1933.500,4
09:34:51.76500,1933.250,3
09:34:52.51500,1933.250,4
09:34:52.53500,1933.500,1
09:34:53.06200,1933.500,186
09:34:53.10100,1933.750,3
09:34:53.23400,1933.500,1
09:34:53.41000,1933.750,2
09:34:53.54200,1933.750,1
09:34:53.62800,1933.750,2
09:34:53.82800,1934.000,129
09:34:53.91000,1934.000,115
09:34:54.09300,1934.000,3
09:34:54.19100,1934.000,35
09:34:54.29600,1934.000,83
09:34:54.40600,1934.000,13
09:34:54.51500,1933.750,6
09:34:54.56200,1933.750,25
09:34:54.74600,1933.750,5
09:34:55.06200,1934.000,1
09:34:55.35100,1933.750,3
09:34:56.06600,1934.000,1
09:34:56.31600,1934.000,2
09:34:56.41400,1934.000,86
09:34:56.54600,1934.000,1
09:34:56.72200,1934.000,3
09:34:56.89000,1933.750,2
09:34:57.24200,1934.000,2
09:34:57.50700,1934.000,2
09:34:57.76100,1933.750,5
09:34:57.79200,1934.000,1
09:34:58.03900,1933.750,514
09:34:58.28900,1933.750,9
09:34:58.53900,1933.750,2
09:34:58.64400,1933.750,3
09:34:59.40600,1933.750,10
09:34:59.85900,1933.750,2
09:35:00.13200,1933.750,127
09:35:00.37800,1934.000,15
09:35:00.44900,1933.750,13
09:35:00.57800,1934.000,137
09:35:00.57800,1934.000,6
09:35:00.71000,1934.250,73
09:35:00.83200,1934.250,1
09:35:01.03900,1934.250,8
09:35:01.17500,1934.250,36
09:35:01.23400,1934.000,2
09:35:01.37100,1934.000,152
09:35:01.53900,1934.000,32
09:35:01.64000,1933.750,6
09:35:01.71000,1934.000,3
09:35:02.12100,1934.000,5
09:35:02.39400,1934.000,3
09:35:02.41700,1934.000,1
09:35:02.53900,1934.000,4
09:35:02.92900,1934.000,4
09:35:03.28500,1933.750,5
09:35:03.44100,1934.000,133
09:35:03.47600,1934.250,52
09:35:03.69500,1934.250,19
09:35:04.02700,1934.000,10
09:35:04.26500,1934.000,3
09:35:04.35100,1934.000,1
09:35:04.45700,1934.250,2
09:35:04.64000,1934.250,4
09:35:05.46800,1934.000,1
09:35:05.87500,1934.250,7
09:35:06.11300,1934.250,4
09:35:06.40600,1934.250,2
09:35:07.09300,1934.250,61
09:35:07.19100,1934.250,5
09:35:07.34700,1934.500,68
09:35:07.36700,1934.500,2
09:35:07.69500,1934.250,82
09:35:07.74600,1934.000,1
09:35:08.00700,1934.250,1
09:35:08.22600,1934.250,2
09:35:08.29600,1934.250,1
09:35:08.94900,1934.250,18
09:35:08.96000,1934.250,21
09:35:09.42500,1934.250,3
09:35:09.55000,1934.250,3
09:35:09.70700,1934.250,3
09:35:09.94500,1934.000,12
09:35:10.05800,1934.250,5
09:35:10.16400,1934.250,1
09:35:10.42900,1934.250,78
09:35:10.47200,1934.250,18
09:35:10.55400,1934.250,23
09:35:10.70700,1934.500,1
09:35:10.72200,1934.250,3
09:35:10.86700,1934.250,1
09:35:11.12800,1934.250,2
09:35:11.36700,1934.250,3
09:35:11.46400,1934.250,2
09:35:11.82000,1934.250,104
09:35:11.86300,1934.250,8
09:35:12.14400,1934.250,39
09:35:12.39000,1934.250,1
09:35:12.48000,1934.250,1
09:35:12.56200,1934.250,3
09:35:12.94500,1934.250,64
09:35:13.09300,1934.250,7
09:35:13.13200,1934.250,2
09:35:13.23800,1934.250,1
09:35:13.66400,1934.250,5
09:35:13.83500,1934.250,1
09:35:13.97200,1934.500,18
09:35:14.11300,1934.250,1
09:35:14.21000,1934.250,1
09:35:14.26500,1934.250,2
09:35:14.50000,1934.500,1
09:35:14.72600,1934.500,1
09:35:15.03100,1934.250,41
09:35:15.36700,1934.250,1
09:35:15.60100,1934.500,23
09:35:15.89400,1934.250,1
09:35:16.47600,1934.500,49
09:35:16.59700,1934.500,1
09:35:16.75000,1934.500,1
09:35:17.02300,1934.500,13
09:35:17.64800,1934.250,12
09:35:17.96400,1934.500,1
09:35:18.62500,1934.500,1
09:35:18.89000,1934.500,7
09:35:19.68700,1934.500,1
09:35:20.77300,1934.250,3
09:35:20.96800,1934.500,2
09:35:21.21800,1934.500,10
09:35:21.51100,1934.250,2
09:35:21.87800,1934.250,5
09:35:22.26900,1934.250,16
09:35:22.73800,1934.500,2
09:35:23.13600,1934.500,2
09:35:23.35100,1934.500,12
09:35:23.45700,1934.250,46
09:35:24.21800,1934.500,121
09:35:24.66700,1934.250,3
09:35:24.91000,1934.500,7
09:35:25.01500,1934.500,6
09:35:25.08200,1934.500,1
09:35:25.55400,1934.500,14
09:35:25.70300,1934.500,159
09:35:25.71800,1934.500,37
09:35:25.86300,1934.750,9
09:35:26.03500,1934.750,16
09:35:26.19100,1934.750,1
09:35:26.55000,1934.750,4
09:35:27.19500,1934.750,1
09:35:27.51100,1934.750,2
09:35:27.86700,1934.750,1
09:35:28.10100,1934.750,1
09:35:28.50300,1934.500,3
09:35:28.73000,1934.750,11
09:35:29.11700,1934.750,1
09:35:29.17500,1934.750,1
09:35:29.28100,1934.750,1
09:35:29.39800,1934.750,3
09:35:29.80400,1934.750,1
09:35:29.89400,1934.750,1
09:35:30.16000,1934.750,9
09:35:30.43700,1934.750,29
09:35:30.46400,1934.750,1
09:35:30.87500,1934.750,238
09:35:31.19900,1934.750,1
09:35:31.52300,1934.750,68
09:35:31.85500,1934.750,44
09:35:32.03100,1934.750,11
09:35:33.53900,1935.000,87
09:35:33.58500,1935.000,3
09:35:33.61300,1935.000,1
09:35:33.69900,1935.000,1
09:35:33.90200,1935.000,2
09:35:34.02700,1935.000,162
09:35:34.72200,1935.000,3
09:35:35.02300,1935.000,8
09:35:35.25000,1935.000,12
09:35:35.57000,1934.750,337
09:35:35.64800,1934.750,50
09:35:35.65200,1934.750,59
09:35:35.68300,1934.750,29
09:35:35.72600,1935.000,1
09:35:36.39800,1934.750,2
09:35:36.42500,1934.750,1
09:35:36.57800,1934.750,5
09:35:37.08500,1935.000,9
09:35:37.17100,1935.000,90
09:35:37.18300,1934.750,19
09:35:37.76900,1935.000,1
09:35:37.94100,1935.000,137
09:35:38.07000,1935.000,158
09:35:38.15600,1935.000,3
09:35:38.48000,1935.000,2
09:35:38.64800,1935.000,20
09:35:38.70300,1935.000,3
09:35:38.84700,1935.250,299
09:35:38.88200,1935.750,574
09:35:38.91000,1935.750,339
09:35:38.91000,1935.750,11
09:35:46.54600,1935.750,40
09:35:46.54600,1935.750,22
09:35:46.54600,1935.750,18
09:35:46.54600,1935.750,18
09:35:46.54600,1936.000,158
09:35:46.54600,1936.000,292
09:35:46.54600,1936.000,16
09:35:46.54600,1936.000,32
09:35:46.54600,1936.000,41
09:35:46.54600,1936.000,31
09:35:46.54600,1936.000,177
09:35:46.54600,1936.000,75
09:35:46.54600,1936.000,6
09:35:46.54600,1936.000,8
09:35:46.54600,1936.000,10
09:35:46.54600,1936.000,5
09:35:46.54600,1936.000,9
09:35:46.54600,1936.000,3
09:35:46.54600,1936.000,2
09:35:46.54600,1936.000,49
09:35:46.54600,1936.000,3
09:35:46.54600,1936.500,401
09:35:46.54600,1936.500,119
09:35:46.54600,1936.250,50
09:35:46.54600,1936.250,31
09:35:46.54600,1936.000,317
09:35:46.54600,1936.000,115
09:35:46.54600,1936.000,148
09:35:46.54600,1936.000,96
09:35:46.54600,1936.000,50
09:35:46.54600,1936.000,81
09:35:46.54600,1936.250,2
09:35:46.54600,1936.000,7
09:35:46.54600,1936.000,3
09:35:46.54600,1936.250,7
09:35:46.54600,1936.500,281
09:35:46.54600,1936.000,172
09:35:46.54600,1936.250,1
09:35:46.54600,1936.000,39
09:35:46.54600,1936.250,3
09:35:46.54600,1936.250,31
09:35:46.54600,1936.250,23
09:35:46.54600,1936.250,2
09:35:46.54600,1936.250,10
09:35:46.54600,1936.250,8
09:35:46.54600,1936.500,201
09:35:46.54600,1936.250,5
09:35:46.54600,1936.250,11
09:35:46.54600,1936.500,12
09:35:46.54600,1936.500,74
09:35:46.54600,1936.500,123
09:35:46.54600,1936.500,18
09:35:46.54600,1936.500,67
09:35:46.54600,1936.500,8
09:35:46.54600,1936.500,2
09:35:46.54600,1936.500,46
09:35:46.54600,1936.500,28
09:35:46.54600,1936.500,30
09:35:46.54600,1936.500,5
09:35:46.54600,1936.500,3
09:35:46.54600,1936.500,7
09:35:46.54600,1936.750,18
09:35:46.54600,1936.750,6
09:35:46.71400,1936.750,2
09:35:46.92900,1936.500,87
09:35:47.00300,1936.750,57
09:35:47.08500,1936.500,4
09:35:47.28900,1936.500,2
09:35:47.46400,1936.500,209
09:35:47.59700,1936.500,30
09:35:47.68700,1936.500,5
09:35:47.75300,1936.500,114
09:35:47.89800,1936.750,8
09:35:47.96000,1936.750,5
09:35:48.13200,1936.500,24
09:35:48.16700,1936.500,9
09:35:48.26900,1936.500,8
09:35:48.37800,1936.500,10
09:35:48.54600,1936.500,4
09:35:48.66400,1936.750,109
09:35:48.83200,1936.500,1
09:35:49.16000,1936.500,3
09:35:49.22600,1936.750,4
09:35:49.53900,1936.750,5
09:35:49.82400,1936.750,3
09:35:50.07800,1936.750,57
09:35:50.33500,1936.500,3
09:35:50.46000,1936.750,5
09:35:50.55000,1936.500,2
09:35:50.75000,1936.500,1
09:35:50.90600,1936.750,8
09:35:51.03500,1936.750,2
09:35:51.14800,1936.500,1
09:35:51.47200,1936.500,5
09:35:51.66700,1936.500,211
09:35:51.93700,1936.500,13
09:35:52.00000,1936.500,2
09:35:52.08500,1936.500,1
09:35:52.30000,1936.250,1
09:35:52.47600,1936.250,3
09:35:52.61300,1936.500,2
09:35:52.73800,1937.000,443
09:35:52.76100,1937.000,611
09:35:52.78100,1937.000,36
09:35:52.85900,1936.750,4
09:35:53.07000,1936.750,29
09:35:53.22600,1936.750,18
09:35:53.37500,1937.000,11
09:35:53.50000,1936.750,3
09:35:53.71800,1937.000,5
09:35:53.96000,1937.000,81
09:35:54.17900,1937.000,1
09:35:54.32000,1937.000,3
09:35:54.48800,1937.000,84
09:35:54.56200,1937.000,4
09:35:54.65200,1937.000,6
09:35:54.93700,1937.000,17
09:35:55.05800,1937.000,5
09:35:55.16700,1937.000,13
09:35:55.39400,1937.000,125
09:35:55.50300,1937.000,32
09:35:55.58500,1937.000,10
09:35:55.69500,1937.000,1
09:35:56.01900,1937.250,231
09:35:56.03100,1937.250,230
09:35:56.06200,1937.500,632
09:35:56.07000,1937.500,92
09:35:56.07000,1937.500,46
09:35:56.07000,1937.500,44
09:35:56.07000,1937.500,13
09:35:56.07000,1937.500,29
09:35:56.39400,1937.250,39
09:35:56.46000,1937.250,2
09:35:56.69500,1937.500,2
09:35:56.84300,1937.500,9
09:35:57.01500,1937.250,14
09:35:57.10900,1937.250,6
09:35:57.44900,1937.250,55
09:35:57.64800,1937.500,21
09:35:57.94900,1937.250,6
09:35:58.28500,1937.500,5
09:35:58.52700,1937.500,8
09:35:58.78900,1937.500,3
09:35:58.86700,1937.250,20
09:35:58.91400,1937.250,205
09:35:59.08900,1937.250,125
09:35:59.23000,1937.250,52
09:35:59.30000,1937.250,2
09:35:59.44500,1937.250,13
09:35:59.53900,1937.250,12
09:35:59.62100,1937.500,11
09:35:59.75000,1937.250,68
09:35:59.82000,1937.250,38
09:36:00.00000,1937.250,59
09:36:00.03500,1937.250,2
09:36:00.18700,1937.250,6
09:36:00.23000,1937.250,11
09:36:00.45700,1937.000,191
09:36:00.62500,1937.250,2
09:36:00.71400,1937.000,6
09:36:00.95700,1937.500,146
09:36:01.03900,1937.250,1
09:36:01.16400,1937.250,10
09:36:01.29200,1937.250,2
09:36:01.32400,1937.250,14
09:36:01.51900,1937.250,51
09:36:01.74200,1937.250,122
09:36:02.07000,1937.500,161
09:36:02.12800,1937.250,1
09:36:02.18300,1937.250,1
09:36:02.31600,1937.250,14
09:36:02.37100,1937.250,3
09:36:02.53500,1937.250,2
09:36:02.60500,1937.500,2
09:36:02.74200,1937.500,8
09:36:02.81600,1937.500,5
09:36:03.07800,1937.250,1
09:36:03.33200,1937.500,4
09:36:03.55800,1937.500,1
09:36:03.72600,1937.500,3
09:36:04.22600,1937.500,17
09:36:04.51100,1937.250,148
09:36:04.58200,1937.250,1
09:36:04.74200,1937.250,15
09:36:04.79200,1937.250,10
09:36:04.94500,1937.250,9
09:36:05.15600,1937.250,50
09:36:05.25000,1937.250,1
09:36:05.36300,1937.500,3
09:36:05.47200,1937.250,1
09:36:05.64400,1937.250,1
09:36:05.73800,1937.250,1
09:36:05.80000,1937.500,10
09:36:05.91000,1937.250,2
09:36:06.07800,1937.250,4
09:36:06.21400,1937.250,4
09:36:06.29200,1937.500,1
09:36:06.54600,1937.500,11
09:36:06.67900,1937.500,49
09:36:06.73000,1937.500,24
09:36:06.81600,1937.500,1
09:36:06.90600,1937.500,3
09:36:07.09700,1937.500,37
09:36:07.29200,1937.500,4
09:36:07.54600,1937.500,49
09:36:07.80800,1937.500,16
09:36:08.01100,1937.750,7
09:36:08.11300,1937.500,4
09:36:08.58200,1937.500,6
09:36:08.70300,1937.750,220
09:36:08.81200,1937.750,134
09:36:08.93300,1937.750,35
09:36:09.08500,1937.750,15
09:36:09.14400,1937.750,5
09:36:09.27700,1937.750,26
09:36:09.35900,1937.750,4
09:36:09.49200,1937.750,8
09:36:09.58200,1937.750,140
09:36:09.67500,1937.750,21
09:36:09.73000,1937.750,1
09:36:09.89000,1937.750,6
09:36:09.94500,1937.750,6
09:36:10.05000,1937.750,11
09:36:10.28500,1937.750,20
09:36:10.47600,1937.750,9
09:36:10.65200,1937.500,2
09:36:11.11700,1937.750,2
09:36:11.34700,1937.500,173
09:36:11.35100,1937.500,5
09:36:11.56200,1937.500,1
09:36:11.76900,1937.500,24
09:36:11.83900,1937.500,1
09:36:11.93700,1937.500,2
09:36:12.04600,1937.250,5
09:36:12.19100,1937.250,5
09:36:12.48800,1937.500,8
09:36:12.61300,1937.500,1
09:36:12.71800,1937.500,1
09:36:13.08500,1937.250,224
09:36:13.14800,1937.250,169
09:36:13.30400,1937.500,1
09:36:13.53100,1937.500,35
09:36:13.68300,1937.250,1
09:36:14.07400,1937.500,3
09:36:14.32000,1937.250,14
09:36:14.58500,1937.500,43
09:36:14.81200,1937.500,5
09:36:15.05800,1937.250,5
09:36:15.25300,1937.500,7
09:36:15.87100,1937.500,1
09:36:16.05000,1937.250,130
09:36:16.09700,1937.250,1
09:36:16.28500,1937.250,88
09:36:16.37800,1937.250,30
09:36:16.69900,1937.250,7
09:36:16.92900,1937.250,2
09:36:17.10500,1937.250,4
09:36:17.42500,1937.500,2
09:36:17.62800,1937.500,4
09:36:17.76500,1937.250,155
09:36:18.00000,1937.250,2
09:36:18.23000,1937.250,3
09:36:18.43300,1937.500,50
09:36:18.81600,1937.500,170
09:36:18.89800,1937.250,101
09:36:18.93700,1937.250,5
09:36:19.13200,1937.250,2
09:36:19.34300,1937.500,2
09:36:19.45300,1937.250,1
09:36:19.76500,1937.250,1
09:36:20.39400,1937.250,118
09:36:20.39400,1937.250,32
09:36:20.68300,1937.500,4
09:36:20.88600,1937.250,2
09:36:21.02300,1937.500,2
09:36:21.12100,1937.500,1
09:36:21.17500,1937.500,10
09:36:21.33900,1937.250,1
09:36:21.45300,1937.500,1
09:36:21.57000,1937.250,2
09:36:21.62500,1937.250,1
09:36:21.70300,1937.250,3
09:36:21.96800,1937.250,11
09:36:22.11300,1937.250,107
09:36:22.21400,1937.250,42
09:36:22.22600,1937.250,28
09:36:22.48000,1937.250,22
09:36:22.59300,1937.250,38
09:36:22.66700,1937.250,1
09:36:22.71800,1937.250,17
09:36:23.03900,1937.250,15
09:36:23.43300,1937.250,12
09:36:23.60100,1937.250,7
09:36:23.72600,1937.250,3
09:36:23.87100,1937.250,4
09:36:24.36700,1937.250,139
09:36:24.55400,1937.000,47
09:36:25.00700,1937.000,2
09:36:25.32800,1937.000,1
09:36:25.80400,1937.250,13
09:36:26.29200,1937.250,9
09:36:26.87800,1937.000,30
09:36:26.97200,1937.000,27
09:36:27.07400,1937.250,4
09:36:27.30000,1937.000,1
09:36:27.66000,1937.000,6
09:36:28.17100,1937.000,3
09:36:28.38200,1937.000,8
09:36:28.50300,1937.250,2
09:36:28.82400,1937.000,8
09:36:29.18700,1937.000,14
09:36:29.23400,1937.000,1
09:36:29.33200,1937.000,5
09:36:29.44500,1937.000,247
09:36:29.53100,1936.750,73
09:36:29.77300,1937.000,110
09:36:29.80800,1936.750,21
09:36:30.42100,1936.750,3
09:36:30.66700,1936.750,2
09:36:30.85500,1936.750,10
09:36:30.92100,1937.000,4
09:36:31.13600,1936.750,3
09:36:31.26500,1936.750,51
09:36:31.26500,1936.750,4
09:36:31.80800,1936.750,1
09:36:31.94500,1936.750,1
09:36:32.16000,1936.750,1
09:36:32.40200,1937.000,1
09:36:32.60900,1937.000,1
09:36:33.27700,1936.750,6
09:36:33.62800,1936.750,121
09:36:33.66000,1936.750,37
09:36:33.73000,1936.750,8
09:36:34.07000,1936.750,25
09:36:34.36300,1936.750,44
09:36:34.66400,1936.750,12
09:36:34.85500,1937.000,58
09:36:34.87800,1936.750,28
09:36:35.19500,1936.750,50
09:36:35.38200,1936.750,5
09:36:35.54600,1936.750,60
09:36:36.30000,1936.750,3
09:36:36.60100,1936.750,13
09:36:36.68300,1936.750,1
09:36:36.85900,1936.750,7
09:36:37.08500,1936.750,4
09:36:37.17900,1936.750,1
09:36:37.30000,1936.750,3
09:36:37.70700,1936.750,3
09:36:38.18700,1937.000,6
09:36:38.34300,1936.750,1
09:36:38.44900,1936.750,4
09:36:38.94100,1937.000,354
09:36:39.04600,1937.000,2
09:36:39.32400,1936.750,19
09:36:39.81200,1937.000,1
09:36:40.01500,1936.750,1
09:36:40.36300,1936.750,1
09:36:40.89800,1936.750,3
09:36:41.07000,1936.750,1
09:36:41.44900,1936.750,62
09:36:42.05800,1937.000,110
09:36:42.34300,1937.000,132
09:36:42.39800,1937.250,9
09:36:42.52300,1937.000,1
09:36:42.65600,1937.000,84
09:36:42.79600,1937.000,9
09:36:42.85900,1937.000,1
09:36:43.02700,1937.000,21
09:36:43.37800,1937.000,24
09:36:43.78900,1937.000,14
09:36:44.20700,1937.000,1
09:36:44.30000,1937.000,1
09:36:44.55400,1937.000,10
09:36:44.85900,1937.250,11
09:36:45.24600,1937.250,2
09:36:45.33900,1937.000,224
09:36:45.60900,1937.000,130
09:36:45.64000,1937.250,7
09:36:45.78900,1937.250,2
09:36:46.01500,1937.250,1
09:36:46.33200,1937.000,1
09:36:46.54200,1937.000,1
09:36:46.85100,1937.250,10
09:36:47.01100,1937.250,1
09:36:47.64400,1937.000,2
09:36:47.72200,1937.000,50
09:36:47.86300,1937.000,99
09:36:47.87500,1937.000,1
09:36:48.09300,1937.000,1
09:36:48.29200,1937.000,2
09:36:48.38600,1937.000,66
09:36:48.75300,1937.000,54
09:36:49.00700,1936.750,1
09:36:49.32800,1937.000,34
09:36:49.47200,1937.000,32
09:36:49.66700,1937.000,28
09:36:49.79600,1937.000,1
09:36:49.90200,1937.000,2
09:36:50.01500,1937.000,5
09:36:50.71800,1937.000,155
09:36:50.82400,1937.000,1
09:36:50.90600,1937.000,1
09:36:51.08500,1936.750,182
09:36:51.13600,1936.750,1
09:36:51.58200,1936.750,82
09:36:51.58200,1936.750,29
09:36:51.81200,1937.000,58
09:36:52.00000,1937.000,10
09:36:52.29600,1936.750,19
09:36:52.51100,1937.000,40
09:36:52.66000,1936.750,1
09:36:53.00300,1937.000,2
09:36:53.58900,1936.750,3
09:36:53.65200,1936.750,116
09:36:53.73800,1936.750,139
09:36:53.85500,1936.750,43
09:36:54.14000,1936.750,12
09:36:54.22600,1936.750,25
09:36:55.17100,1936.750,63
09:36:55.35100,1937.000,27
09:36:55.71000,1936.750,2
09:36:56.01900,1937.000,1
09:36:56.34300,1937.000,6
09:36:57.04600,1937.000,5
09:36:57.54200,1937.000,6
09:36:57.61700,1936.750,1
09:36:58.16000,1936.750,5
09:36:58.46400,1936.750,1
09:36:59.37500,1936.750,3
09:36:59.41000,1936.750,3
09:36:59.89400,1936.750,1
09:37:00.69100,1937.000,19
09:37:00.71000,1936.750,20
09:37:01.33900,1936.750,1
09:37:01.54200,1936.750,5
09:37:01.82800,1936.750,83
09:37:02.06600,1937.000,1
09:37:02.24600,1936.750,5
09:37:02.59700,1936.750,55
09:37:02.67100,1936.750,7
09:37:02.67100,1936.750,38
09:37:03.01100,1936.750,6
09:37:03.08200,1936.500,1
09:37:03.18300,1936.750,2
09:37:03.36300,1936.750,1
09:37:03.76900,1936.500,1
09:37:03.88200,1936.500,1
09:37:04.07800,1936.750,2
09:37:04.36300,1936.750,211
09:37:04.64000,1936.750,18
09:37:05.07400,1936.750,1
09:37:05.54600,1936.750,3
09:37:06.02300,1937.000,9
09:37:06.87100,1937.000,1
09:37:08.53500,1936.750,56
09:37:08.61700,1936.750,1
09:37:08.90200,1936.750,3
09:37:09.01900,1936.750,1
09:37:09.21000,1936.750,4
09:37:09.25000,1936.750,6
09:37:09.48800,1936.750,27
09:37:09.68300,1937.000,1
09:37:10.08500,1936.750,2
09:37:10.28100,1937.000,2
09:37:10.39000,1936.750,3
09:37:10.56200,1936.750,1
09:37:11.01900,1936.750,138
09:37:11.26900,1937.000,6
09:37:11.30000,1936.750,1
09:37:11.97200,1937.000,1
09:37:12.49200,1936.750,114
09:37:12.56200,1936.750,35
09:37:12.73000,1936.750,2
09:37:13.18300,1936.750,22
09:37:13.71400,1937.000,1
09:37:14.22600,1936.750,12
09:37:14.35100,1936.750,3
09:37:14.73400,1936.750,41
09:37:14.73400,1936.750,8
09:37:15.23000,1936.750,24
09:37:15.50300,1936.750,25
09:37:15.57400,1936.750,19
09:37:15.65200,1936.750,13
09:37:15.75700,1937.000,23
09:37:16.14400,1936.750,9
09:37:16.40200,1936.750,1
09:37:16.49200,1936.750,33
09:37:16.64400,1936.750,15
09:37:16.73800,1936.750,3
09:37:16.94100,1936.750,30
09:37:17.08500,1937.000,1
09:37:17.30400,1937.000,686
09:37:17.31200,1937.000,12
09:37:17.58200,1937.000,1
09:37:17.58900,1937.000,5
09:37:17.95700,1937.500,218
09:37:18.10100,1937.250,19
09:37:18.24600,1937.250,8
09:37:18.28100,1937.250,5
09:37:18.60900,1937.250,4
09:37:18.78100,1937.250,1
09:37:19.21000,1937.250,161
09:37:19.21000,1937.250,48
09:37:19.21400,1937.250,18
09:37:19.41400,1937.250,124
09:37:19.58500,1937.250,268
09:37:20.00000,1937.250,3
09:37:20.15200,1937.250,1
09:37:20.28500,1937.250,67
09:37:20.31200,1937.250,2
09:37:20.48400,1937.250,1
09:37:20.58200,1937.250,2
09:37:21.21000,1937.000,6
09:37:21.74200,1937.250,1
09:37:22.03900,1937.000,3
09:37:22.06600,1937.000,5
09:37:23.49200,1937.250,2
09:37:23.53900,1937.000,375
09:37:23.57400,1937.000,90
09:37:23.79200,1937.250,72
09:37:23.79200,1937.250,35
09:37:23.80800,1937.250,25
09:37:24.28900,1937.250,2
09:37:24.51500,1937.250,3
09:37:24.73000,1937.250,114
09:37:24.80400,1937.250,1
09:37:25.25300,1937.500,1
09:37:25.66700,1937.500,4
09:37:25.76100,1937.250,1
09:37:25.94100,1937.250,1
09:37:26.37500,1937.250,83
09:37:26.42500,1937.000,11
09:37:26.49200,1937.250,2
09:37:26.58900,1937.000,3
09:37:26.94900,1937.000,2
09:37:27.13200,1937.250,1
09:37:27.19900,1937.250,1
09:37:27.29200,1937.250,49
09:37:27.41400,1937.000,8
09:37:27.57800,1937.250,2
09:37:27.66000,1937.250,1
09:37:28.07000,1937.250,20
09:37:28.58200,1937.250,65
09:37:28.74200,1937.250,2
09:37:28.85500,1937.250,51
09:37:29.37500,1937.500,2
09:37:29.54200,1937.250,1
09:37:29.59300,1937.250,30
09:37:29.64000,1937.250,25
09:37:30.08200,1937.500,1
09:37:30.36300,1937.500,5
09:37:30.62100,1937.500,2
09:37:30.68300,1937.500,8
09:37:30.77700,1937.250,1
09:37:31.10100,1937.500,1
09:37:31.54600,1937.250,30
09:37:31.61300,1937.250,38
09:37:32.50000,1937.250,67
09:37:32.76500,1937.500,5
09:37:33.21000,1937.500,1
09:37:33.58500,1937.250,14
09:37:33.66000,1937.500,27
09:37:33.76100,1937.250,69
09:37:34.00700,1937.250,1
09:37:34.16400,1937.000,2
09:37:34.93700,1937.250,1
09:37:35.23400,1937.000,13
09:37:36.52300,1937.000,19
09:37:36.84300,1937.000,89
09:37:37.07800,1937.000,2
09:37:37.77300,1937.250,6
09:37:38.02700,1937.000,4
09:37:39.34300,1937.250,1
09:37:39.53100,1937.250,11
09:37:39.63600,1937.000,10
09:37:39.69900,1937.000,25
09:37:39.76100,1937.000,1
09:37:40.11700,1937.250,82
09:37:40.11700,1937.250,24
09:37:40.22600,1937.250,35
09:37:40.28900,1937.250,17
09:37:40.46800,1937.500,11
09:37:40.68700,1937.250,1
09:37:40.80000,1937.250,1
09:37:41.12800,1937.250,40
09:37:41.86700,1937.250,1
09:37:42.09300,1937.250,35
09:37:42.44500,1937.250,95
09:37:42.46800,1937.250,19
09:37:42.62800,1937.250,6
09:37:43.03100,1937.250,15
09:37:43.30000,1937.250,2
09:37:43.96400,1937.250,4
09:37:44.25000,1937.250,2
09:37:44.53900,1937.250,3
09:37:44.75700,1937.250,1
09:37:45.07800,1937.250,168
09:37:45.28500,1937.000,5
09:37:45.64400,1937.250,2
09:37:46.10100,1937.250,1
09:37:46.18700,1937.250,1
09:37:46.23800,1937.250,46
09:37:46.33500,1937.250,8
09:37:46.64400,1937.250,5
09:37:46.83200,1937.250,23
09:37:47.15200,1937.250,6
09:37:47.33500,1937.250,4
09:37:47.46400,1937.250,19
09:37:47.49600,1937.250,11
09:37:47.75300,1937.250,1
09:37:47.83200,1937.250,6
09:37:48.72200,1937.500,50
09:37:48.96400,1937.500,8
09:37:49.44500,1937.250,1
09:37:49.63600,1937.500,1
09:37:50.39000,1937.500,1
09:37:50.54600,1937.500,147
09:37:50.58200,1937.500,5
09:37:50.66700,1937.500,1
09:37:50.76900,1937.500,15
09:37:51.26900,1937.250,4
09:37:51.69900,1937.500,2
09:37:53.04600,1937.250,2
09:37:53.33500,1937.250,149
09:37:54.21400,1937.250,65
09:37:54.24600,1937.250,2
09:37:54.38600,1937.250,29
09:37:54.47200,1937.250,28
09:37:54.50300,1937.250,1
09:37:54.69500,1937.250,1
09:37:54.88200,1937.500,1
09:37:55.10500,1937.250,33
09:37:55.34700,1937.500,3
09:37:55.53500,1937.250,66
09:37:55.62500,1937.250,56
09:37:56.56600,1937.250,1
09:37:56.92900,1937.250,1
09:37:57.51500,1937.250,70
09:37:57.61300,1937.250,5
09:37:57.77700,1937.250,14
09:37:57.82000,1937.250,1
09:37:58.01900,1937.250,4
09:37:58.52300,1937.250,29
09:37:58.61300,1937.250,1
09:37:58.78900,1937.250,1
09:37:59.55000,1937.250,7
09:37:59.66700,1937.250,2
09:38:00.11700,1937.000,576
09:38:00.40600,1937.000,5
09:38:00.61300,1937.000,13
09:38:00.80800,1937.250,1
09:38:01.08200,1937.000,1
09:38:01.57800,1937.250,150
09:38:01.76500,1937.250,1
09:38:01.88600,1937.250,11
09:38:02.07400,1937.500,2
09:38:02.45700,1937.250,53
09:38:02.56200,1937.500,1
09:38:02.89000,1937.500,4
09:38:03.05800,1937.500,121
09:38:03.16700,1937.500,1
09:38:03.39000,1937.250,2
09:38:03.63600,1937.250,100
09:38:04.17900,1937.500,1
09:38:05.06600,1937.500,14
09:38:05.37800,1937.500,64
09:38:05.71000,1937.500,6
09:38:05.80800,1937.500,220
09:38:05.91700,1937.500,10
09:38:06.08200,1937.500,3
09:38:06.13200,1937.500,8
09:38:06.29600,1937.500,5
09:38:06.50700,1937.500,18
09:38:06.62500,1937.500,8
09:38:06.87500,1937.500,5
09:38:06.90600,1937.500,4
09:38:07.22600,1937.500,13
09:38:07.41700,1937.500,9
09:38:07.77300,1937.500,1
09:38:07.95700,1937.500,4
09:38:08.08200,1937.500,4
09:38:08.25300,1937.750,23
09:38:09.10900,1937.750,2
09:38:09.32800,1937.500,55
09:38:09.76100,1937.500,141
09:38:09.94100,1937.500,22
09:38:10.05800,1937.500,40
09:38:10.24200,1937.500,44
09:38:10.36700,1937.500,9
09:38:10.73000,1937.750,5
09:38:10.87100,1937.500,3
09:38:11.14800,1937.250,179
09:38:11.21000,1937.500,16
09:38:11.31200,1937.500,6
09:38:11.43700,1937.500,1
09:38:11.69100,1937.500,8
09:38:11.92100,1937.500,25
09:38:12.21800,1937.500,2
09:38:12.47600,1937.500,42
09:38:12.74600,1937.250,6
09:38:13.11300,1937.500,13
09:38:13.23400,1937.750,2
09:38:13.36300,1937.500,3
09:38:13.42900,1937.500,21
09:38:13.59700,1937.500,60
09:38:13.66000,1937.750,2
09:38:13.91700,1937.500,6
09:38:14.03500,1937.500,2
09:38:14.10500,1937.500,1
09:38:14.27300,1937.500,11
09:38:14.67900,1937.750,7
09:38:15.25300,1937.500,1
09:38:16.43300,1937.750,3
09:38:16.67900,1937.500,19
09:38:17.29600,1937.750,2
09:38:17.42500,1937.750,2
09:38:17.71400,1937.500,1
09:38:18.13600,1937.750,1
09:38:18.28500,1937.500,223
09:38:18.75300,1937.750,14
09:38:19.41000,1937.750,5
09:38:19.82400,1937.750,1
09:38:20.14000,1937.750,2
09:38:20.40200,1937.500,4
09:38:20.52700,1937.750,1
09:38:21.16400,1937.750,2
09:38:21.31200,1937.500,6
09:38:21.53100,1937.500,3
09:38:22.51900,1937.750,21
09:38:23.29200,1937.500,171
09:38:23.39000,1937.500,17
09:38:23.57800,1937.500,3
09:38:23.76100,1937.500,1
09:38:23.92900,1937.500,51
09:38:23.97200,1937.750,1
09:38:24.13200,1937.500,2
09:38:24.23800,1937.750,20
09:38:24.38200,1937.750,2
09:38:24.85100,1937.750,1
09:38:25.00700,1937.750,1
09:38:25.21000,1937.500,18
09:38:25.54200,1937.500,4
09:38:25.84700,1937.750,5
09:38:26.35100,1937.500,89
09:38:26.66000,1937.500,11
09:38:26.76100,1937.500,5
09:38:27.29600,1937.500,3
09:38:27.59300,1937.500,1
09:38:28.40200,1937.500,79
09:38:28.40600,1937.500,24
09:38:28.50300,1937.500,1
09:38:28.89000,1937.500,50
09:38:29.14400,1937.500,4
09:38:29.27300,1937.500,1
09:38:30.45300,1937.750,1
09:38:30.58900,1937.500,4
09:38:31.02300,1937.500,1
09:38:32.51500,1937.500,7
09:38:32.90600,1937.500,80
09:38:32.93700,1937.500,10
09:38:33.12100,1937.250,3
09:38:33.37800,1937.250,2
09:38:34.25700,1937.500,5
09:38:34.48400,1937.250,1
09:38:35.10100,1937.500,1
09:38:35.31600,1937.250,1
09:38:35.58500,1937.250,1
09:38:36.44500,1937.500,9
09:38:36.79200,1937.500,10
09:38:36.96400,1937.250,23
09:38:38.03500,1937.500,261
09:38:38.27300,1937.500,4
09:38:38.31200,1937.500,6
09:38:38.77300,1937.500,1
09:38:39.32000,1937.750,116
09:38:39.41400,1937.750,1
09:38:40.23000,1938.000,163
09:38:40.25300,1937.750,14
09:38:40.44500,1938.000,2
09:38:40.48000,1937.750,2
09:38:40.58500,1937.750,10
09:38:41.30800,1938.000,5
09:38:41.69100,1937.750,2
09:38:41.87100,1938.000,4
09:38:42.26900,1937.750,25
09:38:42.35900,1937.750,20
09:38:42.39800,1938.000,5
09:38:42.76900,1937.750,16
09:38:43.04200,1938.000,20
09:38:43.10100,1938.000,1
09:38:43.35900,1938.000,1
09:38:43.86300,1938.000,24
09:38:44.05400,1938.000,1
09:38:44.08900,1937.750,2
09:38:44.59300,1938.000,3
09:38:44.86300,1937.750,1
09:38:45.25000,1937.750,2
09:38:45.71000,1938.000,5
09:38:46.53500,1938.000,2
09:38:46.67100,1937.750,513
09:38:46.75000,1937.750,25
09:38:47.06600,1937.500,5
09:38:47.26500,1937.750,3
09:38:47.50300,1937.750,3
09:38:48.27300,1937.750,1
09:38:49.01100,1937.750,3
09:38:49.23000,1937.500,2
09:38:49.39000,1937.500,1
09:38:49.41000,1937.750,1
09:38:49.53500,1937.750,1
09:38:49.94100,1937.750,11
09:38:50.82400,1937.750,3
09:38:51.53100,1937.500,1
09:38:52.03100,1937.500,4
09:38:52.32000,1937.500,1
09:38:52.55400,1937.750,2
09:38:52.80800,1937.500,5
09:38:53.87800,1937.500,128
09:38:53.96000,1937.500,68
09:38:54.08500,1937.500,10
09:38:54.35500,1937.500,2
09:38:54.48400,1937.500,10
09:38:54.53100,1937.500,4
09:38:54.89800,1937.500,5
09:38:55.14800,1937.500,48
09:38:55.25700,1937.750,17
09:38:55.37500,1937.750,55
09:38:55.63600,1937.500,2
09:38:55.84700,1937.500,10
09:38:56.31600,1937.500,2
09:38:56.60100,1937.250,144
09:38:57.20300,1937.250,1
09:38:57.40200,1937.250,1
09:38:57.59300,1937.500,1
09:38:57.73000,1937.500,69
09:38:57.97200,1937.500,76
09:38:58.49600,1937.500,34
09:38:58.60900,1937.500,18
09:38:58.70300,1937.500,2
09:38:59.12800,1937.750,15
09:38:59.27300,1937.500,3
09:38:59.38600,1937.500,18
09:38:59.41400,1937.500,2
09:38:59.55800,1937.250,3
09:38:59.80000,1937.250,1
09:39:00.34300,1937.750,250
09:39:00.36300,1937.750,148
09:39:00.69900,1937.500,5
09:39:01.15200,1937.500,2
09:39:01.49200,1937.500,2
09:39:01.66700,1937.500,1
09:39:02.37800,1937.500,2
09:39:03.16700,1937.500,1
09:39:03.34700,1937.750,1
09:39:03.56600,1937.500,10
09:39:04.01900,1937.750,1
09:39:04.69100,1937.750,13
09:39:04.82400,1937.750,78
09:39:04.90600,1938.000,8
09:39:05.13200,1937.750,41
09:39:05.64000,1938.000,10
09:39:06.09300,1938.000,3
09:39:06.89000,1937.750,73
09:39:07.15200,1937.500,1
09:39:07.31600,1937.750,2
09:39:07.61300,1937.750,1
09:39:08.51100,1937.750,1
09:39:09.27700,1937.750,9
09:39:09.41400,1937.750,2
09:39:09.81600,1937.750,8
09:39:10.15200,1937.500,7
09:39:10.34700,1937.750,68
09:39:10.45300,1937.750,176
09:39:10.52700,1937.750,25
09:39:11.23400,1937.750,88
09:39:11.35500,1937.750,36
09:39:11.49600,1937.750,13
09:39:11.55400,1937.750,1
09:39:11.87800,1937.750,1
09:39:12.05400,1938.000,4
09:39:12.26500,1938.000,3
09:39:12.52300,1938.000,3
09:39:12.90200,1938.000,2
09:39:13.41000,1937.750,4
09:39:13.97200,1938.250,453
09:39:14.21800,1938.250,2
09:39:14.39000,1938.000,23
09:39:14.46400,1938.250,8
09:39:14.66000,1938.250,1
09:39:14.91000,1938.250,1
09:39:14.97200,1938.000,2
09:39:15.17900,1938.250,167
09:39:15.28100,1938.250,198
09:39:15.50300,1938.250,7
09:39:15.58500,1938.000,1
09:39:15.76100,1938.250,1
09:39:16.17900,1938.250,1
09:39:16.63200,1938.250,4
09:39:16.80800,1938.000,14
09:39:16.88200,1938.000,205
09:39:17.21000,1938.000,1
09:39:17.35900,1938.000,40
09:39:17.38200,1938.250,2
09:39:17.62500,1938.000,4
09:39:17.78900,1938.000,43
09:39:17.86300,1938.000,40
09:39:18.03100,1938.250,1
09:39:18.29200,1938.000,32
