09:00:00.18700,1928.750,0
09:00:01.74200,1928.750,9
09:00:01.94900,1928.750,1
09:00:03.55800,1928.500,1
09:00:04.49600,1928.750,27
09:00:05.17500,1928.750,90
09:00:06.01100,1928.750,1
09:00:06.29600,1929.000,20
09:00:07.22600,1929.000,2
09:00:07.60500,1929.000,2
09:00:08.01900,1928.750,8
09:00:08.69100,1928.750,1
09:00:10.47600,1928.750,2
09:00:10.78500,1929.000,2
09:00:11.21400,1929.000,51
09:00:11.76100,1928.750,3
09:00:11.91400,1929.000,1
09:00:12.16700,1929.000,1
09:00:12.65600,1929.000,1
09:00:13.61300,1929.000,1
09:00:13.91000,1929.000,25
09:00:14.10500,1929.250,1
09:00:14.53100,1929.000,1
09:00:15.15600,1929.250,1
09:00:15.76900,1929.250,4
09:00:17.78500,1929.250,1
09:00:19.67500,1929.000,1
09:00:20.39000,1929.000,29
09:00:20.58200,1929.000,1
09:00:21.35900,1929.000,30
09:00:21.87800,1929.000,10
09:00:25.02700,1929.000,11
09:00:25.10100,1929.000,10
09:00:25.51100,1929.000,1
09:00:25.80400,1929.000,19
09:00:25.92900,1928.750,48
09:00:26.05800,1929.000,5
09:00:26.13600,1929.000,13
09:00:27.28100,1929.000,51
09:00:31.19100,1929.000,1
09:00:31.89400,1928.750,2
09:00:35.41400,1929.000,6
09:00:36.45700,1929.000,9
09:00:37.62500,1929.000,20
09:00:37.96000,1929.000,29
09:00:38.64400,1929.000,1
09:00:40.69500,1929.000,41
09:00:43.23800,1928.750,16
09:00:44.41400,1929.000,2
09:00:44.60500,1929.000,1
09:00:44.85900,1929.000,19
09:00:45.54600,1929.250,4
09:00:47.06600,1929.250,4
09:00:47.14800,1929.000,5
09:00:47.50300,1929.000,19
09:00:47.95300,1929.000,1
09:00:48.39400,1929.000,1
09:00:49.43300,1929.000,3
09:00:50.77700,1929.000,2
09:00:51.41400,1929.000,2
09:00:55.37800,1928.750,136
09:00:56.69100,1928.500,1
09:00:57.60500,1928.500,4
09:00:59.17900,1928.500,1
09:01:00.59300,1928.500,111
09:01:00.84700,1928.500,1
09:01:01.20300,1928.500,1
09:01:02.28900,1928.500,24
09:01:03.91000,1928.500,1
09:01:06.09700,1928.750,1
09:01:06.26900,1928.750,20
09:01:06.35100,1928.500,31
09:01:08.78100,1928.500,1
09:01:10.82000,1928.500,39
09:01:11.14000,1928.500,3
09:01:12.65200,1928.250,8
09:01:14.21400,1928.500,55
09:01:14.36300,1928.500,7
09:01:14.66400,1928.500,2
09:01:17.71000,1928.500,3
09:01:23.20300,1928.500,1
09:01:23.88600,1928.500,1
09:01:26.43300,1928.000,120
09:01:26.51100,1928.000,5
09:01:27.16000,1928.250,2
09:01:27.83500,1928.000,1
09:01:29.59700,1928.000,128
09:01:29.90600,1927.750,11
09:01:30.05800,1927.750,1
09:01:30.63600,1928.000,3
09:01:31.58200,1927.750,2
09:01:32.16400,1928.000,1
09:01:32.45300,1928.000,2
09:01:32.66000,1928.000,10
09:01:33.58500,1927.750,2
09:01:33.90200,1928.000,1
09:01:34.48000,1927.750,1
09:01:35.59300,1927.750,1
09:01:35.79600,1928.000,5
09:01:37.21000,1927.750,39
09:01:38.23000,1927.750,4
09:01:39.84700,1927.500,60
09:01:40.70700,1927.500,3
09:01:40.92100,1927.500,4
09:01:41.52300,1927.500,5
09:01:43.00700,1927.500,7
09:01:44.00000,1927.500,2
09:01:44.65600,1927.750,23
09:01:44.79600,1927.750,1
09:01:46.35100,1927.500,41
09:01:46.41000,1927.500,4
09:01:46.52300,1927.750,3
09:01:47.09700,1927.750,1
09:01:47.26100,1927.500,1
09:01:48.02700,1927.750,54
09:01:48.35500,1927.750,28
09:01:54.23800,1928.000,1
09:01:54.54600,1928.000,73
09:01:55.95300,1927.750,1
09:01:57.57800,1928.000,3
09:02:03.67100,1928.000,20
09:02:03.92100,1928.000,7
09:02:04.06200,1928.000,1
09:02:06.84300,1927.750,1
09:02:09.32800,1928.000,2
09:02:10.53900,1927.750,1
09:02:14.18300,1927.750,176
09:02:15.49200,1927.500,46
09:02:15.56200,1927.500,1
09:02:15.80000,1927.750,4
09:02:16.44500,1927.500,1
09:02:17.20700,1927.750,2
09:02:19.73800,1927.750,13
09:02:27.59700,1927.750,36
09:02:27.68700,1927.750,23
09:02:28.32800,1928.000,1
09:02:29.28900,1927.750,1
09:02:29.83200,1927.750,1
09:02:30.69900,1927.750,9
09:02:32.05800,1927.750,12
09:02:36.57000,1928.000,1
09:02:37.03900,1928.000,36
09:02:40.05400,1928.000,7
09:02:44.25000,1928.000,11
09:02:44.83900,1928.000,36
09:02:46.87500,1928.000,14
09:02:47.10500,1928.000,2
09:02:51.03100,1928.000,1
09:02:52.54600,1928.000,27
09:02:54.63200,1928.000,23
09:02:55.57000,1928.000,1
09:02:55.65600,1928.000,13
09:02:56.06200,1928.250,3
09:03:00.95700,1928.500,91
09:03:01.51100,1928.250,3
09:03:02.32800,1928.250,1
09:03:04.27700,1928.250,20
09:03:06.07400,1928.250,2
09:03:06.48000,1928.250,14
09:03:08.21000,1928.000,22
09:03:09.11700,1928.000,13
09:03:12.00700,1928.000,1
09:03:13.20700,1928.000,3
09:03:13.37800,1928.000,11
09:03:14.09700,1928.000,20
09:03:16.04600,1928.000,36
09:03:20.82800,1928.000,15
09:03:21.86300,1928.000,1
09:03:25.71800,1928.000,1
09:03:26.74600,1928.000,20
09:03:30.57800,1928.000,22
09:03:32.25300,1928.250,3
09:03:34.30400,1928.000,19
09:03:35.13600,1928.000,3
09:03:37.82800,1928.000,27
09:03:38.54600,1928.000,1
09:03:40.69500,1928.000,2
09:03:42.85100,1928.000,1
09:03:46.40200,1928.000,15
09:03:49.64000,1928.000,2
09:03:52.73000,1928.000,1
09:03:53.26900,1928.000,1
09:03:55.15200,1927.750,4
09:03:55.42100,1928.000,1
09:04:04.80000,1928.000,77
09:04:06.25000,1928.000,9
09:04:09.69900,1928.000,20
09:04:11.54200,1928.000,5
09:04:13.13600,1928.000,4
09:04:16.93300,1928.000,1
09:04:17.77700,1928.250,35
09:04:22.46400,1928.500,70
09:04:24.66700,1928.250,56
09:04:24.81600,1928.250,1
09:04:25.35500,1928.500,56
09:04:29.86700,1928.500,1
09:04:32.87800,1928.250,54
09:04:34.07000,1928.250,1
09:04:42.60100,1928.250,42
09:04:43.50700,1928.250,1
09:04:44.84300,1928.500,1
09:04:45.67500,1928.500,1
09:04:49.67100,1928.500,4
09:04:50.69100,1928.500,83
09:04:51.40600,1928.250,2
09:04:53.63200,1928.500,1
09:04:55.33200,1928.500,2
09:04:56.26900,1928.000,83
09:05:00.91000,1928.250,5
09:05:04.36300,1928.250,1
09:05:05.58900,1928.250,47
09:05:06.53900,1928.250,4
09:05:06.80000,1928.250,13
09:05:11.89000,1928.000,1
09:05:13.66400,1928.250,1
09:05:15.83500,1928.000,2
09:05:19.94900,1928.500,186
09:05:21.20300,1928.250,1
09:05:22.46400,1928.000,128
09:05:22.97200,1928.000,36
09:05:24.69500,1927.750,11
09:05:28.73800,1927.750,10
09:05:31.94100,1928.000,19
09:05:36.12100,1928.000,11
09:05:40.86700,1927.750,35
09:05:41.30000,1928.000,11
09:05:44.41000,1928.000,3
09:05:45.64000,1928.000,1
09:05:51.56600,1927.750,30
09:05:53.32400,1927.750,1
09:05:53.92100,1928.000,1
09:05:59.06600,1927.750,3
09:06:04.95300,1927.750,25
09:06:05.07800,1927.750,3
09:06:05.25300,1927.750,2
09:06:05.38200,1927.750,1
09:06:07.81200,1928.000,48
09:06:08.14400,1928.000,1
09:06:08.32400,1928.000,2
09:06:09.66700,1928.000,1
09:06:11.32800,1928.000,11
09:06:12.58200,1928.000,1
09:06:13.19500,1928.000,2
09:06:17.03500,1928.000,1
09:06:17.50700,1927.750,12
09:06:18.28500,1927.750,5
09:06:23.17900,1927.750,1
09:06:27.67900,1927.500,43
09:06:27.75300,1927.500,2
09:06:28.28900,1927.750,9
09:06:29.13600,1927.750,12
09:06:31.57800,1927.750,14
09:06:32.77700,1927.750,2
09:06:36.46400,1928.000,1
09:06:37.08200,1927.750,5
09:06:39.33500,1927.750,1
09:06:39.94900,1928.000,1
09:06:42.18700,1927.750,3
09:06:42.59300,1927.750,6
09:06:43.10900,1927.750,9
09:06:46.07000,1927.750,21
09:06:46.44900,1927.750,1
09:06:46.62800,1927.750,2
09:06:47.76500,1927.500,48
09:06:47.83200,1927.500,14
09:06:49.23400,1927.750,4
09:06:49.32800,1927.750,27
09:06:53.93300,1927.750,3
09:06:54.72200,1927.750,21
09:07:01.11700,1927.750,133
09:07:08.00700,1928.000,5
09:07:09.33900,1928.000,1
09:07:09.47600,1927.750,1
09:07:10.44900,1927.750,12
09:07:11.88200,1928.000,1
09:07:17.84700,1928.000,1
09:07:19.25000,1928.000,92
09:07:19.52700,1928.000,2
09:07:19.70700,1928.000,18
09:07:20.72200,1928.000,7
09:07:21.29200,1928.000,1
09:07:22.17100,1928.000,35
09:07:25.55800,1928.250,2
09:07:27.63200,1928.000,6
09:07:28.06200,1928.000,1
09:07:31.51500,1928.000,1
09:07:39.24200,1927.750,3
09:07:40.91700,1927.750,2
09:07:42.73800,1927.750,1
09:07:42.92100,1927.750,2
09:07:48.17900,1927.750,44
09:07:48.24200,1927.750,11
09:07:48.40200,1927.750,31
09:07:51.10100,1927.750,3
09:07:52.14800,1927.750,5
09:07:52.55800,1927.750,11
09:07:55.44100,1927.750,52
09:07:55.80000,1927.750,1
09:07:57.33500,1927.750,106
09:08:00.76500,1927.750,75
09:08:02.26500,1927.500,1
09:08:02.44900,1927.500,2
09:08:02.95300,1927.750,1
09:08:04.34700,1927.750,1
09:08:05.16000,1927.750,1
09:08:05.22200,1927.750,21
09:08:06.00000,1927.750,7
09:08:07.25000,1927.500,26
09:08:09.15600,1927.500,1
09:08:14.08500,1927.500,1
09:08:17.01900,1927.500,2
09:08:23.09700,1927.500,1
09:08:24.71000,1927.750,48
09:08:25.61700,1927.750,5
09:08:28.67900,1927.500,2
09:08:34.20300,1927.500,2
09:08:34.80000,1927.500,1
09:08:41.71800,1927.500,1
09:08:43.39000,1927.500,1
09:08:45.41400,1927.750,1
09:08:49.61300,1927.750,44
09:08:50.42900,1927.750,1
09:08:54.80400,1927.750,2
09:08:55.81600,1927.250,200
09:08:56.08200,1927.500,11
09:08:56.09700,1927.500,2
09:08:57.02300,1927.500,3
09:08:57.50000,1927.500,2
09:08:57.87500,1927.250,1
09:08:58.25000,1927.500,3
09:08:59.76900,1927.500,1
09:09:00.62500,1927.500,55
09:09:01.26500,1927.250,1
09:09:01.82400,1927.500,15
09:09:02.27300,1927.500,1
09:09:02.90200,1927.750,2
09:09:03.38600,1927.500,1
09:09:04.36300,1927.750,1
09:09:05.18300,1927.500,1
09:09:08.28900,1927.500,1
09:09:08.74200,1927.500,1
09:09:09.56600,1927.500,1
09:09:09.72200,1927.500,1
09:09:10.76900,1927.750,1
09:09:11.06600,1927.500,2
09:09:12.78500,1927.500,2
09:09:14.35900,1927.500,1
09:09:14.87100,1927.750,1
09:09:22.22600,1927.750,1
09:09:23.63600,1927.500,1
09:09:26.56200,1927.500,68
09:09:26.96400,1927.500,2
09:09:30.41400,1927.250,1
09:09:32.56200,1927.250,2
09:09:36.82400,1927.500,1
09:09:38.10900,1927.250,90
09:09:38.67500,1927.250,1
09:09:39.28100,1927.250,1
09:09:40.61700,1927.250,4
09:09:41.80000,1927.250,11
09:09:41.89000,1927.000,16
09:09:42.90600,1927.000,6
09:09:43.89400,1927.000,1
09:09:46.53900,1927.250,1
09:09:47.10100,1927.000,1
09:09:47.27700,1927.000,1
09:09:49.00700,1927.000,1
09:09:50.34700,1927.250,3
09:09:50.88600,1927.000,1
09:09:52.22600,1927.250,26
09:09:52.65600,1927.000,10
09:10:01.39800,1927.000,50
09:10:02.48800,1927.000,1
09:10:02.82800,1927.000,6
09:10:04.33500,1927.000,3
09:10:05.04200,1927.000,1
09:10:05.96800,1927.000,1
09:10:06.07400,1927.000,1
09:10:06.19900,1927.250,1
09:10:06.39400,1927.250,158
09:10:10.00300,1927.000,10
09:10:10.51100,1927.000,2
09:10:21.42100,1927.250,338
09:10:21.48000,1927.250,1
09:10:21.71800,1927.250,26
09:10:21.95300,1927.250,1
09:10:22.29200,1927.500,6
09:10:24.10500,1927.250,1
09:10:26.09700,1927.250,1
09:10:26.34300,1927.250,5
09:10:31.78900,1927.250,1
09:10:33.00300,1927.250,26
09:10:33.91000,1927.500,1
09:10:37.33500,1927.500,1
09:10:38.91700,1927.500,74
09:10:42.66000,1927.500,1
09:10:43.12100,1927.500,2
09:10:46.68700,1927.500,1
09:10:47.86700,1927.500,2
09:10:48.15600,1927.500,5
09:10:48.63600,1927.500,1
09:10:50.53900,1927.500,5
09:10:58.95300,1927.500,1
09:11:03.94900,1927.500,5
09:11:04.73400,1927.500,1
09:11:08.29600,1927.250,1
09:11:09.36300,1927.500,1
09:11:10.55400,1927.500,1
09:11:13.63600,1927.250,2
09:11:14.57400,1927.500,169
09:11:14.91400,1927.500,1
09:11:15.60900,1927.500,1
09:11:16.05000,1927.750,4
09:11:22.80400,1927.750,2
09:11:23.67900,1927.750,1
09:11:25.54600,1927.750,1
09:11:26.22600,1927.500,3
09:11:26.65600,1927.500,1
09:11:28.48800,1927.750,2
09:11:31.46400,1927.500,1
09:11:34.67900,1927.750,2
09:11:36.26500,1927.500,1
09:11:39.70700,1927.500,22
09:11:40.11300,1927.500,17
09:11:40.81600,1927.500,1
09:11:43.49200,1927.500,3
09:11:46.56200,1927.750,1
09:11:46.96000,1927.500,1
09:11:49.10900,1927.500,36
09:11:59.01100,1927.500,1
09:12:04.85900,1927.750,28
09:12:06.82800,1927.500,16
09:12:07.12100,1927.500,23
09:12:07.41400,1927.500,15
09:12:07.67500,1927.500,11
09:12:16.44900,1927.250,1
09:12:16.85900,1927.250,1
09:12:24.92100,1927.250,2
09:12:25.17500,1927.250,2
09:12:25.80400,1927.250,113
09:12:25.83200,1927.000,1
09:12:31.05800,1927.000,1
09:12:38.10900,1927.250,47
09:12:41.36700,1927.250,36
09:12:41.73000,1927.000,1
09:12:45.92500,1927.000,19
09:12:47.34700,1927.000,3
09:12:57.37800,1927.000,1
09:13:04.36700,1927.250,3
09:13:06.13200,1927.000,1
09:13:06.32000,1927.000,19
09:13:07.47200,1927.250,1
09:13:16.03500,1927.250,10
09:13:17.11700,1927.000,1
09:13:17.43300,1927.000,104
09:13:17.63600,1927.000,5
09:13:17.68300,1927.000,4
09:13:18.77300,1927.000,6
09:13:19.56600,1927.000,1
09:13:20.23000,1927.000,1
09:13:20.46000,1927.000,15
09:13:21.09300,1926.750,23
09:13:21.80400,1927.000,1
09:13:22.29200,1927.000,1
09:13:22.55400,1926.750,1
09:13:23.35500,1927.000,6
09:13:24.05400,1927.000,2
09:13:25.43700,1927.000,10
09:13:26.37100,1926.750,29
09:13:30.25300,1927.000,13
09:13:32.84300,1926.750,60
09:13:33.76900,1926.750,1
09:13:34.53900,1926.750,1
09:13:40.09700,1926.750,1
09:13:41.68300,1926.750,4
09:13:45.14000,1927.000,9
09:13:45.69500,1926.750,1
09:13:46.42900,1926.750,41
09:13:46.45300,1926.750,5
09:13:49.25000,1927.000,1
09:13:52.00700,1926.750,2
09:13:53.11300,1926.750,25
09:13:54.69100,1927.000,135
09:13:54.73800,1927.000,1
09:13:55.80000,1927.250,1
09:14:01.77300,1927.000,7
09:14:03.75000,1927.000,4
09:14:04.19100,1927.250,1
09:14:05.34300,1927.250,5
09:14:05.83500,1927.250,2
09:14:09.37100,1927.250,1
09:14:09.56200,1927.250,13
09:14:16.96000,1927.000,1
09:14:21.92500,1927.250,6
09:14:23.15600,1927.250,2
09:14:23.89800,1927.250,1
09:14:25.33900,1927.250,2
09:14:27.39000,1927.250,3
09:14:28.00000,1927.000,5
09:14:30.71000,1927.250,2
09:14:32.33200,1927.000,2
09:14:32.70700,1927.250,5
09:14:33.19500,1927.250,4
09:14:34.11700,1927.250,141
09:14:36.68300,1927.250,1
09:14:38.96000,1927.000,1
09:14:39.69100,1927.000,5
09:14:41.41700,1927.250,5
09:14:44.76900,1927.250,1
09:14:46.41000,1927.000,102
09:14:47.19500,1927.000,33
09:14:47.58500,1927.000,1
09:14:49.24200,1927.000,1
09:14:55.72600,1927.000,3
09:14:56.14400,1927.000,1
09:14:59.37500,1927.000,1
09:15:00.70700,1927.250,14
09:15:01.56600,1927.000,69
09:15:02.76500,1926.750,1
09:15:04.01100,1927.000,3
09:15:04.52700,1926.750,1
09:15:05.52700,1927.000,1
09:15:05.75300,1926.750,3
09:15:06.49200,1927.000,5
09:15:08.76100,1927.000,2
09:15:10.37500,1927.000,3
09:15:12.92100,1927.000,121
09:15:13.19500,1927.000,4
09:15:14.10100,1927.000,7
09:15:15.69500,1927.000,1
09:15:19.25000,1927.000,1
09:15:20.96400,1927.000,1
09:15:23.39000,1927.000,2
09:15:23.83200,1927.000,5
09:15:24.69100,1927.250,4
09:15:24.82400,1927.250,1
09:15:27.33500,1927.000,135
09:15:27.42100,1927.250,4
09:15:27.76500,1927.250,57
09:15:28.10500,1927.250,3
09:15:28.12500,1927.250,1
09:15:28.68300,1927.500,1
09:15:34.72600,1927.500,2
09:15:39.89800,1927.500,4
09:15:43.58500,1927.000,77
09:15:45.89800,1927.250,79
09:15:46.19500,1927.500,16
09:15:48.52300,1927.250,5
09:15:49.85900,1927.250,1
09:15:50.15600,1927.250,2
09:15:51.59300,1927.500,1
09:15:51.97200,1927.250,1
09:15:52.19100,1927.250,1
09:15:54.67500,1927.250,2
09:15:57.46400,1927.250,36
09:16:02.55400,1927.000,2
09:16:04.20300,1927.000,3
09:16:08.35900,1927.250,1
09:16:08.69100,1927.250,82
09:16:09.07400,1927.250,1
09:16:09.37800,1927.500,1
09:16:10.68700,1927.250,1
09:16:15.87800,1927.500,47
09:16:22.60900,1927.500,1
09:16:25.67500,1927.500,1
09:16:26.01100,1927.750,1
09:16:26.66000,1927.750,1
09:16:27.09300,1927.500,1
09:16:29.25300,1927.500,3
09:16:32.32800,1927.500,1
09:16:34.14000,1927.750,5
09:16:35.37800,1927.500,1
09:16:36.65600,1927.750,3
09:16:38.16400,1927.750,73
09:16:42.44500,1927.750,1
09:16:44.08900,1927.500,1
09:16:45.43300,1927.750,1
09:16:46.03900,1927.750,1
09:16:52.68700,1927.750,1
09:16:54.53100,1927.500,1
09:16:54.91400,1927.750,94
09:16:56.45700,1927.750,2
09:16:56.69900,1927.750,1
09:16:57.42500,1927.750,4
09:16:58.06200,1927.750,1
09:16:59.17500,1927.750,1
09:16:59.86700,1927.500,2
09:17:01.51900,1927.750,2
09:17:02.02700,1927.750,1
09:17:03.44100,1927.750,2
09:17:03.77700,1927.750,1
09:17:04.37800,1927.750,1
09:17:04.94900,1927.750,2
09:17:05.68300,1927.750,1
09:17:09.76500,1927.750,1
09:17:10.32000,1927.750,1
09:17:12.69500,1927.500,1
09:17:13.78500,1927.750,3
09:17:14.71400,1927.750,1
09:17:17.71400,1927.750,3
09:17:21.79600,1927.750,3
09:17:22.81200,1927.750,3
09:17:23.14400,1927.500,122
09:17:23.22600,1927.500,1
09:17:23.76900,1927.750,1
09:17:24.78500,1927.500,40
09:17:25.12800,1927.750,10
09:17:25.28900,1927.750,1
09:17:25.85900,1927.750,50
09:17:28.73800,1927.750,1
09:17:31.36300,1927.750,6
09:17:34.65200,1927.750,1
09:17:34.73800,1927.500,2
09:17:41.19500,1927.750,1
09:17:46.52300,1927.750,60
09:17:46.60900,1927.750,2
09:17:46.72200,1927.750,1
09:17:47.27700,1927.750,1
09:17:47.36300,1927.750,18
09:17:48.41700,1927.750,24
09:17:48.67900,1927.750,4
09:17:55.69900,1928.000,421
09:17:59.43700,1928.000,1
09:18:02.58900,1928.000,3
09:18:04.39000,1928.000,1
09:18:07.20700,1927.750,12
09:18:08.64800,1928.000,1
09:18:08.94100,1927.750,1
09:18:09.33900,1927.750,80
09:18:09.92500,1928.000,1
09:18:10.84700,1928.000,2
09:18:11.91400,1928.000,1
09:18:14.29600,1928.000,1
09:18:16.07800,1928.000,1
09:18:16.82000,1928.000,1
09:18:18.51900,1928.000,1
09:18:20.08200,1928.000,1
09:18:20.27300,1928.000,95
09:18:20.43300,1928.000,21
09:18:20.53100,1928.000,2
09:18:20.94500,1928.000,8
09:18:21.05400,1928.000,4
09:18:22.15600,1928.000,2
09:18:25.07000,1928.000,1
09:18:26.47200,1927.750,14
09:18:26.53100,1927.750,1
09:18:27.80000,1928.000,1
09:18:34.28100,1928.000,1
09:18:35.84300,1928.000,1
09:18:37.05000,1928.000,2
09:18:40.84300,1928.000,10
09:18:41.15600,1928.000,1
09:18:44.58500,1928.000,1
09:18:44.92900,1927.750,73
09:18:45.54200,1928.000,15
09:18:46.19500,1927.750,2
09:18:46.59700,1927.750,4
09:18:47.08200,1927.750,42
09:18:47.46400,1927.750,1
09:18:48.16700,1927.750,13
09:18:48.32800,1927.750,1
09:18:49.02700,1927.750,1
09:18:53.41700,1927.750,1
09:18:56.53500,1927.750,8
09:18:56.94100,1927.750,10
09:18:57.62500,1927.750,5
09:18:57.79600,1927.750,1
09:18:59.63200,1927.750,1
09:19:04.39000,1928.000,12
09:19:04.80400,1928.000,2
09:19:05.60100,1927.750,1
09:19:06.74600,1927.750,58
09:19:06.79200,1927.750,17
09:19:06.91700,1927.500,3
09:19:07.17500,1927.750,16
09:19:07.88600,1927.750,7
09:19:09.68700,1927.750,1
09:19:11.74600,1927.500,1
09:19:13.19900,1927.750,1
09:19:14.77300,1927.750,1
09:19:19.29600,1927.750,1
09:19:19.46000,1927.500,1
09:19:20.71400,1927.750,1
09:19:22.92900,1927.750,1
09:19:26.85100,1927.500,66
09:19:28.19900,1927.500,3
09:19:28.53100,1927.500,13
09:19:29.57000,1927.500,30
09:19:31.12800,1927.250,6
09:19:31.18300,1927.500,4
09:19:31.27700,1927.500,4
09:19:31.41700,1927.500,4
09:19:32.28900,1927.500,63
09:19:32.61700,1927.750,89
09:19:38.01500,1927.500,1
09:19:38.93300,1927.750,89
09:19:41.78500,1927.750,2
09:19:42.49200,1927.750,5
09:19:44.75000,1927.750,10
09:19:45.46800,1927.750,1
09:19:52.74600,1927.500,89
09:19:54.16000,1927.500,2
09:19:54.49200,1927.750,3
09:19:56.25000,1927.500,97
09:19:59.64800,1927.500,37
09:19:59.71000,1927.500,6
09:20:00.47200,1927.500,15
09:20:00.67500,1927.500,2
09:20:00.87100,1927.750,2
09:20:01.19100,1927.500,1
09:20:01.46800,1927.750,12
09:20:03.69500,1927.750,1
09:20:04.44100,1927.750,4
09:20:07.07000,1927.500,43
09:20:07.14000,1927.500,3
09:20:09.31200,1927.750,2
09:20:10.19500,1927.500,1
09:20:10.70700,1927.500,7
09:20:11.88600,1927.500,5
09:20:12.03900,1927.750,1
09:20:14.36700,1927.500,2
09:20:15.45300,1927.500,1
09:20:15.73800,1927.500,1
09:20:16.05800,1927.500,1
09:20:16.28100,1927.500,2
09:20:16.60100,1927.500,1
09:20:19.14000,1927.500,16
09:20:19.85500,1927.500,1
09:20:23.47600,1927.500,38
09:20:26.08900,1927.500,2
09:20:26.38600,1927.250,8
09:20:27.40600,1927.250,110
09:20:29.37800,1927.250,2
09:20:30.69500,1927.250,13
09:20:33.18700,1927.250,15
09:20:33.88600,1927.250,4
09:20:33.97200,1927.000,1
09:20:35.17100,1927.250,1
09:20:35.35500,1927.000,1
09:20:37.03100,1927.250,1
09:20:38.91000,1927.250,4
09:20:39.71800,1927.250,6
09:20:41.01100,1927.250,4
09:20:43.25700,1927.000,1
09:20:47.13200,1927.000,64
09:20:47.47600,1927.000,1
09:20:51.36700,1927.250,6
09:20:52.67500,1927.000,1
09:20:55.14800,1927.250,3
09:20:55.88600,1927.250,1
09:20:59.33500,1927.000,1
09:21:03.97200,1927.250,3
09:21:04.14000,1927.250,1
09:21:05.07800,1927.000,2
09:21:06.72600,1927.250,1
09:21:09.39800,1927.250,1
09:21:09.56600,1927.250,33
09:21:09.94500,1927.000,97
09:21:12.21400,1927.000,2
09:21:17.60500,1927.000,2
09:21:20.03500,1926.750,1
09:21:20.97200,1926.750,30
09:21:21.34300,1926.750,1
09:21:24.07400,1926.750,3
09:21:24.88600,1927.000,3
09:21:26.12100,1927.000,32
09:21:26.27700,1927.000,1
09:21:26.55800,1927.000,1
09:21:27.07800,1927.000,1
09:21:27.45700,1927.000,20
09:21:28.42500,1926.750,1
09:21:30.01900,1927.000,11
09:21:31.01900,1927.250,160
09:21:31.39800,1927.250,1
09:21:31.70300,1927.250,2
09:21:32.15600,1927.250,1
09:21:36.36300,1927.250,45
09:21:36.50300,1927.000,10
09:21:37.44500,1927.250,7
09:21:39.52700,1927.250,4
09:21:39.82000,1927.250,26
09:21:40.96400,1927.250,14
09:21:41.35100,1927.250,2
09:21:41.51100,1927.250,1
09:21:42.69900,1927.250,2
09:21:44.54600,1927.250,2
09:21:48.70300,1927.250,1
09:21:53.31200,1927.250,1
09:21:57.07800,1927.250,16
09:21:57.21000,1927.250,2
09:21:59.26900,1927.250,22
09:22:09.28500,1927.250,2
09:22:09.46400,1927.250,8
09:22:10.15200,1927.250,2
09:22:11.58200,1927.250,1
09:22:11.80400,1927.250,1
09:22:12.44500,1927.250,18
09:22:12.83200,1927.250,6
09:22:13.08900,1927.250,5
09:22:14.08900,1927.250,19
09:22:14.73000,1927.250,3
09:22:16.38200,1927.250,1
09:22:19.75300,1927.250,2
09:22:21.23800,1927.250,1
09:22:21.37500,1927.250,17
09:22:23.48400,1927.250,2
09:22:24.63600,1927.250,5
09:22:25.48400,1927.500,16
09:22:26.14800,1927.250,2
09:22:32.53500,1927.250,2
09:22:33.67100,1927.250,1
09:22:34.73000,1927.250,1
09:22:35.58500,1927.500,2
09:22:35.94500,1927.500,1
09:22:36.10900,1927.500,1
09:22:36.32000,1927.250,1
09:22:36.59300,1927.250,1
09:22:37.00700,1927.250,1
09:22:37.84300,1927.250,1
09:22:39.51500,1927.250,1
09:22:44.32800,1927.250,6
09:22:45.17100,1927.500,3
09:22:49.03500,1927.250,39
09:22:49.53100,1927.000,1
09:22:50.21800,1927.000,1
09:22:50.80400,1927.000,2
09:22:51.19500,1927.250,1
09:22:51.85100,1927.000,76
09:22:52.36700,1927.000,1
09:22:54.23000,1927.000,10
09:22:56.56200,1926.750,2
09:22:58.20300,1927.000,1
09:22:59.48000,1926.750,4
09:23:02.05400,1926.750,2
09:23:02.23800,1927.000,1
09:23:02.48400,1927.000,2
09:23:03.16000,1927.000,6
09:23:04.30400,1927.000,1
09:23:06.17900,1927.000,51
09:23:07.86700,1927.000,52
09:23:08.07800,1927.000,1
09:23:08.82400,1927.000,20
09:23:09.67100,1927.000,9
09:23:11.61700,1927.000,1
09:23:14.06600,1927.000,1
09:23:17.32000,1927.000,2
09:23:17.53500,1927.000,1
09:23:20.70700,1927.000,10
09:23:22.07000,1927.000,2
09:23:23.78500,1927.000,17
09:23:24.14400,1927.000,1
09:23:25.54600,1927.000,1
09:23:26.03100,1927.000,10
09:23:26.62100,1927.250,10
09:23:29.92900,1927.000,4
09:23:32.01100,1927.000,36
09:23:37.14400,1926.750,1
09:23:40.67900,1927.000,8
09:23:41.41400,1927.000,1
09:23:44.57400,1927.000,9
09:23:45.53900,1927.000,7
09:23:46.69500,1927.000,6
09:23:47.25300,1927.000,1
09:23:48.60500,1927.000,1
09:23:49.11700,1927.000,6
09:23:50.87800,1927.000,2
09:23:51.17100,1927.000,2
09:23:51.46400,1927.000,5
09:23:54.21000,1927.000,13
09:23:54.60900,1927.000,1
09:23:55.48000,1927.250,10
09:23:55.77700,1927.000,14
09:23:56.87500,1926.750,1
09:23:57.35500,1927.000,1
09:24:00.00300,1927.000,3
09:24:00.47200,1926.750,1
09:24:01.75000,1926.750,2
09:24:02.56200,1927.000,1
09:24:03.81200,1927.000,4
09:24:03.83500,1927.000,1
09:24:04.08500,1927.000,1
09:24:04.80800,1927.000,2
09:24:06.58500,1926.750,1
09:24:08.17100,1927.000,2
09:24:08.28900,1927.000,2
09:24:08.66700,1927.000,15
09:24:10.06600,1927.000,4
09:24:10.32800,1927.000,3
09:24:10.43300,1927.000,1
09:24:11.08200,1927.000,8
09:24:11.30000,1927.000,7
09:24:11.63200,1927.000,2
09:24:12.73400,1927.000,1
09:24:14.34700,1927.000,9
09:24:14.55800,1927.000,1
09:24:14.74600,1927.000,1
09:24:15.01500,1927.000,4
09:24:15.08500,1927.000,1
09:24:15.18300,1927.000,1
09:24:15.64800,1927.000,1
09:24:16.67500,1927.000,3
09:24:16.76100,1927.000,1
09:24:18.14400,1926.750,1
09:24:18.68700,1927.000,4
09:24:19.51900,1927.250,11
09:24:20.96800,1927.000,5
09:24:25.54600,1927.000,5
09:24:26.37800,1927.250,40
09:24:28.83500,1927.000,1
09:24:31.01900,1927.250,5
09:24:31.90200,1927.250,1
09:24:41.18300,1927.250,2
09:24:46.29200,1927.250,11
09:24:46.46800,1927.000,14
09:24:46.53100,1927.000,2
09:24:47.87800,1927.000,77
09:24:49.91000,1927.000,2
09:24:50.09700,1927.000,1
09:24:50.37500,1927.250,1
09:24:51.17900,1927.250,1
09:24:53.81600,1927.000,1
09:24:54.83500,1927.000,1
09:24:55.68700,1927.000,1
09:24:58.21400,1927.000,1
09:24:58.84300,1927.250,10
09:25:00.22600,1927.000,2
09:25:00.46400,1927.000,2
09:25:00.49600,1927.250,10
09:25:06.59300,1927.000,2
09:25:06.71000,1927.000,11
09:25:06.77300,1927.000,1
09:25:08.19500,1927.250,1
09:25:09.18700,1927.250,1
09:25:09.26500,1927.250,1
09:25:09.91400,1927.250,3
09:25:10.84300,1927.250,1
09:25:19.39400,1927.250,1
09:25:24.19100,1927.250,10
09:25:25.61700,1927.000,1
09:25:26.10500,1927.000,150
09:25:26.55000,1926.750,3
09:25:26.73400,1927.000,1
09:25:26.82400,1926.750,1
09:25:26.87800,1926.750,8
09:25:26.94500,1926.750,3
09:25:30.81600,1927.000,1
09:25:31.25700,1927.000,1
09:25:33.67900,1927.000,2
09:25:37.02300,1926.750,1
09:25:39.56200,1927.000,1
09:25:39.89800,1926.250,1189
09:25:40.01900,1926.250,12
09:25:40.67100,1926.250,4
09:25:40.83500,1926.250,1
09:25:41.03500,1926.250,1
09:25:41.21000,1926.250,1
09:25:41.93700,1926.250,2
09:25:42.15200,1926.250,1
09:25:42.26500,1926.250,1
09:25:42.61300,1926.250,99
09:25:42.76500,1926.250,1
09:25:42.94100,1926.250,1
09:25:44.69100,1926.250,2
09:25:45.23400,1926.250,95
09:25:46.17500,1926.500,1
09:25:46.80400,1926.250,7
09:25:47.07000,1926.250,2
09:25:47.13200,1926.250,23
09:25:47.19900,1926.000,27
09:25:47.33900,1926.000,27
09:25:47.96400,1926.000,45
09:25:48.11300,1926.000,1
09:25:48.39000,1926.250,5
09:25:48.52700,1926.000,6
09:25:48.65200,1926.000,5
09:25:49.05800,1926.000,1
09:25:49.37800,1926.250,2
09:25:50.03500,1926.250,28
09:25:50.25300,1926.250,1
09:25:50.54200,1926.250,1
09:25:50.68700,1926.250,1
09:25:51.51100,1926.250,34
09:25:51.77700,1926.250,1
09:25:51.88600,1926.250,1
09:25:52.00700,1926.250,6
09:25:52.85900,1926.250,2
09:25:53.20300,1926.250,1
09:25:53.63600,1926.250,16
09:25:53.94500,1926.250,5
09:25:54.85100,1926.250,1
09:25:55.10900,1926.250,1
09:25:58.27700,1926.250,1
09:25:58.93700,1926.500,12
09:25:59.17500,1926.500,1
09:25:59.92500,1926.250,3
09:26:00.78500,1926.250,28
09:26:01.13600,1926.250,1
09:26:02.35900,1926.250,2
09:26:03.45300,1926.500,1
09:26:03.79600,1926.500,1
09:26:04.33200,1926.250,1
09:26:04.93700,1926.250,1
09:26:05.70700,1926.500,1
09:26:06.01900,1926.250,3
09:26:07.04600,1926.500,3
09:26:07.51100,1926.250,3
09:26:09.14400,1926.250,2
09:26:10.02300,1926.500,1
09:26:10.66700,1926.500,97
09:26:11.00700,1926.500,1
09:26:11.27700,1926.500,1
09:26:11.46800,1926.500,2
09:26:11.55800,1926.500,1
09:26:11.64800,1926.500,1
09:26:12.02700,1926.250,3
09:26:14.68700,1926.250,1
09:26:15.33200,1926.250,1
09:26:15.60900,1926.250,2
09:26:17.16700,1926.250,1
09:26:19.15200,1926.500,1
09:26:19.82400,1926.250,20
09:26:20.72200,1926.500,111
09:26:21.80800,1926.750,1
09:26:22.14400,1926.750,2
09:26:23.94100,1926.750,1
09:26:24.60500,1926.750,1
09:26:24.96400,1926.750,10
09:26:25.10100,1926.750,1
09:26:26.16400,1926.750,10
09:26:28.00700,1926.750,75
09:26:28.32400,1926.750,1
09:26:28.93700,1927.000,10
09:26:29.66000,1927.000,1
09:26:30.91400,1927.000,1
09:26:31.73400,1926.750,2
09:26:32.27300,1927.000,10
09:26:33.23000,1926.750,1
09:26:34.67100,1926.750,18
09:26:34.87500,1926.750,1
09:26:37.36300,1926.500,84
09:26:43.10100,1926.500,168
09:26:43.87100,1926.500,25
09:26:46.07000,1926.500,6
09:26:47.03100,1926.500,1
09:26:47.93700,1926.500,28
09:26:49.39800,1926.500,21
09:26:53.85500,1926.500,24
09:26:56.91700,1926.250,1
09:27:05.35900,1926.250,482
09:27:05.85500,1926.000,4
09:27:06.78500,1926.250,1
09:27:06.87100,1926.000,1
09:27:07.61700,1926.000,2
09:27:08.70700,1926.250,345
09:27:09.05800,1926.000,30
09:27:09.24600,1926.250,5
09:27:09.31200,1926.250,5
09:27:09.49200,1926.250,5
09:27:09.52300,1926.250,4
09:27:09.76500,1926.250,1
09:27:10.78900,1926.250,1
09:27:10.88200,1926.250,5
09:27:11.71000,1926.500,1
09:27:13.05800,1926.250,2
09:27:15.91700,1926.250,1
09:27:16.16000,1926.250,7
09:27:16.48400,1926.250,3
09:27:17.00000,1926.250,2
09:27:18.30000,1926.250,2
09:27:18.57800,1926.250,213
09:27:20.12100,1926.000,1
09:27:22.18700,1926.000,10
09:27:23.10500,1926.000,1
09:27:23.49200,1926.250,1
09:27:23.89400,1926.000,1
09:27:24.33900,1926.000,72
09:27:25.12500,1926.000,1
09:27:25.43700,1926.000,1
09:27:25.66700,1926.000,5
09:27:26.32800,1926.000,1
09:27:26.75700,1926.000,5
09:27:27.42900,1926.250,2
09:27:28.69500,1926.000,10
09:27:30.30000,1926.000,2
09:27:31.10100,1926.000,1
09:27:32.10500,1926.000,1
09:27:32.32000,1926.250,1
09:27:32.70700,1926.000,1
09:27:34.23400,1926.000,1
09:27:35.55400,1926.000,2
09:27:35.64800,1926.000,1
09:27:36.05000,1926.250,2
09:27:36.56600,1926.000,6
09:27:37.33500,1926.000,1
09:27:38.11700,1926.000,1
09:27:38.30000,1926.000,3
09:27:38.81200,1926.000,2
09:27:39.32000,1926.000,2
09:27:40.47200,1926.000,1
09:27:40.66000,1926.000,1
09:27:41.24200,1925.750,191
09:27:41.37800,1925.750,16
09:27:42.21000,1925.750,3
09:27:42.45300,1925.750,17
09:27:42.64800,1926.000,49
09:27:42.78500,1926.000,24
09:27:43.08500,1925.750,1
09:27:43.65600,1925.750,1
09:27:43.93300,1925.750,1
09:27:44.06600,1925.500,120
09:27:44.11300,1925.500,5
09:27:44.22600,1925.500,8
09:27:44.78900,1925.500,2
09:27:45.09300,1925.500,3
09:27:45.50700,1925.500,5
09:27:46.69100,1925.500,2
09:27:46.84700,1925.500,20
09:27:47.22200,1925.500,13
09:27:47.66000,1925.750,1
09:27:47.89800,1925.750,5
09:27:48.06600,1925.500,6
09:27:48.12100,1925.500,2
09:27:48.84300,1925.750,5
09:27:49.25700,1925.750,1
09:27:49.42500,1925.500,3
09:27:49.92500,1925.500,5
09:27:50.09700,1925.750,9
09:27:50.40200,1925.500,1
09:27:51.09300,1925.500,6
09:27:51.38600,1925.500,2
09:27:52.05000,1925.750,5
09:27:52.78900,1925.500,8
09:27:53.03900,1925.750,6
09:27:53.11700,1925.750,1
09:27:53.69500,1925.500,1
09:27:54.03900,1925.750,6
09:27:55.10100,1925.500,56
09:27:55.55800,1925.500,10
09:27:56.03900,1925.750,5
09:27:56.50000,1925.750,1
09:27:56.81600,1925.500,25
09:27:57.05800,1925.500,16
09:27:57.18700,1925.750,1
09:27:57.51500,1925.500,1
09:27:58.03500,1925.750,5
09:27:58.16700,1925.750,11
09:27:58.44900,1925.500,1
09:27:59.03500,1925.750,6
09:28:00.43300,1925.750,6
09:28:00.54200,1925.750,1
09:28:00.60900,1925.750,15
09:28:00.91000,1925.500,1
09:28:01.62500,1925.500,122
09:28:01.73400,1925.500,2
09:28:02.38600,1925.500,5
09:28:02.95700,1925.750,250
09:28:03.80000,1925.750,85
09:28:04.09300,1925.750,17
09:28:04.26900,1925.750,14
09:28:04.82800,1925.750,1
09:28:05.14000,1925.750,1
09:28:05.53900,1925.750,7
09:28:07.10500,1925.750,1
09:28:08.32800,1926.000,15
09:28:09.04200,1926.000,13
09:28:11.06200,1925.750,1
09:28:12.58900,1925.750,1
09:28:13.23400,1925.750,15
09:28:13.71400,1925.750,2
09:28:14.76900,1925.750,86
09:28:15.14000,1925.750,2
09:28:15.58200,1925.500,2
09:28:16.49200,1925.750,1
09:28:17.51100,1925.750,1
09:28:19.02300,1925.500,1
09:28:19.54600,1925.500,1
09:28:20.32400,1925.500,2
09:28:20.77700,1925.500,1
09:28:22.55800,1925.750,1
09:28:23.42900,1925.500,2
09:28:23.71800,1925.500,1
09:28:25.48400,1925.500,107
09:28:25.48400,1925.500,38
09:28:26.88200,1925.500,2
09:28:27.50000,1925.500,1
09:28:27.94500,1925.750,71
09:28:28.32000,1925.500,1
09:28:28.92500,1925.500,1
09:28:29.43700,1925.500,2
09:28:30.17500,1925.500,2
09:28:30.46000,1925.500,1
09:28:31.16000,1925.500,8
09:28:31.56200,1925.500,1
09:28:31.90600,1925.500,10
09:28:32.44500,1925.500,10
09:28:33.35500,1925.750,1
09:28:34.10500,1925.500,1
09:28:34.43700,1925.500,15
09:28:37.20700,1925.500,21
09:28:37.50000,1925.500,66
09:28:38.03900,1925.750,10
09:28:38.14800,1925.500,2
09:28:38.48000,1925.750,27
09:28:38.62100,1925.500,1
09:28:38.78900,1925.500,1
09:28:41.75300,1925.500,1
09:28:42.10900,1925.500,1
09:28:43.55800,1925.500,31
09:28:43.69100,1925.500,12
09:28:44.14800,1925.500,13
09:28:44.27700,1925.500,1
09:28:45.53500,1925.750,1
09:28:45.93700,1925.500,1
09:28:46.37800,1925.500,1
09:28:47.80800,1925.750,51
09:28:48.28500,1925.500,4
09:28:48.65200,1925.500,2
09:28:49.07800,1925.750,76
09:28:49.42500,1925.750,25
09:28:49.53100,1925.750,1
09:28:49.67500,1925.750,6
09:28:49.91400,1925.500,162
09:28:50.05400,1925.750,25
09:28:50.09300,1925.750,1
09:28:51.22200,1925.500,20
09:28:51.45300,1925.750,11
09:28:51.82400,1925.750,2
09:28:52.30800,1925.500,1
09:28:55.19900,1925.500,2
09:28:56.63200,1925.750,1
09:28:57.04600,1925.500,1
09:28:58.05000,1925.750,1
09:28:58.35100,1925.500,33
09:28:59.21400,1925.500,6
09:28:59.57800,1925.750,89
09:28:59.68300,1925.750,8
09:29:00.11700,1925.750,17
09:29:00.39400,1925.750,52
09:29:02.64400,1926.000,1
09:29:03.82400,1926.000,1
09:29:04.37100,1926.000,264
09:29:05.22200,1926.000,1
09:29:05.34300,1926.000,2
09:29:05.73000,1926.000,1
09:29:06.32800,1926.000,3
09:29:06.58900,1926.000,1
09:29:07.77300,1926.000,22
09:29:08.90600,1926.000,68
09:29:09.46000,1926.250,10
09:29:10.01100,1926.250,60
09:29:12.33900,1926.250,1
09:29:12.50000,1926.250,1
09:29:12.62500,1926.000,3
09:29:13.05000,1926.000,5
09:29:14.13200,1926.000,1
09:29:14.48800,1926.250,10
09:29:14.85900,1926.000,2
09:29:16.18700,1926.000,1
09:29:16.28100,1926.250,1
09:29:16.46000,1926.000,5
09:29:16.73800,1926.250,10
09:29:16.91400,1926.000,26
09:29:18.61700,1926.250,5
09:29:19.19100,1926.000,2
09:29:20.12100,1926.250,26
09:29:20.32800,1926.250,1
09:29:20.51100,1926.250,5
09:29:20.89800,1926.250,2
09:29:21.60100,1926.250,4
09:29:22.18700,1926.250,1
09:29:22.41000,1926.500,39
09:29:22.59700,1926.250,16
09:29:22.83500,1926.250,3
09:29:22.91700,1926.000,1
09:29:23.89800,1926.250,1
09:29:25.58500,1926.000,1
09:29:25.95700,1926.250,10
09:29:28.68300,1926.250,1
09:29:29.03100,1926.250,120
09:29:29.13200,1926.250,1
09:29:29.35500,1926.250,1
09:29:31.49200,1926.500,3
09:29:32.50700,1926.500,1
09:29:33.48400,1926.500,1
09:29:34.00300,1926.500,10
09:29:35.28100,1926.250,5
09:29:36.09700,1926.250,1
09:29:36.68300,1926.500,51
09:29:37.85500,1926.250,1
09:29:37.97200,1926.500,1
09:29:38.52700,1926.500,3
09:29:38.92500,1926.500,1
09:29:39.83500,1926.500,20
09:29:40.19900,1926.250,1
09:29:41.64000,1926.250,2
09:29:41.82000,1926.500,1
09:29:42.11700,1926.250,2
09:29:42.65600,1926.500,1
09:29:42.74600,1926.250,3
09:29:43.14000,1926.500,29
09:29:43.54600,1926.250,4
09:29:43.75300,1926.250,2
09:29:44.64800,1926.250,2
09:29:45.31200,1926.250,14
09:29:45.90600,1926.250,3
09:29:46.30400,1926.250,2
09:29:46.58500,1926.250,1
09:29:46.96000,1926.250,5
09:29:47.15600,1926.500,1
09:29:48.20700,1926.250,1
09:29:49.54600,1926.500,1
09:29:49.84700,1926.500,3
09:29:50.31600,1926.250,1
09:29:51.23000,1926.250,1
09:29:52.24200,1926.500,3
09:29:53.01900,1926.250,1
09:29:54.24200,1926.250,1
09:29:54.89000,1926.500,1
09:29:55.40200,1926.250,14
09:29:55.88200,1926.500,1
09:29:56.68300,1926.250,4
09:29:57.25000,1926.500,3
09:29:58.09300,1926.250,3
09:29:58.69100,1926.250,184
09:29:58.83200,1926.250,3
09:29:59.02300,1926.250,104
09:29:59.04600,1926.000,58
09:29:59.32400,1926.000,5
09:29:59.53100,1926.000,53
09:30:00.04600,1926.250,955
09:30:00.04600,1926.250,47
09:30:00.05000,1926.250,35
09:30:00.15200,1926.250,153
09:30:00.64400,1926.250,1245
09:30:00.64800,1926.250,3
09:30:01.01500,1926.250,25
09:30:01.08200,1926.250,76
09:30:01.25000,1926.250,36
09:30:01.25000,1926.250,53
09:30:01.25300,1926.250,136
09:30:01.26500,1926.000,61
09:30:01.46800,1926.250,133
09:30:01.65600,1926.250,114
09:30:01.69900,1926.250,28
09:30:01.87100,1926.250,13
09:30:02.01500,1926.250,30
09:30:02.04200,1926.250,8
09:30:02.25700,1926.250,68
09:30:02.32400,1926.250,1
09:30:02.36700,1926.250,3
09:30:02.56200,1926.250,64
09:30:02.59700,1926.000,1
09:30:03.01100,1926.000,20
09:30:03.30000,1926.250,20
09:30:03.46800,1926.000,7
09:30:03.60500,1926.000,11
09:30:03.67100,1926.000,1
09:30:03.85500,1926.000,5
09:30:04.05400,1926.000,323
09:30:04.28500,1926.000,80
09:30:04.32000,1925.750,51
09:30:04.46800,1926.000,7
09:30:04.67100,1926.250,250
09:30:04.88200,1926.000,4
09:30:05.06200,1926.000,14
09:30:05.19100,1926.000,1
09:30:05.30000,1926.250,3
09:30:05.57800,1926.000,5
09:30:05.73400,1926.000,9
09:30:05.88600,1926.250,300
09:30:06.26100,1926.500,234
09:30:06.35100,1926.500,10
09:30:06.79600,1926.500,7
09:30:07.01100,1926.500,16
09:30:07.35100,1926.500,25
09:30:07.86700,1926.750,14
09:30:08.01100,1926.500,13
09:30:08.73400,1926.500,310
09:30:09.05800,1926.750,17
09:30:09.10100,1926.500,3
09:30:09.25300,1926.750,113
09:30:09.38200,1926.750,165
09:30:09.71400,1926.500,60
09:30:10.05400,1926.750,16
09:30:10.42500,1926.750,220
09:30:10.50700,1926.750,9
09:30:10.61300,1926.500,12
09:30:10.89800,1926.750,2
09:30:11.21800,1926.750,19
09:30:11.25000,1926.750,1
09:30:11.43700,1926.750,18
09:30:11.52300,1926.750,73
09:30:11.57000,1926.750,56
09:30:11.72600,1926.750,6
09:30:11.76500,1926.750,2
09:30:12.01100,1926.500,22
09:30:12.30400,1926.750,204
09:30:12.38600,1926.750,1
09:30:12.50700,1926.750,41
09:30:12.61700,1926.750,19
09:30:12.69900,1926.750,35
09:30:12.89800,1926.500,3
09:30:13.12100,1926.750,18
09:30:13.19100,1926.750,2
09:30:13.41400,1926.750,13
09:30:13.50300,1926.500,2
09:30:13.72200,1926.500,4
09:30:14.01100,1926.500,13
09:30:14.06600,1926.500,1
09:30:14.26900,1926.750,4
09:30:14.40600,1926.750,1
09:30:14.90600,1926.750,32
09:30:15.03100,1926.750,41
09:30:15.14400,1926.750,105
09:30:15.23000,1926.750,69
09:30:15.28900,1926.500,3
09:30:15.83500,1926.750,3
09:30:16.03100,1926.500,5
09:30:16.07400,1926.750,1
09:30:16.41700,1926.500,2
09:30:16.55400,1926.500,6
09:30:16.82800,1926.500,5
09:30:17.95300,1926.500,1
09:30:18.28500,1926.500,28
09:30:18.41700,1926.500,7
09:30:18.64000,1926.500,5
09:30:18.87800,1926.500,2
09:30:19.03500,1926.750,20
09:30:19.70700,1926.500,29
09:30:20.18300,1926.500,2
09:30:20.32000,1926.500,25
09:30:20.37500,1926.750,15
09:30:20.64400,1926.750,95
09:30:20.88600,1926.750,30
09:30:21.39400,1926.750,87
09:30:21.70300,1926.750,11
09:30:22.01500,1926.750,2
09:30:22.22600,1926.750,15
09:30:22.31200,1926.750,9
09:30:22.42100,1926.750,7
09:30:22.52300,1926.750,10
09:30:22.64000,1926.750,11
09:30:22.86700,1926.750,150
09:30:23.15600,1926.750,3
09:30:23.49600,1926.500,3
09:30:23.89400,1926.500,87
09:30:24.02700,1926.250,2
09:30:24.40200,1926.250,1
09:30:24.60100,1926.250,31
09:30:25.03500,1926.250,84
09:30:25.55800,1926.250,1
09:30:25.78100,1926.250,8
09:30:26.18700,1926.250,17
09:30:26.62500,1926.250,2
09:30:26.87500,1926.000,5
09:30:27.03900,1926.250,1
09:30:27.28900,1926.250,1
09:30:27.48000,1926.250,2
09:30:27.55400,1926.000,2
09:30:27.64000,1926.000,1
09:30:28.03900,1926.250,109
09:30:28.10900,1926.000,7
09:30:28.91400,1926.250,2
09:30:29.30400,1926.000,35
09:30:29.65200,1926.250,32
09:30:29.85100,1926.250,6
09:30:30.00700,1926.000,6
09:30:30.33900,1926.000,1
09:30:30.53900,1926.000,1
09:30:31.17900,1926.000,3
09:30:31.48800,1926.000,6
09:30:31.71400,1926.000,9
09:30:31.78100,1926.000,10
09:30:31.89400,1926.250,1
09:30:32.06200,1926.000,1
09:30:32.07800,1926.000,1
09:30:32.51500,1926.250,95
09:30:32.92900,1926.250,72
09:30:33.29200,1926.250,5
09:30:33.37500,1926.000,4
09:30:33.66400,1926.250,8
09:30:33.96400,1926.000,2
09:30:34.39800,1926.000,1
09:30:34.72600,1926.000,1
09:30:35.30400,1926.000,1
09:30:35.46000,1926.250,3
09:30:35.64400,1926.250,5
09:30:36.15600,1926.000,5
09:30:36.32400,1926.000,1
09:30:36.72200,1926.250,1
09:30:37.13200,1926.250,5
09:30:37.71400,1926.000,3
09:30:37.92500,1926.000,5
09:30:38.20700,1925.750,212
09:30:38.31200,1926.000,3
09:30:38.58900,1926.000,29
09:30:38.73400,1926.000,3
09:30:38.96800,1925.750,1
09:30:39.70300,1925.750,3
09:30:39.75300,1925.750,1
09:30:40.10100,1925.750,30
09:30:40.14800,1926.000,10
09:30:40.55800,1926.000,12
09:30:40.69900,1926.000,52
09:30:40.92500,1926.000,104
09:30:41.20300,1926.000,8
09:30:41.54600,1925.750,11
09:30:42.17100,1925.750,2
09:30:42.32000,1926.000,54
09:30:42.58900,1925.750,2
09:30:42.92900,1926.250,23
09:30:43.09300,1926.000,1
09:30:43.72200,1926.250,156
09:30:43.82400,1926.250,1
09:30:44.47200,1926.500,290
09:30:44.80000,1926.000,42
09:30:44.95700,1926.250,8
09:30:45.17100,1926.000,1
09:30:45.48800,1926.250,2
09:30:45.74200,1926.250,23
09:30:45.91000,1926.250,1
09:30:46.26900,1926.250,2
09:30:46.39000,1926.250,1
09:30:46.69500,1926.000,5
09:30:46.80000,1926.250,1
09:30:47.23400,1926.000,109
09:30:47.34700,1926.000,15
09:30:48.06600,1925.750,2
09:30:48.08900,1925.750,1
09:30:48.33900,1925.750,3
09:30:48.47200,1925.750,1
09:30:48.67900,1925.750,2
09:30:48.83900,1925.750,5
09:30:49.28100,1925.500,208
09:30:49.30800,1925.750,24
09:30:49.45700,1925.750,26
09:30:49.87100,1925.500,10
09:30:50.68700,1925.750,59
09:30:51.13600,1925.750,12
09:30:51.42900,1926.000,2
09:30:51.76500,1925.750,2
09:30:51.89000,1926.000,74
09:30:52.06600,1926.000,5
09:30:52.13200,1926.000,96
09:30:52.41400,1926.000,30
09:30:52.47600,1926.000,15
09:30:52.57000,1926.000,2
09:30:52.72600,1926.000,2
09:30:52.80800,1926.000,31
09:30:53.19500,1925.750,5
09:30:54.03900,1925.750,1
09:30:54.49200,1925.750,5
09:30:54.85100,1926.000,101
09:30:55.58200,1925.750,146
09:30:55.92500,1926.000,6
09:30:56.10500,1925.750,44
09:30:56.23400,1925.750,26
09:30:56.35100,1925.750,25
09:30:56.37100,1925.750,5
09:30:56.50000,1925.750,12
09:30:56.64000,1925.750,21
09:30:56.76900,1925.750,9
09:30:56.81200,1925.750,2
09:30:56.87800,1925.750,1
09:30:57.14400,1925.750,2
09:30:57.28100,1925.750,15
09:30:57.52700,1925.750,2
09:30:57.87800,1925.500,58
09:30:57.88200,1925.500,65
09:30:58.15600,1925.500,45
09:30:58.28500,1925.500,11
09:30:58.60100,1925.250,442
09:30:58.79600,1925.500,160
09:30:59.08500,1925.250,11
09:30:59.14400,1925.250,1
09:30:59.26500,1925.250,1
09:30:59.32000,1925.500,5
09:30:59.41400,1925.500,1
09:30:59.44900,1925.250,1
09:30:59.72200,1925.250,6
09:30:59.86700,1925.500,1
09:31:00.03500,1925.250,7
09:31:00.13600,1925.500,13
09:31:00.42500,1925.250,13
09:31:00.50000,1925.250,6
09:31:00.62500,1925.500,1
09:31:00.69900,1925.250,38
09:31:00.88600,1925.250,8
09:31:00.89400,1925.250,36
09:31:01.02300,1925.250,29
09:31:01.35900,1925.250,2
09:31:01.41400,1925.250,1
09:31:01.51500,1925.250,2
09:31:01.78100,1925.250,2
09:31:01.87800,1925.250,5
09:31:02.05400,1925.250,18
09:31:02.06600,1925.250,19
09:31:02.17500,1925.250,7
09:31:02.39400,1925.250,4
09:31:02.57000,1925.250,10
09:31:02.62500,1925.500,1
09:31:02.82400,1925.500,9
09:31:02.91700,1925.250,2
09:31:02.92900,1925.250,10
09:31:03.10900,1925.250,8
09:31:03.23000,1925.500,4
09:31:03.34700,1925.500,3
09:31:03.45300,1925.250,3
09:31:03.47600,1925.250,1
09:31:03.75700,1925.000,89
09:31:03.82800,1925.000,19
09:31:03.93300,1925.000,12
09:31:04.08900,1925.000,143
09:31:04.17900,1925.000,55
09:31:04.42900,1925.000,3
09:31:04.76900,1925.000,1
09:31:04.84700,1925.000,1
09:31:04.87100,1925.000,10
09:31:05.05000,1925.000,1
09:31:05.12100,1925.000,116
09:31:05.44100,1924.750,72
09:31:05.78100,1924.750,233
09:31:06.08900,1924.750,114
09:31:06.46000,1925.000,72
09:31:06.53100,1924.750,5
09:31:06.71800,1924.750,1
09:31:06.78100,1924.750,13
09:31:06.96400,1925.000,3
09:31:07.17900,1924.750,17
09:31:07.29600,1924.750,2
09:31:07.55800,1924.750,2
09:31:07.64800,1924.750,1
09:31:07.69900,1924.750,32
09:31:07.83900,1924.750,1
09:31:08.00700,1924.750,25
09:31:08.07000,1924.750,1
09:31:08.22200,1925.000,11
09:31:08.52300,1924.750,2
09:31:08.73400,1924.750,1
09:31:09.02300,1924.750,64
09:31:09.08500,1924.750,21
09:31:09.26900,1925.000,4
09:31:09.30800,1924.750,2
09:31:09.41000,1924.750,1
09:31:09.52300,1925.000,2
09:31:09.77700,1924.750,39
09:31:09.89400,1925.000,2
09:31:09.94100,1925.000,105
09:31:10.42900,1925.000,11
09:31:10.57000,1924.750,1
09:31:10.72600,1924.750,1
09:31:11.17500,1925.000,264
09:31:11.23000,1924.750,22
09:31:11.29600,1924.750,5
09:31:11.42500,1924.750,15
09:31:11.68700,1924.750,12
09:31:11.90200,1925.000,18
09:31:12.13200,1925.000,76
09:31:12.82400,1924.750,82
09:31:13.03100,1924.750,3
09:31:13.20700,1925.000,29
09:31:13.28900,1925.250,1
09:31:13.47600,1925.000,3
09:31:13.96800,1925.000,1
09:31:14.25000,1925.000,97
09:31:14.32400,1925.000,1
09:31:14.46000,1925.250,12
09:31:14.56200,1925.250,2
09:31:14.96000,1925.000,3
09:31:15.04200,1925.000,11
09:31:15.43300,1925.250,15
09:31:15.48400,1925.250,1
09:31:15.69500,1925.250,103
09:31:15.75300,1925.250,89
09:31:15.80000,1925.250,2
09:31:15.97200,1925.250,25
09:31:16.28100,1925.500,14
09:31:16.49600,1925.250,1
09:31:16.59300,1925.250,1
09:31:16.75300,1925.250,1
09:31:16.88600,1925.250,38
09:31:16.97200,1925.250,1
09:31:17.10100,1925.250,1
09:31:17.21000,1925.250,1
09:31:17.32000,1925.250,9
09:31:17.42100,1925.250,3
09:31:17.93300,1925.000,109
09:31:18.25300,1925.250,2
09:31:18.53900,1925.250,3
09:31:18.62100,1925.000,6
09:31:19.00000,1925.250,1
09:31:19.17500,1925.000,1
09:31:19.51500,1925.000,1
09:31:19.78100,1925.250,2
09:31:20.04200,1925.000,1
09:31:20.49200,1925.000,290
09:31:20.67100,1925.000,157
09:31:20.73000,1924.750,3
09:31:20.78500,1925.000,1
09:31:21.00300,1925.000,4
09:31:21.08200,1924.750,1
09:31:21.38600,1925.000,2
09:31:21.92100,1924.750,37
09:31:22.47200,1924.750,1
09:31:22.94100,1924.750,3
09:31:23.21000,1924.750,12
09:31:23.78900,1924.750,5
09:31:24.05400,1925.000,1
09:31:24.28500,1924.750,5
09:31:24.52300,1925.000,6
09:31:24.77700,1925.000,8
09:31:25.00700,1924.750,2
09:31:25.25300,1924.750,4
09:31:25.46800,1924.750,76
09:31:25.72600,1925.000,1
09:31:26.01500,1924.500,49
09:31:26.26100,1924.750,2
09:31:26.30800,1924.500,2
09:31:26.47200,1924.500,2
09:31:26.53100,1924.750,1
09:31:26.79200,1924.750,1
09:31:27.19500,1924.750,115
09:31:27.32800,1924.500,40
09:31:27.49200,1924.750,2
09:31:27.72200,1924.500,167
09:31:27.85100,1924.500,114
09:31:28.21800,1924.500,5
09:31:28.36300,1924.500,3
09:31:28.52300,1924.500,78
09:31:28.57400,1924.500,5
09:31:28.71400,1924.250,20
09:31:28.84700,1924.500,3
09:31:29.01100,1924.250,8
09:31:29.24200,1924.500,5
09:31:29.27700,1924.500,2
09:31:29.60900,1924.250,2
09:31:29.77700,1924.250,2
09:31:29.87800,1924.250,5
09:31:30.13600,1924.500,21
09:31:30.28100,1924.500,1
09:31:30.40600,1924.250,1
09:31:30.53500,1924.250,2
09:31:30.75000,1924.250,1
09:31:31.09300,1924.500,33
09:31:31.12100,1924.500,122
09:31:31.19500,1924.750,2
09:31:31.31600,1924.500,9
09:31:31.92100,1924.500,433
09:31:32.25700,1924.500,5
09:31:32.58200,1924.500,6
09:31:32.77300,1924.500,44
09:31:33.13600,1924.500,15
09:31:33.25000,1924.500,10
09:31:33.57400,1924.750,7
09:31:33.65600,1924.750,1
09:31:34.07000,1924.750,134
09:31:34.26500,1924.750,48
09:31:34.32000,1924.750,6
09:31:34.41000,1925.000,3
09:31:34.57400,1924.750,10
09:31:34.68300,1925.000,1
09:31:34.76500,1924.750,2
09:31:34.83900,1924.750,1
09:31:35.04200,1924.750,3
09:31:35.17900,1924.750,12
09:31:35.38200,1924.750,33
09:31:35.62100,1924.750,18
09:31:35.73400,1924.750,31
09:31:35.79600,1924.750,2
09:31:35.95700,1924.750,1
09:31:36.41000,1924.500,1
09:31:36.56600,1924.500,1
09:31:36.82000,1924.500,148
09:31:37.29600,1924.500,2
09:31:37.78500,1924.500,149
09:31:38.18300,1924.750,1
09:31:38.23000,1924.500,2
09:31:38.73400,1924.750,29
09:31:38.73800,1924.750,41
09:31:39.00000,1924.500,1
09:31:39.64000,1924.500,3
09:31:40.66400,1924.750,31
09:31:40.68700,1924.500,49
09:31:41.02700,1924.750,2
09:31:41.33900,1924.750,1
09:31:41.59300,1924.500,3
09:31:41.83900,1924.500,1
09:31:42.06600,1924.500,1
09:31:42.16400,1924.750,4
09:31:42.32000,1924.500,10
09:31:42.90200,1924.750,3
09:31:43.30800,1924.500,207
09:31:43.66700,1924.500,1
09:31:43.88600,1924.250,4
09:31:44.07000,1924.500,1
09:31:44.42900,1924.500,1
09:31:44.59300,1924.250,5
09:31:44.94100,1924.500,3
09:31:45.16400,1924.500,1
09:31:45.43300,1924.500,88
09:31:45.55800,1924.500,2
09:31:45.65200,1924.500,2
09:31:45.78900,1924.500,10
09:31:46.26500,1924.500,4
09:31:46.46400,1924.750,3
09:31:46.79200,1924.750,1
09:31:46.96400,1924.750,1
09:31:47.27700,1924.750,2
09:31:47.50700,1924.500,142
09:31:47.55000,1924.500,50
09:31:47.70300,1924.500,30
09:31:47.80800,1924.500,3
09:31:47.86300,1924.500,5
09:31:48.42500,1924.500,1
09:31:48.46800,1924.500,1
09:31:48.52300,1924.500,1
09:31:48.94500,1924.250,1
09:31:49.26100,1924.500,1
09:31:49.50300,1924.250,70
09:31:49.63600,1924.000,82
09:31:49.89800,1924.250,6
09:31:50.02700,1924.000,3
09:31:50.21000,1924.250,77
09:31:50.42500,1924.250,10
09:31:50.57000,1924.250,2
09:31:51.04600,1924.000,43
09:31:51.09700,1924.250,1
09:31:51.25300,1924.250,1
09:31:51.44500,1924.250,22
09:31:51.94900,1924.000,178
09:31:52.17500,1924.250,36
09:31:52.41000,1924.250,1
09:31:52.62800,1924.250,29
09:31:52.90600,1924.250,7
09:31:53.01900,1924.250,29
09:31:53.10500,1924.250,3
09:31:53.53900,1924.250,5
09:31:53.72600,1924.250,2
09:31:53.76100,1924.250,2
09:31:53.93300,1924.250,1
09:31:54.16400,1924.250,2
09:31:54.29600,1924.500,2
09:31:54.49200,1924.250,4
09:31:54.53100,1924.250,2
09:31:54.68300,1924.250,1
09:31:55.07400,1924.500,14
09:31:55.07800,1924.500,1
09:31:55.27700,1924.500,1
09:31:55.74600,1924.250,1
09:31:55.76100,1924.250,4
09:31:55.85100,1924.250,1
09:31:56.12100,1924.250,1
09:31:56.25000,1924.500,7
09:31:56.69500,1924.250,91
09:31:56.75700,1924.250,6
09:31:56.91000,1924.250,79
09:31:56.94500,1924.250,1
09:31:57.07800,1924.250,20
09:31:57.21400,1924.000,64
09:31:57.38600,1924.250,19
09:31:57.78900,1924.500,2
09:31:58.23000,1924.250,23
09:31:58.68700,1924.250,10
09:31:59.41000,1924.000,7
09:31:59.58200,1924.250,1
09:31:59.65600,1924.000,1
09:31:59.87500,1924.250,3
09:32:00.56600,1924.000,236
09:32:00.67500,1924.000,1
09:32:00.81200,1924.000,2
09:32:00.88600,1924.250,1
09:32:01.00000,1924.000,1
09:32:01.08900,1924.000,10
09:32:01.24200,1924.000,1
09:32:01.47600,1924.000,6
09:32:01.78900,1924.000,30
09:32:01.89000,1924.250,1
09:32:02.21000,1924.250,13
09:32:02.35900,1923.750,441
09:32:02.78500,1924.000,389
09:32:03.06200,1924.000,31
09:32:03.28900,1924.000,4
09:32:03.46800,1923.750,4
09:32:03.62500,1923.750,2
09:32:03.92900,1923.750,1
09:32:04.12100,1924.000,217
09:32:04.13600,1924.000,8
09:32:04.38600,1924.000,15
09:32:04.56200,1924.000,36
09:32:04.96400,1924.000,113
09:32:05.22600,1924.000,6
09:32:05.54200,1924.250,7
09:32:05.74200,1924.250,2
09:32:05.79600,1924.000,1
09:32:06.01100,1924.000,1
09:32:06.17500,1924.250,42
09:32:06.42500,1924.000,3
09:32:07.19900,1924.250,70
09:32:07.43700,1924.000,2
09:32:08.01100,1924.000,191
09:32:08.19100,1923.750,6
09:32:08.24600,1924.000,35
09:32:08.26500,1924.000,12
09:32:08.44900,1923.750,43
09:32:08.71000,1924.000,39
09:32:09.10900,1923.750,88
09:32:09.26900,1923.750,1
09:32:09.54200,1923.750,132
09:32:09.79600,1924.000,2
09:32:09.89400,1923.750,1
09:32:10.25300,1923.750,195
09:32:10.54200,1924.250,59
09:32:10.74600,1924.000,1
09:32:10.88200,1924.000,22
09:32:10.91000,1924.000,2
09:32:11.02300,1923.750,35
09:32:11.71400,1923.750,41
09:32:12.02300,1924.000,2
09:32:12.24600,1923.750,1
09:32:12.66700,1923.750,2
09:32:12.87500,1923.750,1
09:32:13.00300,1923.750,1
09:32:13.18300,1924.000,87
09:32:13.37800,1924.000,73
09:32:13.45700,1924.000,88
09:32:13.55400,1924.000,29
09:32:13.75000,1924.000,2
09:32:14.07400,1924.000,1
09:32:14.17500,1924.000,1
09:32:14.30800,1923.750,208
09:32:14.79200,1923.750,103
09:32:14.91400,1924.000,4
09:32:15.10100,1923.750,6
09:32:15.70700,1923.750,11
09:32:16.17900,1923.500,179
09:32:16.20300,1923.750,121
09:32:16.51100,1924.000,2
09:32:16.81600,1924.000,2
09:32:16.88200,1923.750,252
09:32:17.18700,1924.000,105
09:32:17.25300,1923.750,24
09:32:17.70700,1923.500,105
09:32:17.96400,1923.750,3
09:32:18.36300,1923.500,530
09:32:18.82000,1923.750,82
09:32:19.04200,1923.500,231
09:32:19.04600,1923.500,1
09:32:19.34700,1923.500,9
09:32:19.64800,1923.500,26
09:32:19.88600,1923.500,131
09:32:20.01500,1923.500,15
09:32:20.05800,1923.500,2
09:32:20.34700,1923.250,1
09:32:20.46400,1923.500,5
09:32:20.95700,1923.500,2
09:32:21.50300,1923.500,337
09:32:21.85100,1923.500,2
09:32:22.17900,1923.750,16
09:32:22.28100,1923.750,38
09:32:22.32000,1923.500,3
09:32:22.45700,1923.750,2
09:32:23.10500,1923.750,127
09:32:23.18300,1923.750,7
09:32:23.48400,1923.750,2
09:32:23.50700,1923.750,1
09:32:23.67900,1924.000,3
09:32:24.17100,1923.750,25
09:32:24.65200,1923.500,286
09:32:24.91400,1923.500,488
09:32:25.03900,1923.500,2
09:32:25.29200,1923.750,2
09:32:25.57400,1923.500,88
09:32:26.00300,1923.500,1
09:32:26.12100,1923.500,40
09:32:26.38600,1923.500,107
09:32:27.07000,1923.750,6
09:32:27.25000,1923.750,1
09:32:27.46400,1923.500,39
09:32:27.54200,1923.500,10
09:32:27.65200,1923.500,7
09:32:28.00700,1923.500,5
09:32:28.22600,1923.500,2
09:32:28.49600,1923.500,4
09:32:28.80000,1923.500,21
09:32:29.13600,1923.500,4
09:32:29.33500,1923.500,8
09:32:29.51100,1923.500,89
09:32:29.51100,1923.500,26
09:32:29.62800,1923.500,51
09:32:29.80800,1923.500,1
09:32:30.12800,1923.500,2
09:32:30.51500,1923.750,30
09:32:30.74600,1923.500,58
09:32:31.05400,1923.750,3
09:32:31.77700,1923.500,7
09:32:32.57400,1923.750,140
09:32:32.91000,1923.750,92
09:32:33.23000,1923.750,18
09:32:33.27300,1923.750,1
09:32:33.54200,1923.750,1
09:32:33.72200,1923.500,5
09:32:33.89000,1923.500,11
09:32:34.08200,1923.750,1
09:32:34.23400,1923.500,209
09:32:34.30400,1923.500,9
09:32:34.35500,1923.250,20
09:32:34.69100,1923.500,2
09:32:34.90600,1923.500,1
09:32:35.14000,1923.250,2
09:32:35.20300,1923.500,1
09:32:35.37800,1923.500,7
09:32:36.03900,1923.250,94
09:32:36.13600,1923.250,22
09:32:36.38600,1923.250,1
09:32:37.23800,1923.250,1
09:32:37.42500,1923.250,9
09:32:37.72200,1923.250,1
09:32:37.83900,1923.500,6
09:32:37.96400,1923.250,5
09:32:38.18700,1923.500,120
09:32:38.71800,1923.500,7
09:32:38.87500,1923.500,2
09:32:39.07800,1923.500,66
09:32:39.18300,1923.250,3
09:32:39.44500,1923.500,1
09:32:39.60500,1923.250,5
09:32:39.75000,1923.500,10
09:32:39.84300,1923.500,4
09:32:40.08500,1923.250,5
09:32:40.63200,1923.500,16
09:32:40.93300,1923.250,3
09:32:41.07800,1923.500,80
09:32:41.21000,1923.250,9
09:32:41.32800,1923.250,1
09:32:42.25700,1923.500,21
09:32:42.51100,1923.500,72
09:32:43.01100,1923.250,16
09:32:43.19900,1923.500,2
09:32:43.32800,1923.500,1
09:32:43.62100,1923.500,68
09:32:43.76500,1923.500,9
09:32:43.82000,1923.500,1
09:32:44.26500,1923.500,7
09:32:44.90200,1923.500,1
09:32:45.29200,1923.750,2
09:32:46.21400,1923.750,84
09:32:46.32800,1923.750,158
09:32:46.43700,1923.750,14
09:32:46.56200,1923.500,11
09:32:46.73000,1924.000,18
09:32:46.85100,1923.750,5
09:32:47.04600,1923.750,2
09:32:47.09300,1923.750,2
09:32:47.21400,1923.750,4
09:32:47.39800,1924.000,2
09:32:47.55000,1923.750,1
09:32:47.94900,1924.000,1
09:32:48.21800,1924.000,21
09:32:48.67100,1924.000,1
09:32:49.32400,1924.000,73
09:32:49.64400,1924.000,88
09:32:50.06200,1923.750,4
09:32:50.38200,1923.750,2
09:32:50.66700,1924.000,5
09:32:50.83900,1923.750,163
09:32:51.00300,1923.750,1
09:32:51.34700,1923.750,4
09:32:51.48000,1923.750,1
09:32:51.90200,1923.750,35
09:32:52.09300,1923.750,7
09:32:52.20700,1923.750,2
09:32:52.35900,1923.500,4
09:32:52.42900,1923.750,3
09:32:52.72600,1923.750,1
09:32:52.89000,1923.750,10
09:32:53.62800,1923.750,1
09:32:53.84300,1923.750,1
09:32:53.94900,1923.500,1
09:32:54.23800,1923.500,1
09:32:55.08200,1923.500,2
09:32:55.64000,1923.500,5
09:32:55.97200,1923.500,1
09:32:56.14000,1923.500,1
09:32:56.66700,1923.750,2
09:32:56.79600,1923.750,1
09:32:56.94900,1923.750,2
09:32:56.96000,1923.750,1
09:32:57.41400,1923.500,110
09:32:57.59300,1923.500,44
09:32:57.67500,1923.500,1
09:32:57.87800,1923.500,2
09:32:58.13200,1923.250,249
09:32:58.13600,1923.250,33
09:32:58.30000,1923.500,2
09:32:58.67900,1923.250,118
09:32:58.76100,1923.250,60
09:32:59.16000,1923.500,232
09:32:59.16000,1923.500,34
09:32:59.50700,1923.250,10
09:32:59.78100,1923.500,5
09:33:00.12800,1923.250,4
09:33:00.26900,1923.500,5
09:33:00.58900,1923.500,3
09:33:00.64800,1923.500,1
09:33:00.75700,1923.250,74
09:33:00.87100,1923.250,2
09:33:01.14400,1923.250,1
09:33:01.28900,1923.250,79
09:33:01.65200,1923.250,32
09:33:01.70700,1923.250,6
09:33:01.75000,1923.250,30
09:33:02.04600,1923.250,8
09:33:02.09300,1923.250,87
09:33:02.50000,1923.500,8
09:33:02.92900,1923.500,175
09:33:03.22600,1923.500,1
09:33:03.44500,1923.500,1
09:33:04.14400,1923.250,6
09:33:04.44500,1923.250,60
09:33:04.72600,1923.250,140
09:33:05.42100,1923.250,1
09:33:05.69500,1923.500,53
09:33:05.96800,1923.250,100
09:33:06.07400,1923.250,47
09:33:06.43300,1923.250,7
09:33:06.55000,1923.250,29
09:33:07.06200,1923.500,17
09:33:07.17500,1923.250,29
09:33:07.25000,1923.000,174
09:33:07.52700,1923.250,2
09:33:07.71800,1923.250,2
09:33:07.91700,1923.250,2
09:33:08.41400,1923.250,105
09:33:08.60900,1923.250,2
09:33:09.01100,1923.250,1
09:33:09.37500,1923.250,5
09:33:09.64000,1923.250,452
09:33:09.76500,1923.250,4
09:33:09.94900,1923.250,118
09:33:10.19100,1923.000,21
09:33:10.23800,1923.250,1
09:33:10.39000,1923.000,120
09:33:10.64000,1923.250,6
09:33:10.85500,1923.250,115
09:33:11.69100,1923.500,2
09:33:11.82000,1923.500,40
09:33:11.82800,1923.500,1
09:33:11.96000,1923.500,9
09:33:12.28100,1923.500,103
09:33:12.36300,1923.500,27
09:33:12.52700,1923.500,5
09:33:12.63600,1923.250,9
09:33:12.93300,1923.250,69
09:33:13.25300,1923.250,2
09:33:13.69900,1923.250,2
09:33:13.86700,1923.250,1
09:33:14.13200,1923.500,14
09:33:14.23800,1923.500,1
09:33:14.36700,1923.500,1
09:33:14.49600,1923.250,25
09:33:14.82400,1923.500,4
09:33:15.06200,1923.250,1
09:33:15.32000,1923.500,4
09:33:15.51500,1923.500,1
09:33:15.74600,1923.500,1
09:33:16.05000,1923.250,2
09:33:16.22200,1923.250,1
09:33:16.76100,1923.000,251
09:33:16.93300,1923.250,2
09:33:17.17900,1923.250,45
09:33:17.39000,1923.250,19
09:33:17.51500,1923.250,1
09:33:17.73800,1923.500,19
09:33:18.25700,1923.250,76
09:33:18.33900,1923.000,1
09:33:18.65200,1923.250,42
09:33:18.94500,1923.250,2
09:33:19.50300,1923.000,3
09:33:19.75700,1923.250,16
09:33:20.62500,1923.250,1
09:33:21.82000,1923.000,11
09:33:22.55800,1923.000,470
09:33:22.59700,1923.000,3
09:33:22.80000,1922.750,22
09:33:22.89000,1923.000,31
09:33:23.10100,1922.750,2
09:33:23.19500,1923.000,3
09:33:23.47600,1922.750,1
09:33:23.55800,1922.750,1
09:33:23.59300,1922.750,1
09:33:24.06600,1923.000,489
09:33:24.22600,1923.250,1
09:33:24.35900,1923.000,2
09:33:24.62100,1923.000,26
09:33:24.81600,1923.000,3
09:33:24.92500,1923.000,97
09:33:25.01500,1923.250,107
09:33:25.28500,1923.000,4
09:33:25.85100,1923.000,331
09:33:26.05800,1923.000,1
09:33:26.28500,1923.000,80
09:33:26.34300,1923.000,10
09:33:26.51900,1923.000,2
09:33:26.64800,1923.000,4
09:33:26.72200,1923.000,1
09:33:26.86300,1923.000,19
09:33:26.94900,1923.000,11
09:33:27.12800,1923.000,102
09:33:27.24200,1923.000,5
09:33:27.33200,1922.750,4
09:33:27.39000,1923.000,2
09:33:27.57000,1923.000,4
09:33:27.67500,1922.750,7
09:33:28.00300,1922.750,210
09:33:28.20300,1922.750,6
09:33:28.28500,1923.000,7
09:33:28.66400,1923.000,17
09:33:28.79600,1922.750,66
09:33:28.80000,1922.750,1
09:33:28.86700,1922.750,2
09:33:29.21400,1923.000,7
09:33:29.83200,1923.000,7
09:33:29.86300,1922.750,50
09:33:30.01900,1922.750,25
09:33:30.39000,1923.000,6
09:33:30.83500,1922.750,255
09:33:31.01900,1923.000,154
09:33:31.53900,1922.750,1
09:33:31.81200,1922.750,70
09:33:32.31200,1922.500,11
09:33:32.51500,1922.750,3
09:33:32.58200,1922.500,1
09:33:32.69100,1922.750,1
09:33:33.09700,1922.750,4
09:33:33.13200,1922.750,1
09:33:33.21400,1922.750,46
09:33:33.39000,1923.000,2
09:33:33.52300,1922.750,1
09:33:33.77700,1922.750,1
09:33:35.04600,1922.750,2
09:33:35.23000,1922.750,4
09:33:35.39000,1922.750,1
09:33:35.71400,1923.000,5
09:33:36.17500,1922.750,224
09:33:36.35100,1922.750,50
09:33:36.79600,1923.000,13
09:33:36.96400,1923.000,2
09:33:37.50700,1922.750,1
09:33:38.50700,1923.000,1
09:33:38.78900,1922.750,1
09:33:39.16700,1922.750,1
09:33:39.26500,1922.750,4
09:33:39.37500,1922.750,140
09:33:39.44900,1922.500,93
09:33:39.59300,1922.500,15
09:33:39.76100,1922.750,13
09:33:39.91700,1922.750,34
09:33:40.03900,1922.750,4
09:33:40.14400,1922.750,1
09:33:40.20700,1922.750,10
09:33:40.41400,1922.500,162
09:33:40.53900,1922.750,423
09:33:40.76500,1922.750,1
09:33:41.03500,1922.500,62
09:33:41.03900,1922.500,2
09:33:41.15200,1922.750,45
09:33:41.57400,1922.750,1
09:33:41.92900,1922.500,5
09:33:42.16000,1922.500,22
09:33:42.72200,1922.500,5
09:33:42.76900,1922.500,1
09:33:43.14400,1922.750,2
09:33:43.44100,1922.750,4
09:33:43.51900,1922.500,1
09:33:43.65200,1922.500,5
09:33:43.77300,1922.500,2
09:33:43.85100,1922.500,1
09:33:44.07000,1922.500,1
09:33:44.26100,1922.500,55
09:33:44.77700,1922.500,194
09:33:44.95300,1922.500,2
09:33:45.18300,1922.500,25
09:33:45.28500,1922.500,30
09:33:45.40600,1922.500,2
09:33:45.62500,1922.500,14
09:33:45.73400,1922.250,54
09:33:45.88200,1922.250,2
09:33:45.91400,1922.250,22
09:33:46.10900,1922.250,3
09:33:46.19900,1922.500,2
09:33:46.49200,1922.500,55
09:33:46.66700,1922.500,132
09:33:46.87100,1922.250,2
09:33:47.09300,1922.250,3
09:33:47.11300,1922.250,6
09:33:47.18300,1922.250,1
09:33:47.32000,1922.250,2
09:33:47.62500,1922.500,137
09:33:47.73800,1922.500,22
09:33:47.87500,1922.500,4
09:33:47.91400,1922.500,7
09:33:48.35100,1922.500,14
09:33:48.37800,1922.500,22
09:33:48.41700,1922.500,1
09:33:48.60900,1922.500,33
09:33:48.94900,1922.500,4
09:33:49.17500,1922.500,359
09:33:49.40200,1922.500,11
09:33:49.51100,1922.250,46
09:33:49.62800,1922.250,14
09:33:49.69900,1922.250,10
09:33:49.73400,1922.250,2
09:33:50.19100,1922.250,432
09:33:50.28100,1922.250,1
09:33:50.47200,1922.000,4
09:33:50.55400,1922.000,4
09:33:50.89400,1922.250,10
09:33:51.05400,1922.250,4
09:33:51.19900,1922.000,2
09:33:51.91000,1922.000,5
09:33:52.05000,1922.000,2
09:33:52.33900,1922.000,23
09:33:52.60500,1922.000,3
09:33:52.77700,1922.000,1
09:33:52.91000,1922.000,3
09:33:53.14800,1922.250,10
09:33:53.47200,1922.000,2
09:33:53.64400,1922.000,6
09:33:53.83500,1922.000,350
09:33:53.93700,1922.000,4
09:33:54.09300,1922.000,3
09:33:54.20300,1922.000,6
09:33:54.28900,1922.000,8
09:33:54.50300,1922.000,1
09:33:54.86300,1922.000,1
09:33:55.00700,1922.250,1
09:33:55.35100,1922.250,3
09:33:55.46000,1922.000,11
09:33:55.48800,1922.000,51
09:33:55.89800,1922.250,1
09:33:56.26100,1922.000,10
09:33:56.69100,1922.000,1
09:33:56.90600,1922.000,113
09:33:57.12100,1922.000,21
09:33:57.24600,1922.000,30
09:33:57.47200,1921.750,3
09:33:57.60900,1922.000,52
09:33:58.05400,1922.000,27
09:33:58.18700,1922.000,27
09:33:58.28500,1922.000,17
09:33:58.64000,1922.000,25
09:33:58.93300,1922.250,6
09:33:59.02700,1922.000,3
09:33:59.22200,1922.000,7
09:33:59.32400,1922.000,16
09:33:59.58900,1921.750,1
09:33:59.93300,1922.000,1
09:34:00.42500,1922.250,40
09:34:00.60900,1922.250,2
09:34:01.06200,1922.000,5
09:34:01.25700,1922.250,27
09:34:02.18300,1922.000,4
09:34:02.55400,1922.250,4
09:34:02.73400,1922.000,4
09:34:02.90600,1922.000,3
09:34:03.24200,1922.000,2
09:34:03.37500,1922.250,21
09:34:03.39800,1922.000,2
09:34:03.46400,1922.250,11
09:34:03.73400,1922.000,12
09:34:03.88600,1922.250,3
09:34:04.07400,1922.250,1
09:34:04.33200,1922.000,2
09:34:04.54600,1922.250,3
09:34:04.77700,1922.250,2
09:34:04.90600,1922.250,11
09:34:05.04200,1922.250,228
09:34:05.12800,1922.250,6
09:34:05.51500,1922.250,6
09:34:05.71400,1922.500,4
09:34:05.91700,1922.250,25
09:34:06.07800,1922.250,2
09:34:06.42100,1922.250,1
09:34:06.62100,1922.500,1
09:34:06.72200,1922.250,17
09:34:07.05400,1922.250,5
09:34:07.29200,1922.250,5
09:34:07.75700,1922.000,133
09:34:08.05800,1922.250,76
09:34:08.48000,1922.250,13
09:34:08.58200,1922.250,1
09:34:08.68700,1921.750,620
09:34:08.89400,1922.000,201
09:34:08.89800,1922.000,338
09:34:09.04600,1921.750,350
09:34:09.12800,1921.750,3
09:34:09.29600,1921.750,4
09:34:09.57400,1921.750,3
09:34:09.65200,1921.500,9
09:34:09.83200,1921.500,133
09:34:09.94500,1921.500,401
09:34:10.26500,1921.500,299
09:34:10.41700,1921.500,11
09:34:10.53100,1921.500,64
09:34:10.67500,1921.500,20
09:34:10.92500,1921.500,36
09:34:11.24600,1921.500,28
09:34:11.57000,1921.500,42
09:34:11.69100,1921.500,4
09:34:11.79600,1921.500,30
09:34:11.86700,1921.500,2
09:34:12.23000,1921.250,7
09:34:12.39800,1921.250,6
09:34:12.54600,1921.500,21
09:34:12.68300,1921.500,99
09:34:12.84700,1921.500,32
09:34:12.89000,1921.500,1
09:34:12.94900,1921.500,1
09:34:13.03500,1921.500,25
09:34:13.14800,1921.750,16
09:34:13.76500,1921.500,94
09:34:14.05400,1921.750,103
09:34:14.13200,1921.750,3
09:34:14.28100,1921.500,9
09:34:14.53900,1921.500,955
09:34:14.58200,1921.750,299
09:34:14.76100,1921.750,75
09:34:14.84700,1921.750,1
09:34:14.96000,1921.500,7
09:34:15.12100,1921.750,7
09:34:15.53100,1922.000,43
09:34:15.66000,1921.750,50
09:34:16.10500,1921.750,11
09:34:16.27700,1921.750,1
09:34:16.38200,1921.750,1
09:34:16.87100,1922.000,160
09:34:16.92900,1922.000,2
09:34:17.00700,1922.000,20
09:34:17.22200,1922.000,36
09:34:17.30400,1922.000,13
09:34:17.55400,1921.750,560
09:34:17.93300,1921.750,1
09:34:18.01500,1921.750,13
09:34:18.20700,1922.000,3
09:34:18.35500,1922.000,20
09:34:18.43300,1921.750,3
09:34:18.63600,1921.750,3
09:34:18.71800,1921.750,1
09:34:19.15200,1922.000,3
09:34:19.65600,1922.000,1
09:34:19.67900,1922.000,1
09:34:19.80000,1922.000,111
09:34:20.00000,1922.000,12
09:34:20.29600,1922.000,1
09:34:20.52300,1921.750,66
09:34:20.59300,1922.000,5
09:34:21.44500,1922.000,46
09:34:21.55400,1922.000,78
09:34:21.60900,1922.000,5
09:34:22.00300,1922.000,3
09:34:22.12800,1922.000,3
09:34:22.16700,1922.000,13
09:34:22.42900,1921.750,136
09:34:22.42900,1921.750,2
09:34:22.93700,1922.000,74
09:34:23.58200,1921.750,108
09:34:23.80400,1921.750,2
09:34:24.09300,1921.750,2
09:34:24.28100,1921.500,4
09:34:25.06600,1921.750,62
09:34:25.10500,1921.750,1
09:34:25.23000,1921.750,12
09:34:25.34300,1921.500,1
09:34:25.65200,1921.750,16
09:34:25.83200,1921.750,54
09:34:26.09700,1921.750,35
09:34:26.14400,1921.750,1
09:34:26.21800,1921.750,34
09:34:26.45300,1921.750,24
09:34:26.71800,1921.750,35
09:34:27.58500,1921.750,2
09:34:27.76500,1921.750,2
09:34:27.83200,1921.750,2
09:34:27.88200,1921.500,3
09:34:27.96800,1921.750,1
09:34:28.21800,1921.750,2
09:34:28.53500,1921.500,3
09:34:28.72200,1921.750,83
09:34:29.11300,1922.000,26
09:34:29.66000,1922.000,1
09:34:30.28500,1922.000,7
09:34:30.39400,1921.750,2
09:34:30.54200,1922.000,27
09:34:30.60100,1922.000,1
09:34:31.20300,1921.750,29
09:34:31.20300,1921.750,95
09:34:31.37100,1921.750,68
09:34:31.41000,1921.750,12
09:34:31.59700,1921.750,7
09:34:31.64400,1921.750,1
09:34:31.72200,1921.750,3
09:34:31.96800,1921.750,5
09:34:32.18300,1921.750,7
09:34:32.23400,1921.750,4
09:34:32.37500,1921.750,34
09:34:32.68300,1921.750,12
09:34:33.07800,1921.750,90
09:34:33.24200,1922.000,5
09:34:33.44100,1922.000,1
09:34:34.26100,1921.750,111
09:34:34.50700,1921.500,6
09:34:34.59300,1921.750,5
09:34:34.75000,1921.500,10
09:34:34.81200,1921.750,3
09:34:35.17100,1921.500,100
09:34:35.44500,1921.750,28
09:34:35.48400,1921.750,12
09:34:35.51900,1921.500,29
09:34:35.87500,1921.750,12
09:34:36.22200,1921.750,4
09:34:36.34300,1921.750,1
09:34:36.49600,1921.750,3
09:34:36.77300,1921.750,10
09:34:36.93700,1921.500,5
09:34:37.30800,1921.750,1
09:34:37.90200,1921.750,1
09:34:38.11700,1921.750,2
09:34:38.27300,1921.500,25
09:34:38.50000,1921.750,2
09:34:38.87100,1921.500,15
09:34:39.00300,1921.500,1
09:34:40.06600,1921.500,6
09:34:40.49600,1921.500,12
09:34:40.84300,1921.500,86
09:34:40.96400,1921.500,1
09:34:41.10900,1921.750,1
09:34:41.44900,1921.500,3
09:34:41.51100,1921.750,1
09:34:41.57000,1921.750,1
09:34:41.79600,1921.750,62
09:34:41.79600,1921.750,38
09:34:42.00700,1921.750,12
09:34:42.29200,1921.750,5
09:34:42.33900,1921.750,1
09:34:42.73400,1921.750,81
09:34:43.01500,1921.750,70
09:34:43.03900,1921.750,1
09:34:43.12800,1921.750,3
09:34:43.42100,1922.000,1
09:34:43.84700,1922.000,1
09:34:44.24600,1922.000,1
09:34:44.44500,1922.000,209
09:34:44.64400,1922.250,7
09:34:44.95700,1922.000,96
09:34:45.08500,1922.250,5
09:34:45.21800,1922.000,41
09:34:45.55400,1922.000,38
09:34:45.57800,1922.000,22
09:34:45.71000,1922.000,7
09:34:45.78100,1922.250,5
09:34:46.28900,1922.250,1
09:34:46.48000,1922.250,3
09:34:46.85100,1922.000,1
09:34:47.17100,1922.250,6
09:34:47.45700,1922.250,1
09:34:47.57800,1922.250,2
09:34:47.89000,1922.000,1
09:34:48.25000,1922.250,2
09:34:48.36700,1922.250,180
09:34:48.49200,1922.250,151
09:34:48.53900,1922.250,73
09:34:48.75000,1922.250,67
09:34:48.85100,1922.250,10
09:34:49.02300,1922.250,4
09:34:49.24200,1922.250,3
09:34:49.32800,1922.250,16
09:34:49.35900,1922.250,2
09:34:49.58200,1922.500,7
09:34:49.79200,1922.500,2
09:34:50.07000,1922.500,2
09:34:50.32000,1922.500,57
09:34:50.42900,1922.500,112
09:34:50.74600,1922.500,159
09:34:50.83900,1922.500,5
09:34:50.87800,1922.500,25
09:34:51.11700,1922.250,34
09:34:51.18700,1922.250,2
09:34:51.33500,1922.500,10
09:34:51.74200,1922.500,1
09:34:52.03500,1922.500,3
09:34:52.42100,1922.500,118
09:34:52.46800,1922.500,1
09:34:52.69500,1922.500,2
09:34:53.50000,1922.250,10
09:34:53.62500,1922.250,92
09:34:53.71000,1922.500,3
09:34:54.11300,1922.500,1
09:34:54.54600,1922.250,67
09:34:54.83500,1922.250,8
09:34:54.92500,1922.250,2
09:34:55.20700,1922.250,4
09:34:55.49600,1922.000,32
09:34:55.66400,1922.250,1
09:34:56.01500,1922.250,9
09:34:56.22200,1922.250,1
09:34:56.45300,1922.250,13
09:34:57.13200,1922.250,4
09:34:57.30800,1922.250,4
09:34:57.67500,1922.000,209
09:34:58.03500,1922.000,128
09:34:58.08500,1922.000,5
09:34:58.14400,1921.750,3
09:34:58.50700,1922.000,2
09:34:58.79600,1922.000,1
09:34:58.93700,1922.000,192
09:34:59.24200,1922.000,2
09:34:59.43300,1922.000,2
09:35:00.00300,1921.500,77
09:35:00.25700,1921.500,3
09:35:00.34700,1921.750,6
09:35:00.43300,1921.500,29
09:35:00.57400,1921.750,90
09:35:00.61300,1921.750,41
09:35:00.92500,1921.500,4
09:35:01.10900,1921.750,15
09:35:01.35100,1921.500,122
09:35:01.53900,1921.750,63
09:35:01.78900,1921.750,1
09:35:02.07400,1921.750,25
09:35:02.42500,1921.500,5
09:35:03.23000,1921.500,10
09:35:03.53900,1921.750,13
09:35:03.79600,1921.500,6
09:35:04.03900,1921.500,174
09:35:04.22600,1921.250,16
09:35:04.37800,1921.500,4
09:35:04.43700,1921.500,1
09:35:04.58200,1921.250,147
09:35:04.70300,1921.500,417
09:35:04.70300,1921.500,8
09:35:04.79600,1921.500,5
09:35:04.87500,1921.250,12
09:35:05.06200,1921.500,5
09:35:05.61700,1921.250,2
09:35:05.80400,1921.500,2
09:35:06.14800,1921.250,119
09:35:06.38600,1921.500,53
09:35:06.67900,1921.500,5
09:35:06.89000,1921.500,36
09:35:07.06600,1921.500,15
09:35:07.45300,1921.500,1
09:35:07.63600,1921.750,5
09:35:07.90600,1921.750,8
09:35:08.03100,1921.750,2
09:35:08.21800,1921.500,1
09:35:08.63200,1921.500,27
09:35:09.28900,1921.500,118
09:35:09.45700,1921.500,20
09:35:09.76100,1921.500,43
09:35:10.03500,1921.500,79
09:35:10.22600,1921.250,8
09:35:10.28900,1921.250,25
09:35:11.12700,1921.500,5
09:35:11.54600,1921.500,10
09:35:12.01500,1921.500,13
09:35:12.37500,1921.250,120
09:35:12.52300,1921.250,1
09:35:13.28500,1921.250,84
09:35:13.29200,1921.000,84
09:35:13.37500,1921.000,19
09:35:13.41700,1921.000,2
09:35:13.71400,1921.250,6
09:35:14.05400,1921.000,1
09:35:14.39000,1921.250,1
09:35:14.47200,1921.250,1
09:35:15.19500,1921.250,163
09:35:15.27700,1921.250,38
09:35:15.30400,1921.250,3
09:35:15.59300,1921.000,59
09:35:15.64400,1921.000,1
09:35:15.85500,1920.750,500
09:35:16.25000,1920.750,249
09:35:16.60100,1921.000,18
09:35:16.71000,1920.750,9
09:35:16.80000,1921.000,1
09:35:17.08500,1920.750,4
09:35:17.38200,1920.750,1
09:35:17.78900,1920.750,3
09:35:18.05400,1920.750,3
09:35:18.24200,1920.750,1
09:35:18.52700,1920.750,24
09:35:18.74200,1920.750,20
09:35:18.86300,1921.000,12
09:35:19.00300,1921.000,9
09:35:19.05000,1921.000,171
09:35:19.05000,1921.000,5
09:35:19.05000,1921.000,38
09:35:19.05000,1921.000,52
09:35:19.08900,1921.000,41
09:35:19.26500,1921.000,2
09:35:19.36700,1921.250,20
09:35:19.51100,1921.250,6
09:35:19.58500,1921.000,41
09:35:19.82000,1921.000,3
09:35:20.10900,1921.000,2
09:35:20.32000,1921.000,23
09:35:20.54600,1921.000,71
09:35:20.73400,1921.000,212
09:35:20.78500,1921.000,3
09:35:20.88200,1921.000,3
09:35:21.07000,1921.000,37
09:35:21.48000,1920.750,29
09:35:21.75000,1921.250,144
09:35:21.87500,1921.000,3
09:35:22.18700,1921.000,53
09:35:22.23000,1921.000,3
09:35:22.87100,1921.000,1
09:35:23.18700,1921.250,166
09:35:23.42900,1921.250,7
09:35:23.92100,1921.250,99
09:35:24.02700,1921.250,20
09:35:24.12800,1921.250,14
09:35:24.76100,1921.250,6
09:35:25.21800,1921.500,7
09:35:25.41700,1921.250,3
09:35:25.46400,1921.500,1
09:35:25.73000,1921.500,132
09:35:25.80800,1921.250,20
09:35:25.87500,1921.000,1
09:35:26.01900,1921.500,13
09:35:26.07400,1921.250,23
09:35:26.46400,1921.250,5
09:35:26.58900,1921.250,1
09:35:26.87500,1921.500,11
09:35:27.46000,1921.250,31
09:35:27.75000,1921.250,3
09:35:27.89400,1921.250,1
09:35:28.08200,1921.500,11
09:35:28.46800,1921.500,15
09:35:28.60500,1921.500,1
09:35:29.04600,1921.250,2
09:35:29.53900,1921.500,1
09:35:29.96000,1921.500,92
09:35:30.16000,1921.250,5
09:35:31.01500,1921.250,2
09:35:31.23800,1921.500,1
09:35:31.63200,1921.250,9
09:35:32.01500,1921.250,194
09:35:32.49600,1921.250,8
09:35:32.75700,1921.000,107
09:35:32.85900,1921.000,5
09:35:33.12100,1921.000,47
09:35:33.32400,1921.000,7
09:35:33.60100,1921.000,9
09:35:33.74600,1921.000,2
09:35:33.82000,1920.750,1
09:35:33.84300,1921.000,5
09:35:34.06600,1921.000,3
09:35:34.33900,1921.000,4
09:35:34.68700,1921.000,1
09:35:34.82400,1920.750,85
09:35:34.82400,1920.750,23
09:35:35.26900,1921.000,101
09:35:35.61700,1921.000,5
09:35:36.20700,1921.000,1
09:35:36.45300,1921.000,6
09:35:36.75300,1920.750,106
09:35:36.80000,1921.000,407
09:35:37.01900,1920.750,124
09:35:37.16000,1920.750,46
09:35:37.18700,1920.500,59
09:35:37.38600,1920.750,6
09:35:37.70300,1920.500,1
09:35:37.80400,1920.500,1
09:35:38.14800,1920.500,10
09:35:38.28900,1920.750,7
09:35:38.41700,1920.750,2
09:35:38.79200,1920.500,2
09:35:39.04200,1920.750,1
09:35:39.23400,1920.500,8
09:35:39.39000,1920.500,50
09:35:39.94100,1920.750,213
09:35:40.35500,1920.750,6
09:35:40.49600,1920.750,7
09:35:40.55800,1920.750,11
09:35:40.83200,1920.750,169
09:35:41.09700,1921.000,11
09:35:41.34700,1920.750,53
09:35:41.37100,1920.750,23
09:35:41.51900,1920.750,5
09:35:41.65600,1921.000,1
09:35:41.91400,1920.750,71
09:35:41.94100,1920.750,15
09:35:42.03900,1920.750,2
09:35:42.19100,1920.750,4
09:35:42.57000,1920.750,10
09:35:42.92500,1920.750,5
09:35:43.14400,1920.500,29
09:35:43.34700,1920.500,1
09:35:43.64800,1920.500,118
09:35:43.79200,1920.750,39
09:35:44.11700,1920.750,28
09:35:44.16700,1920.750,1
09:35:44.41000,1921.000,54
09:35:44.57400,1920.750,23
09:35:44.82800,1921.000,6
09:35:45.14800,1921.000,4
09:35:45.34300,1920.750,118
09:35:45.41700,1920.750,3
09:35:45.68700,1920.750,1
09:35:45.89400,1920.750,32
09:35:45.94500,1920.500,50
09:35:46.31600,1920.500,1
09:35:46.57800,1920.750,2
09:35:46.80800,1920.500,4
09:35:47.00700,1920.750,10
09:35:47.92500,1920.500,1
09:35:48.36700,1920.750,10
09:35:48.94900,1920.500,510
09:35:48.96800,1920.500,9
09:35:49.13200,1920.500,26
09:35:49.16000,1920.500,3
09:35:49.30000,1920.250,8
09:35:49.40600,1920.500,29
09:35:49.50700,1920.500,17
09:35:49.94100,1920.250,3
09:35:50.14800,1920.500,4
09:35:50.23800,1920.500,65
09:35:50.32800,1920.500,5
09:35:50.88200,1920.250,63
09:35:51.00700,1920.500,22
09:35:51.09300,1920.500,22
09:35:51.39400,1920.250,24
09:35:51.81200,1920.250,327
09:35:52.10900,1920.000,60
09:35:52.18700,1920.000,6
09:35:52.27700,1920.000,8
09:35:52.62100,1920.000,18
09:35:52.83900,1920.250,2
09:35:52.95300,1920.250,2
09:35:53.09300,1920.250,7
09:35:53.14000,1920.000,5
09:35:53.28500,1920.000,65
09:35:53.44100,1920.000,52
09:35:53.61300,1920.000,2
09:35:53.75000,1920.000,213
09:35:54.62800,1919.750,571
09:35:54.75000,1920.000,4
09:35:55.00000,1919.750,2
09:35:55.34700,1920.000,1
09:35:55.68700,1920.000,7
09:35:55.77300,1919.750,15
09:35:55.89800,1920.000,1
09:35:55.93300,1920.000,2
09:35:56.16000,1920.000,35
09:35:56.25000,1919.750,4
09:35:56.43300,1920.000,1
09:35:56.55000,1919.750,1
09:35:56.69900,1919.750,2
09:35:57.42900,1920.000,2
09:35:57.74200,1919.750,6
09:35:57.80800,1919.750,1
09:35:57.91700,1919.750,1
09:35:58.11300,1919.750,4
09:35:58.38200,1920.250,322
09:35:58.51500,1920.000,1
09:35:58.68700,1920.250,11
09:35:59.09300,1920.000,5
09:35:59.51500,1920.000,4
09:35:59.91000,1920.000,5
09:36:00.14800,1920.000,3
09:36:00.26100,1920.250,5
09:36:00.42900,1920.250,10
09:36:01.06600,1920.250,466
09:36:01.20700,1920.250,2
09:36:01.61700,1920.250,4
09:36:01.71400,1920.250,5
09:36:02.47600,1920.250,3
09:36:02.78100,1920.250,132
09:36:02.90600,1920.500,23
09:36:02.93700,1920.500,1
09:36:03.32800,1920.250,103
09:36:03.50300,1920.250,2
09:36:04.07000,1920.250,3
09:36:04.11700,1920.250,1
09:36:04.17900,1920.250,11
09:36:04.25700,1920.250,1
09:36:04.34300,1920.000,5
09:36:04.47200,1920.250,1
09:36:04.85900,1920.250,196
09:36:04.96000,1920.000,19
09:36:05.10500,1920.250,14
09:36:05.24600,1920.250,12
09:36:05.43300,1920.500,12
09:36:05.50700,1920.250,1
09:36:05.56600,1920.250,2
09:36:05.80400,1920.500,3
09:36:06.37100,1920.500,93
09:36:06.44500,1920.500,82
09:36:06.68700,1920.500,10
09:36:06.83200,1920.500,10
09:36:07.00700,1920.500,22
09:36:07.01500,1920.500,1
09:36:07.17500,1920.750,14
09:36:07.29200,1920.500,5
09:36:07.36700,1920.750,1
09:36:07.47600,1920.750,1
09:36:07.56600,1920.500,2
09:36:07.68700,1920.750,12
09:36:08.17900,1920.750,2
09:36:08.22200,1920.750,1
09:36:08.30000,1920.500,5
09:36:08.51900,1920.750,3
09:36:08.56600,1920.500,1
09:36:08.64400,1920.750,1
09:36:08.79200,1920.750,146
09:36:08.94100,1920.750,3
09:36:09.17100,1920.500,17
09:36:09.96000,1920.750,6
09:36:10.23000,1920.750,180
09:36:10.32000,1920.750,2
09:36:10.46800,1920.500,3
09:36:10.75300,1920.500,134
09:36:10.76500,1920.500,12
09:36:11.27300,1920.500,96
09:36:11.40200,1920.750,1
09:36:11.64800,1920.500,1
09:36:11.83900,1920.500,45
09:36:12.08900,1920.500,10
09:36:12.23800,1920.500,4
09:36:12.64800,1920.500,47
09:36:12.70300,1920.500,15
09:36:12.74200,1920.500,20
09:36:12.86700,1920.750,21
09:36:13.56200,1920.500,1
09:36:13.85900,1920.750,121
09:36:14.00300,1920.750,52
09:36:14.16000,1921.000,271
09:36:14.22200,1921.000,2
09:36:14.92900,1920.750,2
09:36:15.04600,1921.000,3
09:36:15.33200,1921.000,4
09:36:15.51100,1921.000,1
09:36:15.60100,1921.000,1
09:36:15.84700,1920.750,1
09:36:16.09700,1921.000,1
09:36:16.55400,1921.000,179
09:36:16.87500,1921.000,2
09:36:16.96400,1921.000,21
09:36:17.23800,1921.000,1
09:36:17.33500,1920.750,4
09:36:17.64400,1921.000,1
09:36:17.87800,1921.000,11
09:36:18.06200,1921.000,5
09:36:19.04600,1921.000,10
09:36:19.21000,1920.750,1
09:36:19.42500,1921.000,2
09:36:19.82400,1920.750,5
09:36:20.00000,1921.000,12
09:36:20.29200,1921.000,1
09:36:20.41000,1921.000,13
09:36:21.55000,1921.000,1
09:36:21.84700,1921.000,1
09:36:22.20700,1920.750,178
09:36:22.32800,1920.500,2
09:36:22.44500,1920.750,5
09:36:22.55400,1920.500,58
09:36:22.73400,1920.750,3
09:36:22.82800,1920.750,11
09:36:23.10500,1920.500,55
09:36:23.16400,1920.500,5
09:36:23.55400,1920.500,44
09:36:23.82000,1920.500,2
09:36:23.95700,1920.500,2
09:36:24.01900,1920.250,2
09:36:24.07800,1920.500,1
09:36:24.33200,1920.500,7
09:36:24.60500,1920.500,24
09:36:24.91400,1920.500,1
09:36:25.26100,1920.750,49
09:36:25.32400,1920.750,4
09:36:25.37800,1920.750,5
09:36:25.53900,1920.750,51
09:36:25.94100,1921.000,1
09:36:26.85500,1920.750,41
09:36:27.19900,1920.750,12
09:36:27.53100,1920.500,2
09:36:27.96400,1920.500,116
09:36:28.19500,1920.500,5
09:36:28.79200,1920.250,31
09:36:28.79600,1920.500,125
09:36:29.37800,1920.250,84
09:36:29.65600,1920.250,9
09:36:29.73800,1920.250,17
09:36:29.87100,1920.250,6
09:36:30.11300,1920.250,57
09:36:30.78100,1920.250,2
09:36:31.47600,1920.250,4
09:36:31.67500,1920.000,126
09:36:31.87500,1920.250,1
09:36:32.09700,1920.000,31
09:36:32.16400,1920.250,1
09:36:32.35900,1920.000,4
09:36:32.59300,1920.250,3
09:36:32.87800,1920.250,4
09:36:33.24600,1920.250,11
09:36:33.50700,1920.250,1
09:36:33.69900,1920.000,8
09:36:33.96000,1920.250,52
09:36:34.12100,1920.250,2
09:36:34.17500,1920.250,1
09:36:34.36300,1920.000,1
09:36:34.48400,1920.250,1
09:36:34.82800,1920.000,2
09:36:35.23800,1920.250,2
09:36:35.62100,1920.000,1
09:36:36.16700,1920.000,146
09:36:36.24200,1920.000,5
09:36:36.31600,1920.000,14
09:36:36.44900,1920.000,8
09:36:36.86700,1920.000,3
09:36:36.96000,1919.750,2
09:36:37.05000,1919.750,1
09:36:37.38600,1919.750,5
09:36:37.53100,1920.000,2
09:36:37.87500,1919.750,1
09:36:38.21000,1920.000,97
09:36:38.39800,1920.000,3
09:36:38.47600,1920.000,21
09:36:38.62800,1920.250,16
09:36:38.70300,1920.000,9
09:36:39.02300,1919.750,2
09:36:39.46000,1920.000,39
09:36:39.62500,1920.250,3
09:36:39.67900,1920.000,23
09:36:40.05800,1920.000,12
09:36:40.07400,1920.250,1
09:36:40.40200,1920.000,57
09:36:40.57400,1920.000,1
09:36:40.94500,1919.750,280
09:36:41.12100,1919.750,26
09:36:41.16000,1919.750,3
09:36:41.73000,1919.750,44
09:36:42.00000,1919.750,41
09:36:42.02700,1919.750,7
09:36:42.10100,1919.750,1
09:36:42.29200,1919.750,6
09:36:42.50700,1919.750,9
09:36:42.63200,1919.750,13
09:36:42.77300,1919.750,35
09:36:42.96800,1919.500,131
09:36:43.06200,1919.750,7
09:36:43.27300,1919.750,11
09:36:43.47600,1919.750,36
09:36:43.64000,1919.750,4
09:36:43.77700,1919.750,102
09:36:43.82400,1919.750,107
09:36:43.95300,1919.750,20
09:36:44.06200,1920.000,3
09:36:44.20300,1920.000,8
09:36:44.44100,1919.750,18
09:36:44.55400,1919.750,23
09:36:44.75300,1920.000,1
09:36:45.69500,1919.750,6
09:36:46.10900,1919.750,27
09:36:46.34300,1919.750,4
09:36:46.65200,1919.750,4
09:36:46.81200,1919.750,2
09:36:46.90600,1919.750,9
09:36:47.02300,1919.500,1
09:36:47.11700,1919.750,16
09:36:47.25300,1919.750,1
09:36:47.35100,1919.750,3
09:36:47.39400,1919.750,1
09:36:47.90200,1919.750,32
09:36:48.92500,1919.750,5
09:36:49.57000,1919.750,165
09:36:49.64800,1919.750,1
09:36:50.03500,1919.750,3
09:36:50.32800,1919.500,2
09:36:50.45700,1919.750,3
09:36:50.58500,1919.750,22
09:36:50.86300,1919.750,7
09:36:51.76100,1919.750,2
09:36:52.07800,1919.750,56
09:36:52.13200,1919.750,1
09:36:52.57000,1920.000,102
09:36:53.03900,1920.000,15
09:36:53.24600,1919.750,1
09:36:53.83200,1920.000,47
09:36:53.96800,1920.000,12
09:36:54.24200,1920.000,50
09:36:54.38600,1920.500,88
09:36:54.42900,1920.500,1
09:36:54.65200,1920.500,3
09:36:55.04600,1920.500,1
09:36:55.41000,1920.500,122
09:36:55.59300,1920.500,13
09:36:55.66400,1920.500,12
09:36:56.08200,1920.500,2
09:36:56.18300,1920.250,10
09:36:56.45700,1920.250,64
09:36:57.33200,1920.250,2
09:36:57.57000,1920.500,3
09:36:57.66700,1920.250,107
09:36:58.16000,1920.250,28
09:36:58.60900,1920.250,103
09:36:58.70300,1920.250,116
09:36:58.85500,1920.500,3
09:36:59.34700,1920.250,2
09:36:59.38600,1920.250,14
09:36:59.56600,1920.250,1
09:36:59.85900,1920.500,4
09:37:00.31200,1920.500,7
09:37:00.68700,1920.500,2
09:37:00.80000,1920.500,2
09:37:01.05800,1920.750,163
09:37:01.16400,1920.750,2
09:37:01.19100,1920.750,2
09:37:01.37500,1920.500,4
09:37:01.68700,1920.750,15
09:37:01.86300,1920.750,5
09:37:01.87500,1920.500,1
09:37:01.92900,1920.750,1
09:37:02.06200,1920.750,20
09:37:02.25000,1921.000,7
09:37:02.45700,1921.000,1
09:37:02.80000,1920.750,2
09:37:02.87800,1920.750,1
09:37:03.01500,1921.000,1
09:37:03.26500,1921.000,1
09:37:03.44900,1921.000,5
09:37:03.55000,1921.000,5
09:37:03.77700,1921.000,2
09:37:03.92900,1921.000,13
09:37:04.25700,1921.000,3
09:37:04.61300,1920.750,62
09:37:04.61700,1920.750,69
09:37:04.82000,1920.750,5
09:37:05.08500,1920.750,5
09:37:05.28100,1920.500,3
09:37:05.35900,1920.750,5
09:37:06.63600,1920.750,2
09:37:07.20300,1920.500,1
09:37:07.48800,1920.750,4
09:37:09.58200,1920.500,115
09:37:09.74200,1920.750,17
09:37:10.06600,1920.500,1
09:37:10.89000,1920.500,10
09:37:11.30000,1920.750,15
09:37:11.74600,1920.750,1
09:37:12.06600,1920.500,1
09:37:12.58200,1920.500,4
09:37:12.71800,1920.500,83
09:37:12.90600,1920.750,1
09:37:13.14800,1920.500,1
09:37:13.25300,1920.500,89
09:37:13.46400,1920.750,1
09:37:14.24200,1920.750,20
09:37:14.30400,1920.500,6
09:37:14.37100,1920.750,1
09:37:14.68300,1920.500,2
09:37:16.01500,1920.500,2
09:37:16.69900,1920.500,5
09:37:16.88600,1920.750,1
09:37:17.37100,1920.500,12
09:37:18.03900,1920.750,1
09:37:18.28500,1920.750,119
09:37:18.28500,1920.750,19
09:37:18.64400,1920.750,1
09:37:18.91400,1920.750,42
09:37:19.42500,1920.750,9
09:37:19.50700,1920.750,1
09:37:19.66700,1920.500,4
09:37:19.82000,1920.750,1
09:37:20.33500,1920.750,3
09:37:20.64800,1920.500,62
09:37:21.05800,1920.750,5
09:37:21.46000,1920.500,88
09:37:21.57000,1920.750,150
09:37:22.31600,1920.500,50
09:37:22.34300,1920.500,21
09:37:22.48400,1920.500,16
09:37:22.54600,1920.500,32
09:37:22.64800,1920.500,5
09:37:23.00300,1920.500,44
09:37:23.13200,1920.500,1
09:37:23.40200,1920.500,23
09:37:23.53500,1920.500,1
09:37:23.59700,1920.500,2
09:37:23.88200,1920.250,3
09:37:24.12100,1920.250,41
09:37:24.27300,1920.500,4
09:37:24.39400,1920.500,1
09:37:24.54600,1920.500,2
09:37:24.92900,1920.250,1
09:37:25.27300,1920.500,1
09:37:25.67500,1920.500,66
09:37:25.80800,1920.250,1
09:37:26.01900,1920.500,1
09:37:26.11700,1920.500,32
09:37:26.17100,1920.500,5
09:37:26.35100,1920.500,1
09:37:26.58500,1920.500,5
09:37:27.35100,1920.250,140
09:37:27.79200,1920.250,16
09:37:27.81200,1920.500,2
09:37:27.85100,1920.500,1
09:37:28.58500,1920.500,1
09:37:29.00000,1920.250,1
09:37:29.23800,1920.500,1
09:37:29.53100,1920.500,21
09:37:29.63200,1920.500,1
09:37:30.21400,1920.500,1
09:37:30.78100,1920.250,197
09:37:31.05800,1920.250,3
09:37:31.52700,1920.250,55
09:37:31.75700,1920.250,4
09:37:32.35100,1920.500,2
09:37:33.56200,1920.500,5
09:37:33.86700,1920.500,2
09:37:34.44100,1920.500,29
09:37:35.46400,1920.250,5
09:37:36.30000,1920.250,16
09:37:36.47600,1920.500,41
09:37:36.85100,1920.500,1
09:37:37.02700,1920.250,62
09:37:37.25700,1920.250,31
09:37:37.47200,1920.250,159
09:37:37.60100,1920.250,5
09:37:37.78100,1920.000,1
09:37:37.83900,1920.000,25
09:37:38.28900,1920.250,95
09:37:38.30000,1920.500,1
09:37:38.61300,1920.250,7
09:37:38.69100,1920.000,1
09:37:38.83900,1920.000,15
09:37:39.22200,1920.250,21
09:37:40.52300,1920.000,51
09:37:41.07400,1920.000,7
09:37:41.13200,1920.000,6
09:37:41.22200,1920.000,1
09:37:42.67900,1920.000,4
09:37:43.02300,1920.250,180
09:37:43.12500,1920.250,4
09:37:43.53100,1920.250,5
09:37:43.62500,1920.000,3
09:37:43.71400,1920.000,5
09:37:43.93700,1920.250,5
09:37:45.49200,1920.000,2
09:37:46.32400,1920.250,1
09:37:46.82800,1920.250,112
09:37:47.17100,1920.250,7
09:37:47.35500,1920.250,155
09:37:47.91700,1920.250,85
09:37:48.15600,1920.250,4
09:37:48.33200,1920.250,5
09:37:48.70300,1920.250,15
09:37:48.93700,1920.250,2
09:37:49.20700,1920.250,4
09:37:49.28900,1920.250,1
09:37:49.61700,1920.000,3
09:37:49.82000,1920.250,15
09:37:50.16400,1920.000,1
09:37:50.43300,1920.250,12
09:37:50.65200,1920.250,68
09:37:50.75300,1920.250,1
09:37:51.07800,1920.250,5
09:37:51.47200,1920.250,1
09:37:51.79600,1920.250,6
09:37:51.88200,1920.250,20
09:37:52.04200,1920.250,24
09:37:52.26500,1920.250,11
09:37:53.06600,1920.250,1
09:37:53.87100,1920.500,3
09:37:54.30800,1920.500,25
09:37:54.77300,1920.500,81
09:37:55.10500,1920.750,4
09:37:55.46400,1920.500,104
09:37:55.50700,1920.500,2
09:37:55.62500,1920.750,10
09:37:56.15200,1920.500,4
09:37:56.29200,1920.500,1
09:37:56.80000,1920.750,1
09:37:57.50700,1920.250,236
09:37:57.53900,1920.500,49
09:37:57.81600,1920.500,11
09:37:58.05400,1920.500,6
09:37:58.07000,1920.750,1
09:37:58.83500,1920.750,1
09:37:58.90600,1920.500,1
09:37:59.08500,1920.750,18
09:37:59.69100,1920.500,51
09:37:59.83500,1920.750,5
09:38:00.29600,1920.750,2
09:38:00.83200,1920.750,2
09:38:01.85100,1920.500,2
09:38:02.12500,1920.750,1
09:38:02.67100,1920.750,2
09:38:02.75300,1920.750,5
09:38:02.85100,1920.500,5
09:38:03.03500,1920.750,1
09:38:03.30000,1920.500,10
09:38:03.79600,1920.750,4
09:38:03.87500,1920.750,228
09:38:04.23800,1921.000,6
09:38:04.70300,1921.000,66
09:38:04.78500,1920.750,329
09:38:04.89800,1920.750,5
09:38:05.05000,1920.750,3
09:38:05.17900,1920.750,5
09:38:05.27700,1921.000,5
09:38:05.63200,1921.000,2
09:38:05.85100,1921.000,30
09:38:06.19900,1921.000,1
09:38:06.70700,1921.000,8
09:38:06.80800,1921.000,31
09:38:06.86700,1921.000,8
09:38:07.83500,1921.000,15
09:38:08.17500,1921.250,375
09:38:08.23400,1921.000,5
09:38:08.33500,1921.000,9
09:38:08.49200,1921.000,3
09:38:09.08200,1921.000,2
09:38:09.62800,1921.250,1
09:38:09.88200,1921.250,10
09:38:10.48000,1921.000,5
09:38:10.89800,1921.000,21
09:38:11.32000,1921.250,2
09:38:11.55800,1921.250,2
09:38:11.71800,1921.250,151
09:38:11.85900,1921.250,17
09:38:12.21400,1921.250,76
09:38:12.25700,1921.250,28
09:38:12.35100,1921.250,40
09:38:12.54200,1921.500,36
09:38:12.66400,1921.500,1
09:38:12.80400,1921.250,40
09:38:12.83900,1921.250,12
09:38:12.90600,1921.250,21
09:38:13.03100,1921.250,3
09:38:13.12800,1921.250,2
09:38:13.77300,1921.250,3
09:38:13.85900,1921.250,1
09:38:14.17500,1921.250,3
09:38:14.34700,1921.250,2
09:38:14.42900,1921.250,2
09:38:14.58200,1921.250,11
09:38:14.76900,1921.000,2
09:38:15.19500,1921.250,2
09:38:15.58500,1921.000,1079
09:38:15.70300,1921.250,245
09:38:16.11700,1921.250,1
09:38:16.34700,1921.000,8
09:38:16.48800,1921.000,5
09:38:16.59700,1921.250,4
09:38:16.81200,1921.000,36
09:38:17.02300,1921.250,10
09:38:17.08900,1921.000,7
09:38:17.27300,1921.250,3
09:38:17.48000,1921.000,26
09:38:17.86700,1921.000,6
09:38:17.91700,1921.250,2
09:38:18.72200,1921.000,1
09:38:19.09700,1921.250,5
09:38:19.48800,1921.000,11
09:38:19.57000,1921.250,1
09:38:19.67500,1921.000,1
09:38:19.76100,1921.250,2
09:38:19.91700,1921.000,123
09:38:20.85500,1921.250,1
09:38:21.21800,1921.250,94
09:38:21.41000,1921.250,34
09:38:21.55800,1921.250,15
09:38:21.66000,1921.250,13
09:38:22.05400,1921.250,1
09:38:22.22200,1921.250,1
09:38:22.95300,1921.250,4
09:38:23.50300,1921.250,1
09:38:23.87800,1921.250,90
09:38:24.14800,1921.500,6
09:38:24.38600,1921.250,2
09:38:24.60900,1921.500,4
09:38:24.85900,1921.500,1
09:38:25.85500,1921.500,2
09:38:26.08500,1921.500,6
09:38:26.21000,1921.500,6
09:38:26.34700,1921.500,26
09:38:26.73000,1921.250,6
09:38:27.32800,1921.500,1
09:38:27.57400,1921.500,230
09:38:27.65600,1921.500,44
09:38:27.88600,1921.500,18
09:38:28.21000,1921.500,55
09:38:28.46400,1921.500,41
09:38:28.50700,1921.500,12
09:38:28.64000,1921.500,2
09:38:28.96000,1921.500,1
09:38:29.12800,1921.500,1
09:38:29.16400,1921.500,3
09:38:29.27700,1921.500,4
09:38:29.56200,1921.500,1
09:38:29.67900,1921.500,5
09:38:30.01900,1921.500,1
09:38:30.18700,1921.500,1
09:38:30.46800,1921.500,1
09:38:31.00000,1921.500,3
09:38:31.05000,1921.500,1
09:38:31.21000,1921.500,1
09:38:31.42100,1921.500,1
09:38:31.67100,1921.500,295
09:38:31.88600,1921.500,1
09:38:32.42900,1921.500,1
09:38:32.58500,1921.250,1
09:38:32.85500,1921.500,7
09:38:33.08500,1921.500,63
09:38:33.20700,1921.250,2
09:38:34.07000,1921.500,82
09:38:34.25300,1921.500,69
09:38:34.30800,1921.500,2
09:38:34.47600,1921.500,1
09:38:34.67100,1921.500,1
09:38:35.06600,1921.500,55
09:38:35.06600,1921.500,1
09:38:35.16400,1921.500,23
09:38:35.63200,1921.500,1
09:38:36.65600,1921.500,1
09:38:36.72200,1921.750,6
09:38:36.96400,1921.500,1
09:38:37.06600,1921.500,5
09:38:37.32000,1921.500,4
09:38:37.59700,1921.500,80
09:38:37.64800,1921.500,78
09:38:38.54600,1921.500,3
09:38:38.78900,1921.500,1
09:38:39.32800,1921.500,4
09:38:39.47600,1921.500,2
09:38:39.61700,1921.500,2
09:38:39.63200,1921.250,2
09:38:40.21000,1921.500,1
09:38:40.31600,1921.250,1
09:38:40.50700,1921.500,1
09:38:40.67100,1921.500,2
09:38:41.28900,1921.500,100
09:38:41.41000,1921.500,6
09:38:42.06200,1921.500,3
09:38:42.14400,1921.250,2
09:38:42.21400,1921.500,1
09:38:42.46800,1921.500,1
09:38:42.87500,1921.500,12
09:38:42.93700,1921.250,1
09:38:43.03100,1921.500,1
09:38:43.32400,1921.500,3
09:38:43.57800,1921.500,5
09:38:43.87800,1921.500,2
09:38:44.48000,1921.500,9
09:38:45.10500,1921.500,1
09:38:45.14000,1921.250,1
09:38:45.48800,1921.500,1
09:38:45.62800,1921.250,1
09:38:46.05000,1921.250,3
09:38:46.41700,1921.500,1
09:38:46.90200,1921.250,1
09:38:47.06600,1921.500,1
09:38:47.93300,1921.250,2
09:38:48.22600,1921.500,1
09:38:48.94500,1921.500,193
09:38:49.39800,1921.500,60
09:38:49.51900,1921.500,5
09:38:49.59300,1921.500,32
09:38:49.67500,1921.500,1
09:38:50.04200,1921.500,4
09:38:51.21800,1921.500,101
09:38:51.67900,1921.500,2
09:38:51.83900,1921.500,14
09:38:51.87800,1921.500,6
09:38:51.96800,1921.500,4
09:38:52.75000,1921.500,1
09:38:53.08200,1921.500,1
09:38:53.19900,1921.500,1
09:38:53.81600,1921.250,49
09:38:53.83200,1921.000,897
09:38:54.08900,1921.000,114
09:38:54.30800,1920.750,19
09:38:54.64000,1921.000,20
09:38:54.86300,1920.750,12
09:38:55.42900,1921.000,138
09:38:55.43300,1921.000,6
09:38:55.75300,1921.000,134
09:38:55.79600,1921.000,2
09:38:55.90200,1920.750,52
09:38:56.26100,1920.750,1
09:38:56.54200,1920.750,6
09:38:56.77300,1920.750,2
09:38:56.94500,1921.000,2
09:38:57.07000,1920.750,84
09:38:57.08200,1920.750,6
09:38:57.40200,1920.750,26
09:38:58.03900,1920.750,2
09:38:58.15600,1920.500,15
09:38:58.31600,1920.500,2
09:38:58.61300,1920.750,3
09:38:59.04200,1920.750,2
09:38:59.08500,1920.750,1
09:38:59.67500,1920.500,186
09:39:00.04600,1920.750,6
09:39:00.13200,1920.500,1
09:39:00.21400,1920.500,8
09:39:00.41700,1920.750,40
09:39:00.56600,1920.500,1
09:39:01.02300,1920.500,2
09:39:01.06600,1920.750,1
09:39:01.22600,1920.750,4
09:39:01.41000,1920.500,1
09:39:02.41700,1920.750,28
09:39:02.53100,1920.500,1
09:39:02.95300,1920.500,2
09:39:03.07800,1920.500,2
09:39:03.26500,1920.500,13
09:39:03.46800,1920.500,76
09:39:03.54600,1920.750,24
09:39:03.60100,1920.500,23
09:39:04.08200,1920.750,5
09:39:04.35500,1920.500,4
09:39:04.67100,1920.500,5
09:39:04.85500,1920.750,2
09:39:05.12500,1920.750,1
09:39:05.28900,1920.250,135
09:39:05.61700,1920.250,841
09:39:05.69900,1920.250,31
09:39:06.05800,1920.000,222
09:39:06.36700,1920.250,130
09:39:06.42500,1920.250,4
09:39:06.57800,1920.250,116
09:39:06.83900,1920.250,2
09:39:06.88200,1920.250,1
09:39:07.05800,1920.500,3
09:39:07.18300,1920.250,1
09:39:07.60500,1920.250,5
09:39:07.71800,1920.250,1
09:39:07.84700,1920.250,59
09:39:07.96000,1920.250,23
09:39:08.19900,1920.250,29
09:39:08.34700,1920.250,97
09:39:08.40200,1920.250,8
09:39:08.71000,1920.250,16
09:39:08.81200,1920.000,19
09:39:08.87500,1920.000,2
09:39:08.96800,1920.000,4
09:39:09.23400,1920.000,1
09:39:09.60500,1920.000,29
09:39:09.87500,1920.000,27
09:39:09.94100,1920.000,1
09:39:10.50700,1920.000,2
09:39:10.88200,1920.000,28
09:39:11.17100,1920.000,100
09:39:11.22200,1920.000,34
09:39:11.34300,1920.000,2
09:39:11.47200,1920.000,2
09:39:11.64400,1920.000,86
09:39:11.67100,1920.000,67
09:39:11.76500,1920.000,18
09:39:11.83200,1919.750,2
09:39:11.94100,1920.000,6
09:39:12.10500,1920.000,12
09:39:12.32800,1920.250,6
09:39:12.52300,1920.000,30
09:39:12.59300,1919.750,87
09:39:12.68300,1919.750,1
09:39:13.11700,1919.750,4
09:39:13.21800,1919.750,1
09:39:13.64800,1920.000,2
09:39:13.69100,1919.750,2
09:39:13.79200,1920.000,3
09:39:13.92500,1919.750,1
09:39:14.21800,1920.000,135
09:39:14.27300,1920.000,1
09:39:14.39800,1920.000,5
09:39:14.52300,1920.000,2
09:39:14.58500,1920.000,3
09:39:14.63200,1920.000,16
09:39:14.80400,1920.000,13
09:39:14.94500,1920.250,2
09:39:15.03900,1920.250,1
09:39:15.16700,1920.000,1
09:39:15.30400,1920.000,2
09:39:15.45700,1920.000,1
09:39:15.70700,1920.000,5
09:39:15.89000,1920.000,1
09:39:15.92900,1920.000,1
09:39:16.03900,1920.000,3
09:39:16.21400,1920.000,2
09:39:17.14800,1920.000,2
09:39:17.27300,1920.000,1
09:39:17.59300,1920.250,2
09:39:18.23800,1920.000,121
09:39:18.40200,1920.000,4
09:39:18.70300,1920.000,1
09:39:18.85900,1920.000,10
09:39:18.96000,1920.000,12
09:39:19.07000,1920.000,2
09:39:19.25000,1920.000,1
09:39:19.42900,1919.750,6
09:39:19.83500,1919.750,2
09:39:19.93700,1920.000,1
09:39:20.21400,1920.000,6
09:39:20.42100,1919.750,5
09:39:20.47600,1920.000,2
09:39:20.76500,1920.000,40
09:39:20.83200,1920.000,1
09:39:20.90200,1920.000,1
09:39:21.33900,1920.000,2
09:39:21.75300,1920.000,117
09:39:22.60500,1920.000,22
09:39:22.80000,1919.750,50
09:39:22.86700,1919.750,1
09:39:23.38200,1919.750,1
09:39:23.73800,1919.750,10
09:39:23.89400,1919.750,9
09:39:24.24200,1919.500,28
09:39:24.64800,1919.750,1
09:39:24.88200,1919.500,3
09:39:25.19900,1919.750,2
09:39:25.49200,1919.500,50
09:39:25.61700,1919.500,65
09:39:25.74600,1919.750,1
09:39:25.88200,1919.750,21
09:39:26.03900,1919.500,11
09:39:26.66700,1919.500,4
09:39:27.38600,1919.500,7
09:39:27.84700,1919.750,66
09:39:28.16400,1919.750,3
09:39:28.37500,1919.750,2
09:39:28.46000,1919.750,3
09:39:28.60500,1920.250,62
09:39:28.73400,1920.000,1
09:39:28.87800,1920.000,2
09:39:29.15600,1920.000,12
09:39:29.52700,1920.000,3
09:39:29.76100,1920.000,2
09:39:29.94100,1920.000,42
09:39:29.94100,1920.000,30
09:39:30.38200,1919.750,19
09:39:30.53900,1920.000,21
09:39:31.10100,1919.750,4
09:39:32.07000,1919.750,120
09:39:32.49600,1919.750,3
09:39:32.61700,1919.750,2
09:39:32.84300,1919.500,106
09:39:32.97200,1919.500,48
09:39:33.31600,1919.750,2
09:39:33.57000,1919.500,32
09:39:33.69900,1919.500,7
09:39:33.91400,1919.500,1
09:39:34.31600,1919.500,2
09:39:34.46400,1919.750,3
09:39:34.88600,1919.750,6
09:39:35.00700,1919.500,2
09:39:35.75000,1919.500,4
09:39:36.11700,1919.750,2
09:39:36.13600,1919.750,1
09:39:36.35100,1919.750,1
09:39:36.85900,1919.750,22
09:39:37.07400,1919.750,1
09:39:37.45700,1919.500,3
09:39:37.71400,1919.500,5
09:39:38.64800,1919.500,1
09:39:38.91400,1919.500,3
09:39:39.14000,1919.750,20
09:39:39.31600,1919.750,1
09:39:39.58500,1919.500,2
09:39:39.83900,1919.500,1
09:39:39.90600,1919.750,8
09:39:40.80800,1919.750,1
09:39:41.14800,1919.750,7
09:39:41.28500,1919.750,3
09:39:41.40600,1919.500,1
09:39:41.82800,1919.500,11
09:39:42.39800,1919.500,1
09:39:42.58500,1919.750,2
09:39:42.75700,1919.750,2
09:39:43.41000,1919.750,3
09:39:43.84300,1919.500,5
09:39:44.02700,1919.500,21
09:39:44.14000,1919.750,6
09:39:44.23400,1919.500,5
09:39:44.58200,1919.500,17
09:39:44.71800,1919.500,2
09:39:45.13600,1919.500,2
09:39:45.23400,1919.750,1
09:39:45.39800,1919.750,1
09:39:45.90200,1919.500,7
09:39:46.57000,1919.500,4
09:39:46.68700,1919.500,2
09:39:46.82000,1919.750,8
09:39:47.00700,1919.500,2
09:39:47.04200,1919.750,9
09:39:47.26100,1919.500,2
09:39:47.63600,1919.750,1
09:39:47.67500,1919.500,5
09:39:48.01100,1919.750,1
09:39:48.27300,1919.500,78
09:39:48.48000,1919.500,1
09:39:48.57400,1919.750,10
09:39:48.87100,1919.750,10
09:39:49.15600,1919.750,284
09:39:49.26500,1920.000,5
09:39:49.48000,1919.750,1
09:39:49.66400,1920.000,2
09:39:50.16700,1920.000,140
09:39:50.25300,1920.000,11
09:39:50.28100,1920.250,1
09:39:50.58200,1920.000,91
09:39:50.63600,1920.000,5
09:39:50.76500,1920.000,5
09:39:50.87800,1919.750,100
09:39:51.07800,1920.000,13
09:39:51.15200,1920.000,6
09:39:51.36700,1920.000,8
09:39:51.55800,1920.000,3
09:39:52.00300,1920.000,5
09:39:52.84700,1919.750,168
09:39:53.03100,1920.000,4
09:39:53.37100,1920.000,1
09:39:53.61700,1919.750,3
09:39:53.71400,1919.750,1
09:39:54.34300,1920.000,1
09:39:55.19900,1920.000,2
09:39:55.51500,1920.000,1
09:39:55.70700,1920.000,1
09:39:56.59300,1920.000,1
09:39:57.02300,1919.750,1
09:39:57.45700,1919.750,12
09:39:57.73000,1919.750,5
09:39:57.89400,1920.000,42
09:39:58.01100,1919.750,10
09:39:58.05400,1919.750,6
09:39:58.51100,1919.750,1
09:39:59.30400,1919.500,3
09:39:59.59300,1919.500,11
09:39:59.67500,1919.750,1
09:40:00.01500,1919.500,7
09:40:00.16400,1919.750,5
09:40:00.23000,1919.750,10
09:40:00.49200,1919.750,26
09:40:00.85100,1919.750,33
09:40:01.01500,1919.750,3
09:40:01.26900,1919.750,202
09:40:01.36700,1919.500,23
09:40:01.57000,1919.750,64
09:40:01.70700,1919.750,10
09:40:02.01100,1920.000,3
09:40:02.14000,1920.000,1
09:40:02.19500,1920.000,1
09:40:02.50300,1919.750,4
09:40:02.85900,1920.000,121
09:40:03.44900,1920.000,1
09:40:04.39400,1920.250,9
09:40:04.46800,1920.250,160
09:40:04.46800,1920.750,495
09:40:04.62500,1921.000,1078
09:40:05.02300,1921.500,1123
09:40:05.60900,1921.250,4
09:40:05.71000,1921.250,2
09:40:05.71400,1921.250,2
09:40:05.94500,1921.250,58
09:40:05.94500,1921.250,72
09:40:06.10900,1921.250,247
09:40:06.15200,1921.500,36
09:40:06.42900,1921.250,20
09:40:06.55000,1921.250,5
09:40:06.63200,1921.500,1
09:40:06.69100,1921.250,1
09:40:06.84300,1921.250,3
09:40:06.97200,1921.250,1
09:40:07.09300,1921.500,3
09:40:07.55000,1921.500,16
09:40:07.59700,1921.500,2
09:40:07.86300,1921.250,9
09:40:07.94900,1921.250,76
09:40:08.03500,1921.250,384
09:40:08.17500,1921.500,7
