18:00:01.61300,1932.750,0
18:00:01.72600,1932.500,1
18:00:01.84700,1932.500,18
18:00:02.11300,1932.500,16
18:00:02.20700,1932.500,7
18:00:02.44500,1932.500,1
18:00:02.65600,1932.500,15
18:00:02.73800,1932.500,1
18:00:03.13200,1932.250,35
18:00:03.22200,1932.250,12
18:00:03.30800,1932.500,1
18:00:03.49600,1932.250,3
18:00:03.62500,1932.500,7
18:00:03.88200,1932.500,2
18:00:03.93700,1932.250,2
18:00:04.48400,1932.500,1
18:00:05.07800,1932.500,1
18:00:05.35100,1932.500,1
18:00:06.38200,1932.250,12
18:00:06.53100,1932.250,8
18:00:06.60500,1932.250,9
18:00:06.83900,1932.500,1
18:00:07.21400,1932.250,13
18:00:07.32000,1932.250,3
18:00:08.16400,1932.000,4
18:00:08.17900,1932.000,2
18:00:08.38600,1932.000,10
18:00:08.47600,1932.000,3
18:00:08.66000,1932.250,2
18:00:08.72600,1932.000,8
18:00:08.81200,1932.000,3
18:00:08.91400,1932.000,1
18:00:09.38600,1932.250,33
18:00:09.96800,1932.000,32
18:00:10.09300,1932.000,2
18:00:10.28100,1932.250,4
18:00:10.47200,1932.000,12
18:00:10.58900,1932.000,6
18:00:10.66000,1932.000,4
18:00:11.02300,1932.000,2
18:00:11.40600,1932.000,1
18:00:11.60500,1931.750,7
18:00:11.95700,1932.000,1
18:00:12.28900,1932.000,9
18:00:12.44900,1932.000,5
18:00:12.57000,1932.000,1
18:00:12.81200,1931.750,10
18:00:13.15600,1932.250,42
18:00:13.39400,1931.750,27
18:00:13.64800,1932.000,25
18:00:14.17100,1931.750,10
18:00:14.25700,1931.750,23
18:00:14.35100,1931.750,4
18:00:14.71000,1932.000,11
18:00:15.44500,1931.750,24
18:00:15.54200,1931.750,8
18:00:15.91700,1931.750,34
18:00:16.01900,1931.750,2
18:00:16.32800,1931.750,18
18:00:16.43300,1931.750,2
18:00:16.75700,1932.000,1
18:00:17.21800,1931.750,12
18:00:17.25000,1931.750,3
18:00:17.37100,1932.000,5
18:00:17.62100,1931.750,10
18:00:17.71800,1931.750,5
18:00:17.83500,1931.750,3
18:00:18.02300,1931.750,18
18:00:18.10500,1931.750,6
18:00:18.54200,1932.000,1
18:00:18.75000,1931.750,3
18:00:19.45300,1931.750,6
18:00:19.48000,1932.000,20
18:00:19.59300,1932.000,13
18:00:20.00000,1932.000,10
18:00:20.55400,1931.750,23
18:00:20.70700,1931.750,3
18:00:21.43300,1931.750,1
18:00:22.53900,1931.750,9
18:00:23.04600,1932.000,7
18:00:23.12500,1932.000,33
18:00:23.49200,1932.000,1
18:00:23.56200,1931.750,6
18:00:23.63600,1931.750,5
18:00:23.94500,1932.000,3
18:00:24.04600,1932.000,1
18:00:24.63600,1932.000,5
18:00:24.71000,1932.000,1
18:00:24.97200,1931.750,25
18:00:25.49600,1931.750,1
18:00:25.63200,1932.000,3
18:00:26.32000,1931.750,18
18:00:26.76900,1931.750,2
18:00:27.01900,1931.750,10
18:00:27.20700,1932.000,28
18:00:27.48000,1932.000,12
18:00:28.03900,1932.000,1
18:00:28.96800,1932.000,24
18:00:29.07000,1932.000,3
18:00:29.53500,1932.000,1
18:00:29.61700,1931.750,10
18:00:29.73400,1932.000,7
18:00:30.11700,1931.750,9
18:00:30.27300,1932.000,29
18:00:30.31200,1932.000,4
18:00:32.01900,1931.750,3
18:00:32.32000,1932.000,6
18:00:32.59300,1931.750,11
18:00:32.69500,1931.750,1
18:00:32.87100,1932.000,1
18:00:33.39000,1932.000,2
18:00:33.89000,1931.750,10
18:00:34.04200,1931.750,5
18:00:34.20700,1932.000,1
18:00:34.86700,1931.750,13
18:00:35.18700,1931.750,4
18:00:35.68300,1931.750,1
18:00:36.00700,1931.750,23
18:00:37.82800,1931.750,6
18:00:38.05400,1931.750,1
18:00:38.17500,1931.500,12
18:00:39.42100,1931.750,1
18:00:39.60100,1931.500,3
18:00:40.24600,1931.750,1
18:00:40.64800,1931.500,17
18:00:41.28100,1931.750,20
18:00:41.67100,1931.750,3
18:00:44.04600,1931.750,8
18:00:44.16000,1931.750,2
18:00:44.65600,1931.750,20
18:00:45.16400,1931.750,3
18:00:46.72200,1931.750,6
18:00:46.79200,1931.750,1
18:00:47.41000,1931.750,8
18:00:47.52300,1931.750,3
18:00:48.21000,1931.750,4
18:00:49.11300,1931.750,5
18:00:50.69100,1931.750,9
18:00:51.50000,1931.750,5
18:00:52.22600,1931.750,2
18:00:52.65600,1931.750,5
18:00:53.21000,1931.750,8
18:00:53.26500,1931.750,2
18:00:54.17100,1931.750,13
18:00:54.63200,1931.750,2
18:00:56.26900,1931.750,12
18:00:56.75700,1931.750,3
18:00:57.32800,1931.750,5
18:00:57.78500,1931.750,3
18:00:58.37100,1931.750,5
18:00:58.60500,1931.750,9
18:00:58.83900,1931.750,3
18:00:59.03500,1931.750,7
18:00:59.50300,1932.000,1
18:00:59.68700,1931.750,6
18:00:59.75700,1931.750,4
18:00:59.90600,1931.500,3
18:01:00.40600,1931.500,6
18:01:00.96400,1931.500,3
18:01:01.41700,1931.500,7
18:01:01.75000,1931.750,2
18:01:01.76500,1931.750,2
18:01:02.08500,1931.500,10
18:01:02.40600,1931.750,20
18:01:03.15200,1931.750,1
18:01:04.73400,1931.500,6
18:01:05.59300,1931.500,2
18:01:05.87800,1931.500,3
18:01:06.16400,1931.500,2
18:01:06.68700,1931.500,5
18:01:06.92900,1931.750,2
18:01:07.47200,1931.500,8
18:01:07.90200,1931.750,5
18:01:08.55000,1931.500,1
18:01:09.63600,1931.750,12
18:01:10.08500,1931.500,19
18:01:10.14400,1931.500,2
18:01:10.96000,1931.500,1
18:01:12.28100,1931.500,10
18:01:12.40200,1931.500,2
18:01:12.87100,1931.500,4
18:01:12.96800,1931.500,34
18:01:13.37800,1931.250,16
18:01:13.55400,1931.500,10
18:01:14.38600,1931.500,1
18:01:14.87100,1931.250,1
18:01:15.82400,1931.250,7
18:01:15.94900,1931.250,10
18:01:16.45300,1931.250,1
18:01:17.08900,1931.250,5
18:01:17.27300,1931.250,4
18:01:17.91400,1931.250,1
18:01:18.41700,1931.250,29
18:01:19.14800,1931.250,3
18:01:19.47600,1931.250,12
18:01:20.58200,1931.250,1
18:01:20.91400,1931.500,1
18:01:21.09700,1931.250,7
18:01:21.90600,1931.250,1
18:01:22.39400,1931.250,2
18:01:22.48400,1931.250,29
18:01:22.69500,1931.000,6
18:01:22.81600,1931.250,3
18:01:22.82400,1931.250,1
18:01:23.08200,1931.000,11
18:01:24.57800,1931.250,1
18:01:24.67900,1931.000,1
18:01:25.05800,1931.000,19
18:01:25.34700,1931.000,10
18:01:25.64000,1931.000,5
18:01:25.86300,1931.000,5
18:01:26.24200,1931.000,4
18:01:27.23800,1931.000,2
18:01:27.63200,1931.250,2
18:01:27.85900,1931.000,6
18:01:28.65600,1931.000,2
18:01:28.94100,1931.000,1
18:01:29.67500,1931.000,1
18:01:30.01900,1931.000,1
18:01:31.31200,1931.000,7
18:01:32.35100,1931.250,3
18:01:33.65600,1931.000,8
18:01:35.10100,1931.000,3
18:01:35.43300,1931.000,3
18:01:36.14000,1931.250,20
18:01:36.81600,1931.000,7
18:01:39.58500,1931.000,6
18:01:39.80800,1931.000,6
18:01:40.16400,1931.000,1
18:01:40.78100,1931.000,1
18:01:41.64000,1931.000,5
18:01:42.21800,1931.250,6
18:01:42.62800,1931.000,2
18:01:43.24200,1931.000,8
18:01:44.42900,1931.000,4
18:01:44.96800,1931.000,1
18:01:45.49600,1931.250,2
18:01:45.73000,1931.000,8
18:01:46.30400,1931.000,4
18:01:46.88600,1931.250,1
18:01:48.56600,1931.000,7
18:01:49.53500,1931.000,2
18:01:49.80800,1931.000,2
18:01:50.00300,1931.000,2
18:01:52.48800,1931.000,15
18:01:53.07000,1931.000,4
18:01:54.06200,1931.000,2
18:01:54.36300,1931.250,1
18:01:55.27300,1931.000,4
18:01:55.78500,1931.250,8
18:01:56.05400,1931.000,2
18:01:56.47200,1931.250,10
18:01:56.89800,1931.000,1
18:01:57.83500,1931.000,20
18:01:58.05400,1931.000,32
18:01:58.66400,1931.000,4
18:01:59.03500,1931.250,3
18:01:59.91000,1931.250,7
18:02:01.46800,1931.500,2
18:02:02.93700,1931.250,1
18:02:03.55800,1931.250,1
18:02:07.24200,1931.250,2
18:02:08.66000,1931.250,3
18:02:08.89800,1931.250,4
18:02:10.64000,1931.250,1
18:02:12.76900,1931.250,1
18:02:14.05000,1931.500,5
18:02:15.16700,1931.250,1
18:02:16.48800,1931.250,1
18:02:20.83900,1931.250,1
18:02:21.26100,1931.500,20
18:02:23.05000,1931.250,2
18:02:23.53900,1931.250,1
18:02:23.71800,1931.250,4
18:02:29.43700,1931.250,7
18:02:29.80000,1931.250,1
18:02:32.18700,1931.250,10
18:02:34.21400,1931.250,3
18:02:35.00700,1931.500,1
18:02:35.25000,1931.250,3
18:02:41.64800,1931.250,6
18:02:47.09300,1931.500,1
18:02:47.67100,1931.250,20
18:02:50.65200,1931.250,7
18:02:51.94900,1931.250,2
18:02:55.04600,1931.250,1
18:02:55.67500,1931.500,4
18:02:56.61700,1931.250,3
18:02:58.45700,1931.500,1
18:02:58.88200,1931.250,1
18:03:04.71400,1931.500,6
18:03:06.37800,1931.250,10
18:03:08.69500,1931.500,5
18:03:09.85500,1931.250,2
18:03:13.33900,1931.250,1
18:03:13.51100,1931.250,1
18:03:13.67500,1931.250,1
18:03:13.84300,1931.250,1
18:03:14.03500,1931.250,1
18:03:14.18700,1931.250,1
18:03:14.52700,1931.250,1
18:03:14.76100,1931.500,1
18:03:17.80800,1931.250,1
18:03:20.64400,1931.500,5
18:03:22.70300,1931.250,1
18:03:25.59300,1931.500,1
18:03:26.16700,1931.250,1
18:03:26.44500,1931.250,1
18:03:26.64000,1931.250,5
18:03:27.24200,1931.250,1
18:03:30.62500,1931.250,4
18:03:30.81200,1931.250,1
18:03:30.89800,1931.500,1
18:03:31.65200,1931.250,4
18:03:33.59700,1931.250,24
18:03:35.71400,1931.000,1
18:03:35.89400,1931.000,1
18:03:36.51100,1931.000,4
18:03:37.35100,1931.000,8
18:03:42.04600,1931.250,19
18:03:43.06200,1931.250,5
18:03:45.25700,1931.250,2
18:03:45.40600,1931.250,1
18:03:46.05400,1931.250,1
18:03:46.33200,1931.250,3
18:03:46.69100,1931.000,2
18:03:47.71000,1931.250,1
18:03:48.33900,1931.250,1
18:03:48.80400,1931.250,3
18:03:49.46000,1931.250,4
18:03:51.87500,1931.250,1
18:03:54.04600,1931.250,2
18:03:57.21400,1931.250,1
18:03:57.91700,1931.500,1
18:03:58.01900,1931.250,1
18:03:59.09300,1931.500,4
18:04:09.53900,1931.500,2
18:04:09.83900,1931.250,1
18:04:12.71800,1931.500,1
18:04:12.96400,1931.250,2
18:04:13.44500,1931.250,15
18:04:13.83200,1931.250,11
18:04:14.65200,1931.250,3
18:04:15.25300,1931.500,11
18:04:15.42900,1931.250,10
18:04:17.27700,1931.250,6
18:04:18.92900,1931.250,1
18:04:20.66700,1931.250,3
18:04:21.43300,1931.250,1
18:04:23.08500,1931.500,10
18:04:27.17500,1931.500,1
18:04:30.43700,1931.250,3
18:04:31.86300,1931.250,1
18:04:33.55800,1931.500,113
18:04:33.90200,1931.500,1
18:04:34.70300,1931.750,3
18:04:37.14400,1931.750,1
18:04:37.41400,1931.750,1
18:04:38.62800,1931.500,14
18:04:39.29600,1931.500,1
18:04:40.42100,1931.750,1
18:04:45.44900,1931.500,1
18:04:46.14800,1931.750,2
18:04:48.94900,1931.750,1
18:04:52.79200,1931.500,20
18:04:53.33900,1931.750,1
18:04:53.63600,1931.500,3
18:04:56.76500,1931.750,1
18:04:57.23800,1931.500,1
18:04:57.40200,1931.750,1
18:04:57.63600,1931.500,1
18:04:58.14400,1931.500,2
18:05:13.70300,1931.500,6
18:05:15.44500,1931.500,1
18:05:15.71400,1931.500,4
18:05:18.01500,1931.500,1
18:05:19.25000,1931.500,2
18:05:19.60500,1931.500,1
18:05:20.70300,1931.500,27
18:05:23.19500,1931.500,12
18:05:30.63200,1931.500,1
18:05:33.42500,1931.750,1
18:05:39.08900,1931.500,1
18:05:45.17900,1931.500,3
18:05:45.75700,1931.500,1
18:05:56.86300,1931.750,1
18:05:57.07400,1931.750,2
18:05:58.46400,1931.500,2
18:06:04.57000,1931.500,3
18:06:12.83900,1931.500,16
18:06:22.62500,1931.500,2
18:06:25.29600,1931.250,1
18:06:28.16400,1931.500,3
18:06:31.29600,1931.500,5
18:06:33.28500,1931.250,10
18:06:33.68300,1931.250,3
18:06:35.85900,1931.250,1
18:06:37.52700,1931.250,1
18:06:39.69900,1931.250,2
18:06:49.64000,1931.250,1
18:06:56.34700,1931.500,1
18:06:56.82800,1931.250,1
18:07:14.50700,1931.250,2
18:07:14.79200,1931.500,5
18:07:15.39800,1931.500,1
18:07:17.78900,1931.250,1
18:07:23.28500,1931.250,6
18:07:26.00300,1931.250,1
18:07:27.09700,1931.250,2
18:07:27.77300,1931.250,1
18:07:36.49600,1931.250,1
18:07:42.63600,1931.250,6
18:07:46.89800,1931.250,3
18:07:47.64000,1931.250,1
18:07:52.40600,1931.500,57
18:07:52.57000,1931.500,2
18:07:54.13200,1931.250,7
18:07:55.81200,1931.500,1
18:07:57.56200,1931.500,2
18:08:12.73000,1931.250,6
18:08:21.25700,1931.500,2
18:08:21.96000,1931.500,2
18:08:22.23800,1931.250,2
18:08:25.34700,1931.500,1
18:08:29.90200,1931.500,2
18:08:31.57800,1931.500,1
18:08:46.33900,1931.500,1
18:08:53.19500,1931.500,38
18:08:53.33500,1931.500,2
18:08:53.89000,1931.500,23
18:08:55.29600,1931.500,1
18:08:56.51500,1931.500,5
18:08:57.08900,1931.250,8
18:09:07.94500,1931.500,2
18:09:18.84700,1931.250,1
18:09:21.39800,1931.250,1
18:09:21.87500,1931.500,5
18:09:23.05800,1931.250,2
18:09:34.78500,1931.250,1
18:09:35.06200,1931.250,31
18:09:39.47600,1931.250,5
18:09:40.30800,1931.250,7
18:09:42.89400,1931.250,3
18:09:44.22200,1931.250,1
18:09:50.75700,1931.250,3
18:09:51.55800,1931.000,2
18:09:54.75700,1931.250,1
18:09:59.53900,1931.250,5
18:10:00.44900,1931.250,3
18:10:00.92100,1931.250,4
18:10:09.52300,1931.250,3
18:10:13.20700,1931.250,1
18:10:15.70700,1931.250,5
18:10:18.48800,1931.250,1
18:10:24.23000,1931.250,1
18:10:28.09300,1931.250,5
18:10:31.04600,1931.000,3
18:10:33.44900,1931.000,3
18:10:38.12800,1931.000,19
18:10:41.33500,1931.250,1
18:10:41.93700,1931.000,1
18:10:43.23400,1931.000,2
18:10:45.00300,1931.000,1
18:10:54.24200,1931.250,1
18:10:55.17500,1931.000,1
18:10:56.94900,1931.250,2
18:11:03.35100,1931.250,55
18:11:03.49200,1931.000,1
18:11:03.86700,1931.000,3
18:11:04.66400,1931.250,2
18:11:04.83500,1931.250,1
18:11:05.25300,1931.000,8
18:11:10.48800,1931.000,1
18:11:11.26900,1931.000,1
18:11:11.60500,1931.000,5
18:11:11.93700,1931.000,1
18:11:14.37100,1931.000,2
18:11:24.21000,1931.000,2
18:11:33.69900,1931.000,1
18:11:34.63200,1931.000,2
18:11:35.77700,1931.250,2
18:11:39.36700,1931.250,1
18:11:40.79200,1931.000,2
18:11:49.42100,1931.000,72
18:11:50.26100,1931.000,5
18:11:50.85900,1931.000,8
18:11:51.38600,1930.750,17
18:11:51.50300,1930.750,1
18:11:51.68700,1931.000,3
18:11:53.70700,1931.000,11
18:11:54.76900,1930.750,2
18:11:57.41700,1931.000,10
18:11:58.08900,1930.750,12
18:11:58.31600,1931.000,5
18:11:59.70300,1930.750,1
18:12:03.49200,1930.750,6
18:12:03.90200,1930.750,21
18:12:04.00700,1931.000,1
18:12:05.26100,1930.750,1
18:12:09.14800,1930.750,3
18:12:09.82800,1930.750,1
18:12:11.94100,1930.500,218
18:12:12.06600,1930.750,2
18:12:14.10500,1930.500,27
18:12:14.28100,1930.750,1
18:12:15.14000,1930.500,1
18:12:15.32400,1930.750,25
18:12:15.87800,1930.500,3
18:12:16.39000,1930.750,1
18:12:17.07000,1930.500,1
18:12:17.46000,1930.500,3
18:12:20.35100,1930.500,1
18:12:21.07400,1930.750,1
18:12:26.21000,1930.750,1
18:12:27.12100,1930.750,1
18:12:28.38600,1930.500,95
18:12:30.25300,1930.500,1
18:12:30.91700,1930.500,1
18:12:31.92500,1930.500,1
18:12:32.81600,1930.500,1
18:12:33.12100,1930.250,17
18:12:33.18700,1930.250,135
18:12:34.31600,1930.250,1
18:12:35.89800,1930.250,1
18:12:37.93700,1930.000,27
18:12:39.04200,1930.000,10
18:12:39.59700,1930.000,10
18:12:40.46400,1930.000,10
18:12:40.59300,1930.000,15
18:12:40.67900,1930.000,37
18:12:40.85900,1930.250,2
18:12:41.67900,1930.000,7
18:12:42.23400,1930.000,2
18:12:42.67100,1930.000,6
18:12:43.48000,1930.000,11
18:12:43.85900,1930.000,7
18:12:44.32000,1930.250,1
18:12:44.50300,1930.000,2
18:12:44.64000,1930.000,1
18:12:46.11300,1930.000,3
18:12:46.22200,1930.000,5
18:12:48.95700,1930.000,11
18:12:49.37800,1930.000,1
18:12:50.67100,1930.250,1
18:12:51.17900,1930.000,2
18:12:53.19100,1930.250,1
18:12:54.29200,1930.250,1
18:12:55.12800,1930.000,3
18:12:56.03100,1930.000,3
18:12:57.39000,1930.250,1
18:12:59.32000,1930.000,3
18:13:01.72200,1930.000,5
18:13:04.78100,1930.000,3
18:13:06.49200,1930.250,2
18:13:09.12800,1930.000,2
18:13:09.63600,1930.250,1
18:13:09.96400,1930.000,1
18:13:15.56600,1930.000,4
18:13:16.12800,1930.000,4
18:13:16.40600,1930.000,1
18:13:16.50000,1930.250,1
18:13:19.60900,1930.000,1
18:13:20.75000,1930.000,96
18:13:20.87800,1930.000,1
18:13:21.61700,1930.000,34
18:13:21.82800,1930.000,7
18:13:21.92100,1930.000,5
18:13:22.41000,1930.000,1
18:13:22.87500,1930.000,1
18:13:23.19500,1930.000,2
18:13:23.25300,1930.000,4
18:13:23.37500,1930.000,2
18:13:23.55400,1930.000,3
18:13:23.69100,1930.000,1
18:13:25.43300,1930.000,1
18:13:26.59700,1930.000,5
18:13:26.88600,1930.000,2
18:13:28.46800,1930.000,62
18:13:29.20300,1930.000,1
18:13:30.56200,1930.000,1
18:13:30.94900,1929.750,2
18:13:31.31200,1929.750,9
18:13:32.23800,1929.750,1
18:13:34.33500,1930.000,1
18:13:36.21000,1929.750,2
18:13:36.66400,1929.750,1
18:13:37.11700,1930.000,6
18:13:38.37800,1929.750,2
18:13:40.25700,1929.750,2
18:13:41.19500,1930.000,25
18:13:41.86700,1930.000,3
18:13:42.14400,1930.000,1
18:13:43.92500,1930.000,2
18:13:44.29200,1930.000,1
18:13:44.81200,1930.250,26
18:13:45.11300,1930.000,1
18:13:45.32000,1930.000,1
18:13:45.44500,1930.000,11
18:13:45.57800,1930.000,1
18:13:47.37800,1929.750,2
18:13:48.37100,1930.000,1
18:13:48.64000,1930.000,5
18:13:49.05000,1929.750,1
18:13:52.35900,1930.000,1
18:13:52.65200,1930.000,1
18:13:57.53500,1930.250,7
18:13:57.78500,1929.750,5
18:14:01.89000,1930.250,2
18:14:03.08500,1930.000,2
18:14:04.53100,1930.250,1
18:14:10.09700,1930.000,25
18:14:11.46400,1930.000,3
18:14:12.56600,1930.000,1
18:14:16.44500,1930.250,1
18:14:17.39800,1930.000,3
18:14:19.03100,1930.000,6
18:14:23.27300,1929.750,2
18:14:27.11700,1930.000,1
18:14:31.21000,1930.000,1
18:14:34.08900,1929.750,1
18:14:34.34700,1930.000,1
18:14:37.18300,1930.000,3
18:14:38.15200,1930.000,2
18:14:39.03500,1930.000,1
18:14:40.85100,1930.000,1
18:14:41.01500,1929.750,1
18:14:41.27700,1930.000,1
18:14:45.40600,1929.750,1
18:14:52.17500,1930.000,17
18:14:55.75000,1930.000,3
18:14:56.84300,1930.000,2
18:14:58.41400,1930.000,1
18:15:05.02700,1930.250,8
18:15:06.30800,1929.750,2
18:15:12.78100,1930.000,2
18:15:12.96800,1930.000,3
18:15:19.03100,1929.750,10
18:15:19.23400,1930.000,15
18:15:19.91400,1930.000,10
18:15:21.67100,1930.000,3
18:15:22.55000,1930.000,1
18:15:24.70300,1930.000,1
18:15:24.85100,1930.000,2
18:15:25.43700,1930.000,1
18:15:27.01100,1930.000,3
18:15:27.19500,1930.000,3
18:15:27.75300,1930.250,1
18:15:27.85500,1930.000,1
18:15:29.00300,1930.000,1
18:15:29.57000,1930.000,3
18:15:30.18700,1930.000,4
18:15:32.89400,1930.000,7
18:15:36.01100,1930.000,3
18:15:39.03500,1930.000,1
18:15:40.58900,1930.000,1
18:15:51.64400,1930.000,3
18:16:04.54600,1930.250,23
18:16:06.59300,1930.250,1
18:16:07.71800,1930.000,2
18:16:12.17500,1930.250,1
18:16:12.33200,1930.000,1
18:16:18.12500,1930.250,1
18:16:18.23400,1930.250,1
18:16:19.09700,1930.250,107
18:16:20.95700,1930.250,1
18:16:22.25700,1930.250,14
18:16:22.72600,1930.500,2
18:16:22.85500,1930.500,4
18:16:25.36700,1930.500,157
18:16:26.30400,1930.500,1
18:16:26.82400,1930.750,10
18:16:29.95700,1930.500,27
18:16:30.31200,1930.500,3
18:16:32.51100,1930.750,38
18:16:33.05000,1930.750,1
18:16:33.53100,1930.750,14
18:16:36.21800,1930.500,4
18:16:36.67500,1930.750,1
18:16:37.10100,1930.500,2
18:16:45.23400,1930.750,1
18:16:48.32400,1930.750,1
18:16:49.40600,1930.750,1
18:16:51.08500,1930.750,1
18:16:53.20700,1930.500,5
18:16:55.41700,1930.750,1
18:16:56.88200,1930.750,1
18:16:58.53500,1930.750,2
18:16:59.60100,1930.500,1
18:17:06.73400,1930.750,2
18:17:07.05400,1930.750,1
18:17:10.87500,1930.750,6
18:17:11.54200,1930.750,2
18:17:11.85900,1930.750,4
18:17:14.16400,1931.000,3
18:17:17.75300,1930.750,1
18:17:21.18700,1930.750,2
18:17:23.63600,1931.000,1
18:17:25.39800,1931.000,1
18:17:27.59700,1930.750,1
18:17:28.46000,1931.000,1
18:17:29.44100,1931.000,1
18:17:29.62100,1931.000,1
18:17:35.58900,1931.000,1
18:17:36.09300,1931.000,1
18:17:38.10900,1931.000,1
18:17:38.69100,1930.750,2
18:17:38.95300,1931.000,1
18:17:41.95700,1931.000,1
18:17:49.57000,1930.750,5
18:17:50.54600,1931.000,1
18:17:55.28900,1930.750,2
18:17:55.59300,1930.750,4
18:17:55.74200,1930.500,3
18:17:55.86700,1930.750,1
18:18:03.59300,1930.750,3
18:18:03.80000,1930.750,5
18:18:08.64000,1930.750,4
18:18:09.14800,1930.750,1
18:18:12.35500,1930.750,2
18:18:15.24200,1930.750,5
18:18:18.41000,1930.750,1
18:18:19.50300,1931.000,1
18:18:20.95300,1931.000,7
18:18:23.30800,1930.750,5
18:18:23.67100,1930.750,6
18:18:24.55000,1931.000,1
18:18:25.46800,1930.750,3
18:18:25.70300,1930.750,2
18:18:26.00000,1930.500,2
18:18:26.41400,1930.500,3
18:18:27.58500,1930.750,4
18:18:27.95700,1930.750,1
18:18:30.66700,1930.750,2
18:18:32.74600,1930.500,1
18:18:33.87500,1930.750,1
18:18:35.00300,1930.500,3
18:18:44.30400,1930.500,1
18:18:47.71400,1930.750,1
18:18:50.03500,1930.750,1
18:18:50.40200,1930.500,10
18:18:53.51500,1930.500,5
18:18:54.70700,1930.500,1
18:18:55.79600,1930.500,2
18:19:04.78100,1930.500,3
18:19:09.86700,1930.750,1
18:19:11.05800,1930.500,2
18:19:11.66700,1930.750,1
18:19:13.87800,1930.750,5
18:19:18.73000,1930.750,2
18:19:49.49600,1930.750,1
18:19:53.60500,1930.500,3
18:19:54.55400,1930.500,2
18:19:54.78500,1930.750,1
18:19:59.85100,1930.500,1
18:20:03.61300,1930.500,4
18:20:20.92100,1930.750,1
18:20:23.30000,1930.750,1
18:20:25.92100,1930.750,5
18:20:26.08200,1930.500,8
18:20:26.44500,1930.750,1
18:20:29.67900,1930.750,24
18:20:32.82000,1931.000,1
18:20:33.38600,1930.750,3
18:20:34.02300,1931.000,8
18:20:34.62500,1930.750,1
18:20:45.80800,1930.750,4
18:20:48.95700,1931.000,2
18:20:49.14400,1931.000,2
18:20:49.51500,1930.750,1
18:20:50.31600,1930.750,2
18:20:57.85100,1931.000,5
18:20:59.76900,1931.000,1
18:21:06.33200,1931.000,13
18:21:08.07800,1930.750,3
18:21:08.50300,1931.000,1
18:21:17.06600,1931.000,1
18:21:18.13600,1931.000,1
18:21:48.44100,1931.000,1
18:21:48.92100,1931.000,42
18:21:49.51100,1931.000,5
18:21:49.61700,1931.000,2
18:21:51.38600,1930.750,4
18:22:02.71000,1931.000,2
18:22:03.35900,1931.000,1
18:22:03.84700,1930.750,5
18:22:05.38600,1931.000,1
18:22:06.10500,1930.750,22
18:22:07.13200,1930.500,22
18:22:08.00000,1930.500,3
18:22:08.58500,1930.500,2
18:22:18.49600,1930.500,41
18:22:19.67900,1930.500,1
18:22:21.87800,1930.250,8
18:22:22.50000,1930.500,2
18:22:24.72600,1930.250,1
18:22:25.41700,1930.500,1
18:22:25.65600,1930.500,1
18:22:30.71000,1930.250,10
18:22:30.76900,1930.750,20
18:22:35.11700,1930.500,4
18:22:37.34700,1930.500,5
18:22:40.03500,1930.500,1
18:22:47.90600,1930.750,1
18:22:48.58900,1930.500,4
18:22:51.15600,1930.500,2
18:22:55.91000,1930.500,2
18:23:05.23800,1930.500,6
18:23:11.92900,1930.500,5
18:23:12.33500,1930.500,34
18:23:14.51900,1930.500,1
18:23:16.78900,1930.250,52
18:23:17.14800,1930.500,1
18:23:17.35900,1930.250,6
18:23:20.48000,1930.250,5
18:23:21.35500,1930.250,6
18:23:24.65600,1930.250,2
18:23:25.00700,1930.250,2
18:23:25.73400,1930.250,1
18:23:32.62500,1930.500,2
18:23:35.57800,1930.500,1
18:23:42.10900,1930.250,11
18:23:43.28900,1930.000,1
18:23:44.85900,1930.000,1
18:23:47.38600,1930.250,1
18:23:48.24600,1930.250,5
18:23:50.32400,1930.250,1
18:23:51.22600,1930.000,1
18:23:52.13200,1930.000,3
18:23:58.84300,1930.250,1
18:24:10.56200,1930.250,5
18:24:10.75000,1930.250,20
18:24:12.06200,1930.250,2
18:24:20.10500,1930.500,1
18:24:23.50000,1930.250,25
18:24:23.64400,1930.250,5
18:24:27.55000,1930.500,35
18:24:33.26900,1930.500,3
18:24:36.52700,1930.750,1
18:24:39.08900,1930.750,93
18:24:40.39000,1930.750,13
18:24:42.85100,1930.750,3
18:24:43.38600,1931.000,1
18:24:46.85100,1931.000,1
18:24:50.12800,1931.000,1
18:25:06.46800,1931.000,19
18:25:09.24600,1931.250,5
18:25:12.10100,1931.250,1
18:25:14.45300,1931.000,17
18:25:15.39000,1931.000,1
18:25:16.33500,1931.000,1
18:25:16.77700,1931.000,2
18:25:17.19900,1931.000,3
18:25:18.34700,1931.000,3
18:25:20.85500,1930.750,2
18:25:24.33200,1931.000,1
18:25:28.81200,1931.000,1
18:25:29.75000,1931.000,1
18:25:32.77300,1931.000,1
18:25:35.64000,1931.000,10
18:25:36.08500,1931.000,1
18:25:37.75000,1931.000,1
18:25:39.67100,1930.750,4
18:25:40.78100,1930.750,1
18:25:45.11700,1931.000,12
18:25:45.94900,1930.750,1
18:25:46.33900,1931.000,1
18:25:47.84300,1931.000,10
18:25:48.83900,1930.750,6
18:25:48.96000,1930.750,2
18:25:52.10500,1930.750,12
18:25:54.00000,1930.750,1
18:25:56.16700,1930.750,2
18:25:56.57400,1930.500,4
18:26:06.51900,1930.500,8
18:26:15.82800,1930.750,2
18:26:17.61700,1930.750,25
18:26:22.06200,1930.750,3
18:26:24.89400,1930.750,1
18:26:31.61700,1931.000,6
18:26:34.44500,1931.000,2
18:26:36.96000,1930.750,2
18:26:38.22600,1930.750,5
18:26:40.12100,1931.000,1
18:26:42.73800,1930.750,3
18:26:42.92100,1930.750,1
18:26:45.80000,1931.000,1
18:26:45.93700,1931.000,1
18:26:53.52700,1930.750,2
18:26:53.71000,1930.750,1
18:26:53.82000,1930.750,2
18:26:54.23800,1931.000,3
18:26:55.19500,1931.000,4
18:26:56.76900,1930.750,1
18:26:57.95300,1930.750,3
18:27:06.87500,1930.500,14
18:27:07.95700,1930.750,2
18:27:20.80800,1930.500,1
18:27:24.89400,1930.500,1
18:27:32.80000,1930.750,8
18:27:33.50700,1930.750,1
18:27:35.48400,1930.750,1
18:27:35.80400,1930.750,5
18:27:37.41400,1931.000,24
18:27:38.18700,1931.000,5
18:27:41.23800,1930.750,1
18:27:43.16000,1930.750,1
18:27:43.34700,1930.750,1
18:27:43.45300,1930.750,2
18:27:45.24200,1931.000,7
18:27:45.28100,1931.250,1
18:27:51.31200,1931.000,4
18:27:55.60900,1930.750,2
18:27:57.82400,1930.750,5
18:28:02.67500,1931.000,5
18:28:05.09700,1931.000,1
18:28:11.72200,1930.750,8
18:28:15.80800,1931.000,2
18:28:25.25700,1931.000,2
18:28:29.13600,1931.000,1
18:28:29.94100,1931.250,1
18:28:30.77700,1931.000,3
18:28:35.69900,1931.250,2
18:28:39.28900,1931.000,1
18:28:39.47600,1931.000,1
18:28:41.37500,1931.000,1
18:28:43.62100,1931.000,1
18:28:44.74600,1931.250,1
18:28:47.47200,1931.250,6
18:28:47.83900,1931.250,1
18:28:50.78900,1931.000,2
18:28:52.39800,1931.000,4
18:29:12.04600,1931.000,4
18:29:14.77700,1931.250,34
18:29:15.17900,1931.750,48
18:29:15.25700,1931.750,10
18:29:15.51900,1931.500,7
18:29:16.16700,1931.500,1
18:29:17.45700,1931.500,2
18:29:18.65200,1931.500,14
18:29:19.42900,1931.500,1
18:29:19.93700,1931.750,1
18:29:24.87500,1931.750,3
18:29:28.02700,1931.500,2
18:29:29.37800,1931.750,8
18:29:37.91000,1932.000,16
18:29:38.17900,1931.750,3
18:29:39.25000,1931.750,1
18:29:40.92100,1931.750,1
18:29:41.61300,1931.500,1
18:29:42.20700,1931.500,3
18:29:44.23400,1931.750,1
18:29:47.32000,1931.500,1
18:29:48.15600,1931.750,6
18:29:48.81200,1931.750,4
18:29:53.14400,1931.500,2
18:29:53.70300,1931.750,1
18:29:53.92500,1931.750,2
18:29:58.67500,1931.750,1
18:30:04.85900,1932.000,4
18:30:05.46800,1932.000,1
18:30:08.43300,1932.000,1
18:30:09.87500,1931.750,4
18:30:12.14000,1931.750,10
18:30:13.03100,1931.750,1
18:30:13.87800,1931.750,3
18:30:16.95300,1931.750,16
18:30:18.53500,1931.750,1
18:30:18.68300,1931.750,2
18:30:20.63600,1932.000,3
18:30:22.46400,1932.000,1
18:30:23.44500,1932.000,1
18:30:23.89400,1931.750,3
18:30:25.30400,1931.750,3
18:30:31.92100,1931.750,1
18:30:34.74600,1931.750,2
18:30:35.31600,1931.750,1
18:30:43.69500,1931.750,1
18:30:49.71800,1931.750,1
18:30:50.13600,1931.750,1
18:30:50.50700,1931.500,5
18:30:56.79600,1931.750,15
18:31:04.77700,1932.000,24
18:31:06.56200,1932.250,160
18:31:06.65600,1932.000,5
18:31:06.87100,1932.000,10
18:31:07.38600,1932.000,10
18:31:07.86700,1932.000,10
18:31:09.68300,1932.000,7
18:31:11.28100,1931.750,4
18:31:14.32000,1932.000,21
18:31:16.86300,1932.250,1
18:31:18.68700,1932.250,1
18:31:19.19500,1932.250,3
18:31:21.20700,1932.000,1
18:31:24.30000,1932.000,2
18:31:24.44100,1932.250,1
18:31:27.17100,1932.250,1
18:31:28.47600,1932.250,4
18:31:29.38600,1932.250,1
18:31:32.25700,1932.250,38
18:31:36.95700,1932.000,5
18:31:40.91400,1932.250,7
18:31:42.36300,1932.000,34
18:31:43.17900,1932.250,1
18:31:43.84300,1932.250,1
18:31:52.08900,1932.000,28
18:31:53.09300,1932.000,2
18:31:54.30800,1932.000,34
18:31:54.46000,1932.000,1
18:31:54.75000,1932.000,40
18:31:55.55000,1932.000,31
18:31:56.18700,1932.000,1
18:31:57.10100,1932.000,1
18:31:57.79600,1932.000,3
18:31:58.21800,1932.000,33
18:31:59.33900,1932.000,2
18:31:59.53100,1932.000,15
18:32:00.03900,1932.000,7
18:32:02.32400,1932.000,21
18:32:02.96400,1932.000,4
18:32:03.57400,1932.000,18
18:32:07.90600,1931.750,3
18:32:08.07400,1932.000,1
18:32:12.39800,1932.000,4
18:32:12.62100,1932.000,1
18:32:12.78100,1932.000,1
18:32:13.71800,1931.750,1
18:32:14.16000,1932.000,3
18:32:16.93300,1932.000,32
18:32:18.69500,1932.000,1
18:32:21.88600,1932.000,5
18:32:24.32800,1932.000,1
18:32:25.86700,1932.000,1
18:32:27.48800,1932.000,1
18:32:30.89800,1932.000,2
18:32:32.28500,1932.000,1
18:32:32.94900,1932.000,1
18:32:34.67500,1931.750,1
18:32:37.38600,1931.750,1
18:32:39.11700,1932.000,4
18:32:39.44100,1932.000,3
18:32:39.86300,1931.750,1
18:32:42.69900,1931.750,3
18:32:43.03500,1931.750,42
18:32:43.51100,1931.500,5
18:32:44.20300,1932.000,25
18:32:44.89400,1931.500,4
18:32:45.13200,1931.500,1
18:32:45.25000,1931.750,3
18:32:47.81600,1931.750,21
18:32:51.48000,1931.750,9
18:32:51.85900,1931.750,2
18:33:10.68700,1931.750,2
18:33:11.32000,1931.750,2
18:33:12.17500,1931.750,10
18:33:13.94500,1931.750,1
18:33:14.19100,1931.500,1
18:33:14.72200,1931.500,3
18:33:20.05800,1931.500,2
18:33:22.95700,1931.500,3
18:33:25.48400,1932.000,50
18:33:28.38600,1932.000,1
18:33:30.09700,1931.750,6
18:33:30.83500,1931.750,1
18:33:32.21000,1931.750,5
18:33:34.13600,1932.000,1
18:33:34.51900,1932.250,53
18:33:35.83200,1932.000,1
18:33:39.62500,1931.750,7
18:33:42.12500,1932.000,14
18:33:44.21000,1931.500,2
18:33:50.52700,1931.500,1
18:33:53.68300,1931.500,1
18:34:03.47600,1931.750,2
18:34:20.00000,1931.750,1
18:34:25.25000,1931.500,2
18:34:31.35500,1931.500,1
18:34:31.93700,1931.750,2
18:34:36.55800,1931.750,1
18:34:36.78900,1931.500,1
18:34:40.94500,1931.750,26
18:34:41.58900,1932.000,1
18:34:45.80000,1931.750,4
18:34:46.28900,1932.000,25
18:34:48.52300,1932.000,1
18:34:48.68300,1931.750,3
18:34:50.10500,1932.000,10
18:34:50.36700,1932.000,2
18:34:51.71400,1932.000,1
18:34:56.18700,1932.000,1
18:35:01.40200,1932.000,5
18:35:02.80400,1932.250,1
18:35:04.75300,1932.000,1
18:35:16.01900,1932.000,5
18:35:16.33500,1932.250,2
18:35:18.30000,1932.000,14
18:35:19.58900,1932.000,3
18:35:20.17100,1932.000,1
18:35:29.30000,1932.000,10
18:35:32.08200,1932.000,15
18:35:32.35100,1932.000,2
18:35:33.04200,1932.000,1
18:35:34.58900,1932.000,1
18:35:35.88200,1932.250,1
18:35:38.38600,1932.000,10
18:35:39.55000,1932.000,2
18:35:41.07400,1932.250,1
18:35:43.65600,1932.000,3
18:35:44.29200,1932.000,4
18:35:51.20300,1931.750,8
18:35:51.86700,1931.750,2
18:35:52.47200,1931.750,1
18:35:59.79600,1932.000,8
18:36:04.59700,1931.750,18
18:36:22.03100,1931.750,1
18:36:29.67900,1932.000,20
18:36:32.04200,1932.000,1
18:36:34.14400,1931.750,2
18:36:40.53500,1932.000,1
18:36:41.38600,1932.000,10
18:36:42.42900,1932.000,1
18:36:51.76500,1931.750,3
18:36:54.24200,1932.000,2
18:36:56.55800,1932.000,10
18:37:04.12800,1931.750,5
18:37:12.77700,1931.750,4
18:37:14.23800,1931.750,32
18:37:17.14400,1931.500,2
18:37:18.01500,1931.500,3
18:37:30.64800,1931.750,1
18:37:40.02300,1931.750,1
18:37:40.52300,1931.750,1
18:37:44.28100,1931.500,2
18:37:56.45300,1931.500,1
18:37:58.17900,1931.750,1
18:38:11.05400,1931.750,2
18:38:14.06200,1931.750,1
18:38:22.25300,1931.500,1
18:38:22.43700,1931.500,1
18:38:22.62800,1931.500,1
18:38:24.82800,1931.750,1
18:38:36.56600,1931.500,19
18:38:37.22200,1931.750,3
18:38:39.48400,1931.750,1
18:38:40.62800,1931.500,3
18:38:47.19500,1931.750,1
18:38:51.52300,1931.500,10
18:38:52.26500,1931.500,4
18:38:52.57800,1931.250,2
18:38:54.26100,1931.500,20
18:38:57.19100,1931.500,14
18:38:59.76900,1931.500,35
18:39:05.05800,1931.250,11
18:39:05.51900,1931.250,2
18:39:06.30000,1931.250,4
18:39:06.42900,1931.250,4
18:39:09.48800,1931.250,5
18:39:10.38600,1931.250,2
18:39:21.39000,1931.250,6
18:39:31.14400,1931.000,21
18:39:32.85100,1931.000,1
18:39:33.53100,1931.000,1
18:39:34.15200,1931.000,11
18:39:36.49200,1931.000,4
18:39:36.75000,1931.000,1
18:39:38.94500,1931.250,1
18:39:40.04200,1931.250,11
18:39:40.42900,1931.000,2
18:39:48.57800,1931.000,10
18:39:54.86300,1931.000,2
18:39:56.39000,1931.000,1
18:39:59.44900,1931.000,3
18:40:02.17100,1931.000,21
18:40:02.42100,1931.000,1
18:40:02.60500,1931.000,1
18:40:02.89000,1931.000,1
18:40:03.17100,1931.000,1
18:40:04.05400,1931.000,16
18:40:04.66000,1931.000,5
18:40:06.71000,1931.000,2
18:40:07.31200,1931.000,3
18:40:24.33500,1931.250,31
18:40:28.80000,1931.000,1
18:40:29.39800,1931.000,4
18:40:34.53500,1931.000,3
18:40:35.16000,1931.000,1
18:40:36.78100,1931.250,1
18:40:38.42900,1931.250,1
18:40:41.69900,1931.000,7
18:40:43.69100,1931.000,1
18:40:45.82800,1931.000,2
18:40:48.77300,1931.000,104
18:40:50.08900,1931.000,13
18:40:59.23400,1931.000,14
18:41:07.68300,1930.750,4
18:41:07.94500,1930.750,1
18:41:08.57400,1930.750,1
18:41:09.40200,1930.750,1
18:41:22.74600,1931.000,1
18:41:37.89400,1931.000,1
18:41:42.17500,1931.000,20
18:41:46.72200,1931.000,3
18:41:55.37100,1931.250,3
18:41:55.69500,1931.000,3
18:41:55.87500,1931.000,5
18:42:02.29200,1931.000,19
18:42:05.32000,1930.750,2
18:42:06.61300,1930.750,1
18:42:09.35900,1930.750,1
18:42:10.50700,1931.000,5
18:42:12.64400,1930.750,1
18:42:14.00700,1930.750,3
18:42:14.83500,1930.750,2
18:42:37.08900,1931.000,15
18:42:37.37800,1931.250,1
18:42:41.92100,1931.000,2
18:42:46.45300,1931.000,10
18:42:46.76500,1931.000,1
18:42:48.59300,1931.000,1
18:42:55.26500,1931.000,1
18:42:59.63600,1931.000,1
18:43:10.41700,1931.000,21
18:43:13.27700,1931.000,1
18:43:16.73800,1931.000,27
18:43:20.93300,1930.750,3
18:43:22.07000,1930.750,2
18:43:35.64400,1930.750,10
18:43:36.83900,1931.000,1
18:43:41.57400,1931.000,1
18:43:42.34300,1930.750,2
18:43:48.07000,1930.750,1
18:44:05.26100,1931.000,10
18:44:09.91400,1931.000,1
18:44:22.24600,1931.000,2
18:44:23.33900,1931.000,2
18:44:24.72200,1931.000,27
18:44:25.80000,1931.000,5
18:44:36.32800,1931.250,1
18:44:44.90200,1931.250,1
18:44:47.38200,1931.000,43
18:44:48.79600,1930.750,4
18:44:50.30400,1931.000,1
18:44:57.65600,1931.000,1
18:45:07.03900,1931.000,71
18:45:08.52300,1931.000,10
18:45:11.09700,1931.000,2
18:45:13.42500,1931.000,1
18:45:13.79600,1931.250,1
18:45:21.03500,1931.250,1
18:45:22.95700,1931.250,62
18:45:26.20300,1931.250,1
18:45:31.23000,1931.250,1
18:45:34.90200,1931.500,1
18:45:35.78900,1931.500,1
18:45:51.67500,1931.500,42
18:45:59.01500,1931.750,4
18:46:06.67500,1931.750,18
18:46:11.24200,1931.750,9
18:46:12.33900,1931.500,1
18:46:13.84300,1931.500,3
18:46:14.30000,1931.500,1
18:46:26.85900,1931.750,1
18:46:29.48800,1931.750,1
18:46:32.80800,1931.750,5
18:46:35.27300,1931.750,1
18:46:48.78100,1931.750,1
18:46:51.93700,1931.750,2
18:46:59.88200,1932.000,5
18:47:03.29200,1931.750,13
18:47:05.27700,1932.000,2
18:47:10.21800,1932.000,28
18:47:14.08200,1931.750,59
18:47:23.02700,1932.000,1
18:47:34.73400,1932.000,1
18:47:36.64400,1932.000,1
18:47:43.28500,1932.000,10
18:47:43.52700,1932.000,7
18:47:49.12800,1932.000,5
18:47:53.21800,1932.250,18
18:47:57.14800,1932.250,31
18:48:00.03100,1932.500,5
18:48:00.49200,1932.250,1
18:48:10.32800,1932.250,16
18:48:13.90600,1932.250,4
18:48:15.32800,1932.250,1
18:48:16.26100,1932.250,1
18:48:16.65200,1932.250,1
18:48:17.05800,1932.500,1
18:48:17.24600,1932.500,1
18:48:34.22200,1932.500,1
18:48:34.95300,1932.500,1
18:48:38.76500,1932.250,5
18:48:45.05000,1932.500,1
18:48:50.92900,1932.500,3
18:49:18.84300,1932.250,14
18:49:28.14400,1932.500,73
18:49:28.35100,1932.500,2
18:49:31.27300,1932.500,1
18:49:31.41700,1932.500,12
18:49:31.89800,1932.500,2
18:49:33.39800,1932.750,75
18:49:33.75000,1933.000,7
18:49:36.00700,1932.750,35
18:49:37.37100,1932.750,1
18:49:38.15600,1932.750,7
18:49:38.86700,1932.750,2
18:49:39.03500,1933.000,50
18:49:41.52300,1933.000,1
18:49:43.61700,1932.750,2
18:49:44.75700,1932.750,1
18:49:47.12800,1932.750,1
18:49:47.63600,1932.750,1
18:49:52.51900,1932.750,27
18:49:56.17500,1933.000,162
18:49:56.77700,1933.000,1
18:49:57.16000,1933.250,5
18:49:58.47600,1933.000,3
18:49:59.23000,1933.000,8
18:49:59.62100,1933.250,59
18:50:00.78500,1933.250,11
18:50:02.29200,1933.500,35
18:50:02.63200,1933.500,1
18:50:03.63600,1933.250,1
18:50:05.02700,1933.250,4
18:50:06.06600,1933.500,34
18:50:06.34700,1933.500,17
18:50:06.58900,1933.500,40
18:50:07.29200,1933.500,111
18:50:07.33200,1933.750,1
18:50:07.52300,1933.500,1
18:50:07.62800,1933.500,21
18:50:08.03500,1933.500,2
18:50:08.21800,1933.500,24
18:50:09.38600,1933.500,1
18:50:10.54200,1933.750,16
18:50:10.72200,1933.500,1
18:50:13.07000,1933.500,1
18:50:13.41000,1933.500,2
18:50:17.35500,1933.500,12
18:50:17.94100,1933.750,98
18:50:18.46400,1933.750,6
18:50:18.58900,1933.750,12
18:50:18.97200,1933.750,6
18:50:19.13200,1933.750,3
18:50:19.62100,1933.750,6
18:50:20.17900,1933.750,6
18:50:20.75000,1934.000,88
18:50:20.80000,1934.250,63
18:50:20.89400,1934.000,4
18:50:21.04200,1934.250,4
18:50:21.23000,1934.000,1
18:50:21.61300,1934.000,2
18:50:21.83500,1934.000,2
18:50:22.41000,1934.250,2
18:50:22.83200,1934.000,3
18:50:23.43700,1934.000,1
18:50:26.25300,1934.000,1
18:50:27.61300,1934.000,1
18:50:29.83200,1934.250,1
18:50:30.39800,1934.250,57
18:50:31.47200,1934.500,47
18:50:31.75000,1934.250,2
18:50:32.93300,1934.250,2
18:50:33.16700,1934.500,1
18:50:33.82000,1934.250,5
18:50:33.93300,1934.250,10
18:50:34.44100,1934.250,1
18:50:36.05000,1934.500,8
18:50:36.48000,1934.500,2
18:50:37.25700,1934.250,2
18:50:39.45300,1934.500,1
18:50:39.69500,1934.500,39
18:50:40.12800,1934.500,1
18:50:42.45700,1934.750,21
18:50:42.59300,1934.500,2
18:50:43.35900,1934.500,1
18:50:43.50300,1934.500,9
18:50:43.57000,1934.500,1
18:50:45.52300,1934.750,1
18:50:46.01100,1934.750,5
18:50:46.71800,1934.750,26
18:50:46.81200,1934.750,9
18:50:47.00000,1934.750,1
18:50:47.91700,1934.750,2
18:50:48.52300,1934.750,1
18:50:48.95300,1934.750,7
18:50:50.57400,1934.750,3
18:50:50.71000,1934.750,5
18:50:51.08900,1934.500,1
18:50:52.54600,1934.500,3
18:50:53.02300,1934.750,13
18:50:53.32000,1934.750,1
18:50:54.33500,1935.250,389
18:50:54.36700,1935.750,584
18:50:54.55000,1935.500,119
18:50:54.62100,1935.750,5
18:50:54.75000,1935.500,12
18:50:54.82400,1935.750,1
18:50:55.15600,1935.750,26
18:50:55.21000,1935.750,3
18:50:55.26500,1935.750,11
18:50:55.74200,1935.750,1
18:50:55.89400,1935.750,10
18:50:56.05000,1935.750,1
18:50:56.23800,1935.750,12
18:50:56.66000,1935.500,2
18:50:56.73800,1935.500,1
18:50:56.84700,1935.500,1
18:50:56.93300,1935.500,1
18:50:57.12500,1935.500,1
18:50:57.18300,1935.250,2
18:50:57.51900,1935.500,1
18:50:57.70300,1935.250,2
18:50:58.28900,1935.250,3
18:50:59.21000,1935.250,1
18:50:59.55000,1935.250,5
18:51:00.31600,1935.500,13
18:51:00.69500,1935.250,6
18:51:00.85100,1935.500,2
18:51:01.64000,1935.250,6
18:51:02.31200,1935.500,1
18:51:03.76100,1935.500,2
18:51:04.08500,1935.500,2
18:51:04.46800,1935.500,2
18:51:06.25000,1935.500,7
18:51:07.94900,1935.500,3
18:51:08.58200,1935.500,3
18:51:08.76900,1935.250,1
18:51:09.16000,1935.250,5
18:51:10.17100,1935.500,2
18:51:10.35900,1935.750,58
18:51:10.68300,1935.500,4
18:51:11.08500,1935.500,1
18:51:11.91400,1935.500,1
18:51:12.09300,1935.750,1
18:51:12.88200,1935.500,2
18:51:14.65200,1935.750,1
18:51:15.12800,1935.750,6
18:51:15.37100,1935.750,1
18:51:15.57000,1935.750,1
18:51:16.36300,1935.750,1
18:51:18.16700,1935.750,1
18:51:19.76500,1935.750,6
18:51:20.25700,1935.750,9
18:51:20.67100,1936.000,1
18:51:20.88600,1935.750,6
18:51:22.69100,1935.500,10
18:51:23.55000,1935.750,10
18:51:24.16700,1935.750,2
18:51:26.01500,1935.500,10
18:51:26.79600,1935.500,6
18:51:28.21400,1935.250,1
18:51:28.82400,1935.250,1
18:51:29.33200,1935.250,6
18:51:29.44900,1935.250,1
18:51:29.72600,1935.250,1
18:51:30.05800,1935.250,1
18:51:31.58500,1935.250,1
18:51:32.62800,1935.500,1
18:51:33.22200,1935.500,4
18:51:34.35500,1935.500,3
18:51:34.72600,1935.250,1
18:51:35.00300,1935.500,2
18:51:35.23400,1935.250,1
18:51:37.41000,1935.500,1
18:51:37.94100,1935.250,1
18:51:39.25300,1936.250,373
18:51:39.34300,1936.000,1
18:51:41.05400,1936.250,2
18:51:41.39000,1936.000,1
18:51:41.50700,1936.000,97
18:51:42.88200,1936.000,10
18:51:43.03900,1936.250,13
18:51:43.58500,1936.000,105
18:51:44.38600,1935.750,6
18:51:44.83900,1935.750,4
18:51:45.62100,1935.750,1
18:51:45.91700,1935.750,2
18:51:46.65200,1935.750,1
18:51:46.94900,1935.750,1
18:51:47.11300,1935.750,3
18:51:47.41400,1935.750,1
18:51:48.69900,1935.750,11
18:51:49.25000,1935.500,3
18:51:49.92500,1936.000,25
18:51:51.25000,1935.750,1
18:51:51.40200,1935.750,1
18:51:53.37100,1935.750,1
18:51:54.06600,1936.000,1
18:51:54.89000,1935.750,1
18:51:55.38200,1935.750,1
18:51:56.10100,1935.750,1
18:51:56.40600,1935.750,1
18:51:57.76900,1935.750,3
18:51:58.41000,1936.000,3
18:52:00.82000,1936.000,32
18:52:01.26100,1935.750,1
18:52:01.45300,1935.750,8
18:52:01.94500,1935.500,12
18:52:02.66700,1935.500,5
18:52:03.34700,1935.250,50
18:52:04.09700,1935.750,30
18:52:04.76100,1935.500,10
18:52:05.28900,1935.750,2
18:52:05.59700,1935.750,1
18:52:05.82800,1935.500,10
18:52:07.73800,1935.250,1
18:52:08.80400,1935.250,5
18:52:09.77300,1935.250,1
18:52:10.84300,1935.250,2
18:52:12.83500,1935.250,1
18:52:14.68700,1935.500,1
18:52:15.19100,1935.250,1
18:52:15.52300,1935.250,1
18:52:16.14400,1935.500,1
18:52:19.76500,1935.250,2
18:52:21.77700,1935.500,1
18:52:23.24600,1935.250,1
18:52:26.59300,1935.250,1
18:52:30.14800,1935.250,1
18:52:31.75300,1935.250,1
18:52:32.15600,1935.250,3
18:52:35.75000,1935.500,62
18:52:38.39400,1935.750,2
18:52:40.53500,1935.750,1
18:52:41.71400,1935.500,1
18:52:45.64800,1935.500,1
18:52:51.14000,1935.500,1
18:52:53.23800,1935.500,1
18:53:02.57000,1935.500,17
18:53:05.24600,1935.500,5
18:53:09.58500,1935.500,1
18:53:09.85500,1935.500,1
18:53:12.04600,1935.500,2
18:53:14.95700,1935.750,1
18:53:16.22600,1935.750,1
18:53:17.91700,1935.750,42
18:53:19.57800,1936.000,1
18:53:19.69900,1936.000,1
18:53:20.54200,1935.750,2
18:53:20.85500,1936.000,2
18:53:22.10500,1936.000,1
18:53:22.38200,1936.000,4
18:53:22.61300,1935.750,1
18:53:22.86300,1935.750,41
18:53:27.21000,1935.750,5
18:53:30.60100,1935.500,4
18:53:31.57400,1935.750,2
18:53:32.30000,1935.750,1
18:53:32.69500,1935.750,1
18:53:35.03900,1935.500,1
18:53:35.21000,1935.750,1
18:53:36.92900,1935.750,3
18:53:37.78500,1935.500,1
18:53:39.36700,1935.750,4
18:53:47.53100,1935.750,4
18:53:48.03900,1935.750,8
18:53:48.74200,1935.750,1
18:53:50.85100,1935.750,1
18:53:58.37800,1935.750,1
18:53:59.27700,1935.750,4
18:53:59.74600,1935.750,11
18:54:02.80400,1935.500,42
18:54:06.02700,1935.500,2
18:54:06.69900,1935.500,40
18:54:07.19100,1935.500,1
18:54:12.09300,1935.250,1
18:54:13.83900,1935.250,1
18:54:16.96800,1935.500,9
18:54:20.18300,1935.500,1
18:54:21.67900,1935.500,8
18:54:23.54600,1935.250,1
18:54:25.31600,1935.250,1
18:54:26.08500,1935.250,1
18:54:31.06200,1935.500,1
18:54:35.16000,1935.500,10
18:54:37.66000,1935.250,1
18:54:39.08200,1935.500,20
18:54:44.28900,1935.500,21
18:54:45.58900,1935.250,1
18:54:46.83200,1935.250,2
18:54:47.24200,1935.500,29
18:54:48.80000,1935.500,18
18:54:49.58500,1935.500,1
18:54:52.82400,1935.500,1
18:54:56.96000,1935.750,1
18:54:58.10500,1935.750,4
18:55:00.62800,1935.750,13
18:55:00.80000,1935.750,1
18:55:01.02300,1935.750,60
18:55:10.72600,1935.750,4
18:55:11.54200,1935.750,19
18:55:12.84300,1935.750,2
18:55:13.44900,1935.750,3
18:55:18.00300,1935.750,2
18:55:18.48400,1935.750,1
18:55:18.66700,1935.750,2
18:55:19.10100,1935.750,1
18:55:21.16000,1935.750,1
18:55:22.11300,1935.750,1
18:55:22.45700,1935.750,1
18:55:23.89800,1935.750,14
18:55:25.87500,1935.750,2
18:55:26.91700,1935.750,7
18:55:28.13600,1935.750,4
18:55:28.80000,1935.750,1
18:55:29.23000,1935.500,20
18:55:30.53100,1935.500,2
18:55:38.33500,1935.500,2
18:55:39.71000,1935.750,5
18:55:40.16400,1935.500,128
18:55:40.46000,1935.500,1
18:55:40.68700,1935.500,2
18:55:40.85900,1935.500,1
18:55:42.86700,1935.500,1
18:55:43.73000,1935.500,16
18:55:45.43300,1935.500,2
18:55:46.03500,1935.500,1
18:55:46.25000,1935.500,1
18:55:48.19500,1935.500,7
18:55:49.41000,1935.500,1
18:55:50.10100,1935.500,3
18:55:53.55400,1935.500,6
18:55:54.95300,1935.500,4
18:55:58.10500,1935.500,19
18:55:58.12100,1935.250,2
18:55:58.24600,1935.250,1
18:56:03.86700,1935.250,13
18:56:04.15200,1935.250,54
18:56:05.08200,1935.000,6
18:56:06.09700,1935.000,1
18:56:07.23000,1935.000,5
18:56:07.53100,1935.000,6
18:56:07.84300,1935.000,1
18:56:07.97200,1935.000,70
18:56:08.96400,1935.000,7
18:56:09.40600,1935.000,6
18:56:09.45300,1935.000,11
18:56:11.36300,1935.000,1
18:56:12.36300,1935.000,2
18:56:12.71800,1935.000,2
18:56:13.57000,1935.000,1
18:56:13.94500,1935.000,42
18:56:14.44100,1935.000,2
18:56:15.44500,1935.000,1
18:56:16.97200,1935.000,1
18:56:18.77700,1935.000,1
18:56:21.19900,1935.000,10
18:56:23.51100,1935.000,1
18:56:25.62100,1935.000,45
18:56:26.50300,1935.000,12
18:56:27.36700,1935.000,1
18:56:30.00700,1935.250,2
18:56:30.09300,1935.000,24
18:56:31.00000,1935.250,1
18:56:32.67100,1935.000,5
18:56:34.02700,1935.000,1
18:56:34.91400,1935.000,5
18:56:35.87800,1935.000,2
18:56:36.32000,1935.000,11
18:56:36.57800,1935.000,2
18:56:37.06600,1935.000,4
18:56:37.66000,1935.000,1
18:56:39.32000,1934.750,1
18:56:41.00000,1934.750,7
18:56:41.68300,1935.000,19
18:56:49.41000,1935.000,9
18:56:49.78900,1934.750,20
18:56:50.10900,1935.000,1
18:56:51.59300,1934.750,2
18:56:52.62500,1934.750,2
18:56:53.56600,1935.000,1
18:56:54.52700,1934.750,8
18:56:56.34300,1934.750,1
18:56:57.21800,1934.750,7
18:56:59.41000,1934.750,2
18:57:03.93700,1934.750,2
18:57:04.66000,1934.750,1
18:57:05.77300,1934.750,1
18:57:06.55000,1934.750,49
18:57:08.03900,1934.750,1
18:57:08.32000,1934.750,1
18:57:08.53100,1934.750,10
18:57:09.72200,1934.750,1
18:57:11.51100,1934.750,10
18:57:11.76500,1934.750,1
18:57:12.22200,1934.750,1
18:57:12.69500,1934.750,1
18:57:13.70300,1935.000,1
18:57:14.77300,1934.750,1
18:57:16.48400,1934.750,1
18:57:20.07400,1934.750,1
18:57:23.09700,1934.750,2
18:57:29.47200,1935.000,2
18:57:31.12500,1934.750,2
18:57:33.72600,1934.750,3
18:57:34.60100,1935.000,1
18:57:35.41400,1935.250,62
18:57:35.43700,1935.250,69
18:57:37.11700,1935.500,26
18:57:38.36700,1935.750,69
18:57:39.36700,1935.500,61
18:57:39.52700,1935.750,4
18:57:39.77300,1935.750,24
18:57:40.16000,1935.750,2
18:57:40.39000,1936.000,30
18:57:42.09700,1936.000,1
18:57:42.27300,1936.000,54
18:57:43.10100,1936.000,5
18:57:45.24600,1936.000,5
18:57:45.92900,1936.000,1
18:57:46.46400,1936.250,2
18:57:46.82400,1936.000,1
18:57:47.07800,1936.000,2
18:57:48.10500,1936.000,98
18:57:48.19500,1936.000,15
18:57:48.48800,1935.250,279
18:57:49.38600,1935.500,25
18:57:50.92100,1935.500,1
18:57:51.88200,1935.750,1
18:57:53.56200,1936.000,134
18:57:54.03100,1935.750,1
18:57:54.76500,1936.000,1
18:57:55.41400,1936.000,3
18:57:55.71000,1936.000,2
18:57:56.11300,1936.250,76
18:57:57.01500,1936.250,1
18:57:57.27700,1936.250,1
18:57:57.76900,1936.250,4
18:57:58.25000,1936.250,4
18:57:58.59700,1936.250,1
18:57:59.25300,1936.000,10
18:58:00.64000,1936.250,8
18:58:01.94900,1936.250,1
18:58:02.29600,1936.250,4
18:58:02.71400,1936.250,1
18:58:03.62100,1936.250,189
18:58:04.33900,1936.250,1
18:58:04.59300,1936.500,5
18:58:04.89000,1936.250,4
18:58:05.47600,1936.250,5
18:58:05.67100,1936.250,5
18:58:05.82800,1936.250,6
18:58:06.25300,1936.250,21
18:58:06.76500,1936.250,58
18:58:07.35100,1936.250,5
18:58:07.58500,1936.250,5
18:58:07.73000,1936.250,30
18:58:07.79200,1936.250,2
18:58:08.06600,1936.250,231
18:58:08.19100,1936.000,3
18:58:08.28500,1936.000,7
18:58:09.15200,1936.000,19
18:58:10.24200,1936.000,19
18:58:12.56200,1936.000,3
18:58:12.85100,1935.750,1
18:58:13.16400,1936.000,1
18:58:16.73400,1936.000,1
18:58:17.67900,1936.000,13
18:58:18.28500,1936.000,1
18:58:19.39000,1936.000,1
18:58:21.74600,1936.000,23
18:58:22.50300,1935.750,1
18:58:22.66400,1935.750,2
18:58:22.73000,1935.750,2
18:58:23.05400,1935.750,1
18:58:23.74200,1935.750,1
18:58:23.79200,1935.750,2
18:58:25.55800,1935.750,1
18:58:26.73800,1936.000,54
18:58:27.76500,1936.000,1
18:58:28.93300,1936.250,1
18:58:30.76500,1936.000,3
18:58:31.39000,1936.000,5
18:58:32.89800,1936.000,2
18:58:35.26100,1936.000,2
18:58:39.12500,1936.000,1
18:58:41.60500,1936.000,1
18:58:45.56600,1936.000,9
18:58:46.47200,1936.000,5
18:58:47.17500,1936.000,10
18:58:48.10100,1936.000,31
18:58:48.23800,1936.000,2
18:58:49.92100,1936.000,1
18:58:52.24600,1936.250,10
18:58:52.54600,1936.000,2
18:58:56.27700,1936.000,1
18:58:58.37100,1936.250,10
18:59:00.94100,1936.000,2
18:59:02.10100,1936.250,10
18:59:03.07800,1936.250,10
18:59:05.53500,1936.250,1
18:59:05.83900,1936.250,1
18:59:06.26900,1936.250,2
18:59:07.49600,1936.500,7
18:59:07.67900,1936.500,2
18:59:07.87500,1936.500,1
18:59:13.22600,1936.250,17
18:59:15.03900,1936.500,1
18:59:15.16000,1936.500,4
18:59:17.82800,1936.250,6
18:59:18.65600,1936.250,1
18:59:19.16400,1936.250,1
18:59:21.36700,1936.250,1
18:59:22.59700,1936.250,7
18:59:24.09300,1936.500,5
18:59:25.36300,1936.250,1
18:59:26.93700,1936.250,5
18:59:27.38200,1936.000,1
18:59:28.41700,1936.250,1
18:59:28.64000,1936.000,2
18:59:29.08500,1936.250,2
18:59:32.63600,1936.000,5
18:59:32.83500,1936.000,1
18:59:35.19900,1936.000,1
18:59:35.92500,1936.250,1
18:59:39.31600,1936.000,5
18:59:40.48800,1936.250,1
18:59:40.82400,1936.000,1
18:59:41.70300,1936.250,2
18:59:42.78500,1936.250,1
18:59:46.39800,1936.000,9
18:59:49.73800,1935.750,8
18:59:51.27300,1935.750,16
18:59:51.88200,1935.750,5
18:59:52.33200,1935.750,90
18:59:53.03500,1935.750,4
18:59:53.17900,1935.750,4
18:59:54.21000,1936.000,5
18:59:55.01900,1935.750,2
18:59:56.74200,1935.750,1
18:59:57.08200,1935.750,5
18:59:57.64000,1936.000,25
18:59:59.16000,1935.750,11
19:00:00.03500,1936.000,0
19:00:02.21800,1936.000,16
19:00:03.23000,1936.000,11
19:00:03.63600,1936.000,1
19:00:05.14400,1936.250,1
19:00:06.31200,1936.250,4
19:00:07.68300,1936.000,24
19:00:08.50700,1936.000,1
19:00:12.13200,1936.000,1
19:00:12.32800,1936.000,1
19:00:12.56200,1936.000,11
19:00:12.72200,1936.000,1
19:00:12.89000,1936.000,1
19:00:13.84700,1936.000,54
19:00:15.17500,1936.250,1
19:00:15.51100,1936.250,10
19:00:19.14400,1936.000,5
19:00:19.43700,1936.000,5
19:00:21.00000,1936.000,1
19:00:21.17900,1936.250,1
19:00:21.22200,1936.000,4
19:00:21.37500,1936.250,1
19:00:21.87800,1936.250,1
19:00:24.72200,1936.000,4
19:00:27.87800,1936.250,1
19:00:29.01500,1936.000,1
19:00:30.15600,1936.250,1
19:00:30.56200,1936.000,1
19:00:31.87500,1936.000,17
19:00:33.64000,1936.000,2
19:00:35.17900,1935.750,1
19:00:35.80400,1935.750,39
19:00:36.14400,1935.750,2
19:00:39.05800,1935.500,3
19:00:40.16400,1935.750,10
19:00:40.61700,1935.750,18
19:00:40.91700,1935.750,1
19:00:41.55400,1936.000,1
19:00:44.83500,1936.000,17
19:00:44.94900,1935.750,1
19:00:45.22600,1935.750,41
19:00:45.87500,1935.750,10
19:00:46.48400,1935.750,7
19:00:49.48400,1935.750,8
19:00:49.60500,1935.500,1
19:00:50.45300,1935.750,2
19:00:53.42900,1935.750,6
19:00:55.47200,1935.500,5
19:00:55.76100,1935.500,10
19:00:56.03500,1935.750,3
19:00:57.25000,1935.750,1
19:00:58.79600,1935.750,1
19:00:59.84300,1935.500,2
19:01:06.25700,1935.750,3
19:01:06.51100,1935.500,57
19:01:11.00000,1935.750,2
19:01:11.67900,1935.500,1
19:01:13.70700,1935.750,1
19:01:14.72200,1935.750,1
19:01:15.17900,1935.750,1
19:01:15.35900,1935.750,1
19:01:18.50000,1935.500,10
19:01:18.85100,1935.500,1
19:01:19.06200,1935.500,6
19:01:19.44100,1935.500,5
19:01:20.17100,1935.500,5
19:01:21.23800,1935.500,1
19:01:21.78900,1935.500,15
19:01:22.16000,1935.500,1
19:01:23.15600,1935.750,20
19:01:24.29200,1935.750,48
19:01:24.87500,1935.750,1
19:01:25.37500,1936.000,5
19:01:27.36700,1936.000,1
19:01:30.50700,1936.000,34
19:01:31.17900,1936.000,2
19:01:31.51500,1936.000,2
19:01:31.79600,1936.000,1
19:01:32.64400,1936.000,5
19:01:34.93700,1935.750,8
19:01:36.91700,1935.750,5
19:01:42.35500,1936.000,1
19:01:46.26900,1936.000,2
19:01:47.75700,1936.000,1
19:01:48.65600,1935.750,4
19:01:51.20300,1936.000,1
19:01:51.50000,1935.750,3
19:01:52.26500,1936.000,52
19:01:54.26500,1936.250,4
19:01:55.23400,1936.250,5
19:01:55.75700,1936.000,1
19:01:57.59700,1936.000,2
19:02:00.55400,1936.250,2
19:02:00.93700,1936.250,2
19:02:01.32000,1936.250,37
19:02:02.28500,1936.500,1
19:02:03.71800,1936.500,4
19:02:05.82400,1936.500,2
19:02:08.81200,1936.250,13
19:02:09.60900,1936.250,1
19:02:09.94500,1936.250,1
19:02:12.19100,1936.250,16
19:02:12.74200,1936.250,2
19:02:13.24200,1936.250,6
19:02:14.26100,1936.250,5
19:02:16.07000,1936.000,1
19:02:18.53500,1936.250,2
19:02:21.54600,1936.000,26
19:02:21.90600,1936.000,20
19:02:22.23800,1936.000,1
19:02:26.82800,1936.250,1
19:02:27.14000,1936.250,1
19:02:27.79200,1936.000,3
19:02:32.74600,1936.250,3
19:02:33.66700,1936.250,11
19:02:34.13600,1936.250,23
19:02:34.41700,1936.000,1
19:02:36.34700,1936.500,3
19:02:36.75000,1936.250,1
19:02:37.86300,1936.250,2
19:02:38.53100,1936.250,1
19:02:38.77300,1936.500,5
19:02:39.02700,1936.250,1
19:02:44.57000,1936.250,1
19:02:45.59300,1936.500,1
19:02:46.79200,1936.250,2
19:02:48.46400,1936.250,1
19:02:49.32800,1936.250,1
19:02:49.73800,1936.250,1
19:02:50.08900,1936.500,1
19:02:51.61700,1936.500,10
19:02:52.33200,1936.250,5
19:02:54.49200,1936.500,2
19:02:55.91700,1936.500,2
19:03:00.74200,1936.250,8
19:03:01.89000,1936.250,17
19:03:02.20300,1936.250,1
19:03:02.92900,1936.500,1
19:03:03.54600,1936.250,4
19:03:07.10500,1936.250,3
19:03:08.60500,1936.250,1
19:03:15.96400,1936.250,15
19:03:16.73400,1936.250,1
19:03:17.06600,1936.250,6
19:03:17.15600,1936.250,1
19:03:18.05400,1936.500,1
19:03:19.51900,1936.250,2
19:03:21.08200,1936.000,11
19:03:23.89800,1936.000,12
19:03:26.31200,1936.250,1
19:03:26.58500,1936.000,1
19:03:30.38200,1936.250,1
19:03:32.23800,1936.000,1
19:03:32.63600,1936.000,2
19:03:38.05800,1936.000,1
19:03:39.62100,1936.250,1
19:03:39.93700,1936.000,1
19:03:40.05000,1936.250,1
19:03:45.46000,1936.000,1
19:03:48.19900,1936.250,1
19:03:48.72600,1936.250,33
19:03:50.05400,1936.500,3
19:03:53.69900,1936.250,1
19:03:54.09300,1936.250,1
19:03:55.81200,1936.250,1
19:03:56.63600,1936.500,1
19:03:57.11300,1936.500,1
19:03:58.86700,1936.250,1
19:03:59.26900,1936.500,1
19:04:02.38600,1936.500,79
19:04:02.59700,1936.500,1
19:04:03.29200,1936.500,21
19:04:03.60100,1936.500,20
19:04:06.19100,1936.500,1
19:04:06.35500,1936.500,1
19:04:06.70700,1936.500,25
19:04:07.80400,1936.500,1
19:04:08.59700,1936.500,1
19:04:09.50000,1936.500,1
19:04:10.21000,1936.500,26
19:04:10.31200,1936.250,10
19:04:10.92900,1936.250,68
19:04:12.23000,1936.250,1
19:04:13.06600,1936.000,3
19:04:13.27700,1936.250,1
19:04:14.58200,1936.250,2
19:04:15.25300,1936.250,14
19:04:16.31200,1936.250,8
19:04:17.45700,1936.250,2
19:04:20.26900,1936.250,1
19:04:21.26900,1936.250,1
19:04:22.10100,1936.250,8
19:04:24.23400,1936.250,8
19:04:25.77300,1936.500,1
19:04:27.85100,1936.500,31
19:04:28.03500,1936.750,10
19:04:28.08500,1936.750,28
19:04:28.19500,1936.750,1
19:04:28.33900,1936.750,1
19:04:28.80400,1937.000,17
19:04:29.29200,1936.750,1
19:04:29.37500,1937.000,48
19:04:29.82800,1937.250,103
19:04:29.89400,1937.250,3
19:04:30.07800,1937.000,2
19:04:30.19100,1937.250,1
19:04:30.33200,1937.250,5
19:04:30.55000,1937.000,21
19:04:31.01500,1937.500,18
19:04:31.16000,1937.000,1
19:04:31.75300,1937.250,1
19:04:32.22200,1937.250,1
19:04:33.07400,1937.250,1
19:04:33.21800,1937.000,28
19:04:33.26100,1937.000,3
19:04:34.11300,1937.000,11
19:04:35.91400,1937.000,3
19:04:38.93700,1936.750,18
19:04:40.35500,1936.750,8
19:04:40.78100,1936.750,1
19:04:41.68300,1936.750,1
19:04:42.43300,1936.750,2
19:04:43.68700,1936.750,1
19:04:45.29200,1936.750,3
19:04:46.73000,1937.000,1
19:04:47.96000,1936.750,2
19:04:49.62800,1936.750,2
19:04:50.25700,1937.000,32
19:04:50.35900,1937.000,2
19:04:50.46800,1937.250,46
19:04:50.51100,1937.250,6
19:04:50.60500,1937.250,2
19:04:50.82800,1937.500,11
19:04:51.11700,1937.250,32
19:04:51.37500,1937.000,12
19:04:51.76900,1937.500,9
19:04:51.78500,1937.500,1
19:04:53.00000,1937.500,1
19:04:53.82400,1937.500,2
19:04:54.79200,1937.500,23
19:04:55.00700,1937.500,2
19:04:55.12500,1937.500,9
19:04:55.52700,1937.500,40
19:04:55.59700,1937.500,3
19:04:55.86300,1937.500,9
19:04:56.42100,1937.500,1
19:04:56.72200,1937.500,3
19:04:56.81600,1937.500,1
19:04:57.75300,1937.500,4
19:04:58.53900,1937.500,11
19:04:58.94100,1937.750,69
19:04:59.51900,1937.500,2
19:05:00.18700,1937.750,2
19:05:00.82000,1937.750,17
19:05:01.20300,1937.500,29
19:05:01.26500,1937.500,1
19:05:01.49600,1937.500,1
19:05:01.67900,1937.250,32
19:05:03.29200,1937.250,1
19:05:03.51500,1937.500,17
19:05:04.56600,1937.500,1
19:05:04.79200,1937.500,1
19:05:05.89400,1937.250,1
19:05:06.29600,1937.250,1
19:05:06.58900,1937.500,1
19:05:06.85900,1937.500,2
19:05:07.23800,1937.250,1
19:05:07.48400,1937.500,3
19:05:08.64800,1937.500,5
19:05:09.19100,1937.000,90
19:05:09.50700,1937.250,2
19:05:09.76900,1937.250,42
19:05:10.01900,1937.250,4
19:05:11.10900,1937.250,6
19:05:13.70700,1937.000,1
19:05:14.83200,1937.000,27
19:05:15.20300,1937.000,3
19:05:16.29600,1937.000,1
19:05:17.04200,1937.250,1
19:05:18.63600,1937.250,1
19:05:20.42100,1937.000,25
19:05:20.85900,1937.000,10
19:05:21.67900,1937.000,9
19:05:22.20700,1937.000,3
19:05:22.28100,1937.000,10
19:05:24.31600,1937.000,1
19:05:25.26100,1937.250,1
19:05:28.20300,1937.000,5
19:05:29.65200,1937.000,3
19:05:30.69900,1937.000,1
19:05:30.89400,1937.000,2
19:05:31.87800,1937.250,24
19:05:32.13600,1937.250,5
19:05:35.18700,1937.250,1
19:05:37.41000,1937.500,2
19:05:38.89000,1937.500,3
19:05:39.26900,1937.500,34
19:05:40.83900,1937.750,25
19:05:41.21400,1937.500,6
19:05:41.73800,1937.500,3
19:05:42.16700,1937.750,1
19:05:43.33900,1937.500,21
19:05:43.58200,1937.500,4
19:05:44.09700,1937.500,2
19:05:44.89000,1937.500,10
19:05:45.26900,1937.250,1
19:05:46.46800,1937.500,10
19:05:47.58500,1937.500,3
19:05:47.91700,1937.500,1
19:05:49.38600,1937.500,9
19:05:50.78500,1937.500,8
19:05:51.39000,1937.500,1
19:05:53.15200,1937.750,1
19:05:53.86300,1937.500,5
19:05:56.78900,1937.750,54
19:05:57.28500,1938.000,103
19:05:57.41700,1937.750,8
19:05:58.35900,1937.750,2
19:06:01.26900,1937.500,7
19:06:01.46400,1937.500,5
19:06:01.56600,1937.750,13
19:06:01.92900,1937.750,1
19:06:02.70700,1937.750,1
19:06:02.91000,1938.000,232
19:06:03.00000,1938.000,19
19:06:03.05800,1938.250,27
19:06:03.20700,1938.500,13
19:06:03.30400,1938.500,5
19:06:03.52700,1938.500,4
19:06:03.75300,1938.250,3
19:06:04.16400,1938.500,1
19:06:05.04200,1938.500,8
19:06:05.28900,1938.500,20
19:06:05.54200,1938.500,11
19:06:05.65200,1938.500,8
19:06:05.69500,1938.250,1
19:06:06.25700,1938.250,18
19:06:06.30000,1938.250,2
19:06:06.52700,1938.500,1
19:06:06.69500,1938.250,1
19:06:06.82000,1938.500,2
19:06:07.01900,1938.500,1
19:06:07.67900,1938.500,3
19:06:07.85100,1938.250,1
19:06:08.35100,1938.250,2
19:06:08.50700,1938.500,1
19:06:09.07000,1938.250,13
19:06:09.23400,1938.250,1
19:06:09.88600,1938.250,4
19:06:10.77300,1938.250,3
19:06:11.12800,1937.750,105
19:06:11.13600,1937.750,12
19:06:12.01900,1937.750,3
19:06:12.17900,1937.750,3
19:06:12.50300,1937.750,2
19:06:12.70300,1938.000,124
19:06:13.57800,1938.000,3
19:06:13.72600,1938.000,1
19:06:14.49200,1938.250,1
19:06:15.03500,1938.000,1
19:06:15.25000,1938.250,2
19:06:17.92900,1938.250,1
19:06:18.35100,1938.250,13
19:06:18.50000,1938.000,47
19:06:19.28500,1937.750,25
19:06:19.51500,1937.500,3
19:06:19.82000,1937.750,2
19:06:20.54200,1937.750,3
19:06:21.27300,1938.000,60
19:06:21.40600,1937.750,4
19:06:22.11700,1937.750,1
19:06:24.52700,1938.000,7
19:06:24.72200,1938.000,1
19:06:24.96800,1938.000,12
19:06:26.50700,1938.000,11
19:06:26.66700,1938.000,14
19:06:27.66700,1937.750,1
19:06:29.20700,1937.750,7
19:06:29.54600,1937.750,1
19:06:30.67900,1937.750,1
19:06:31.10100,1937.750,1
19:06:33.64400,1937.500,18
19:06:33.82000,1937.500,1
19:06:34.52700,1937.750,1
19:06:35.40200,1937.750,1
19:06:35.84300,1937.750,1
19:06:36.14800,1937.750,13
19:06:36.36300,1937.750,4
19:06:36.45300,1937.750,7
19:06:37.56200,1937.750,1
19:06:38.67100,1937.750,2
19:06:39.97200,1937.750,7
19:06:40.46800,1937.750,1
19:06:42.62500,1937.500,8
19:06:43.14800,1937.500,1
19:06:44.23000,1937.500,15
19:06:44.41000,1937.500,17
19:06:45.74200,1937.500,3
19:06:46.01500,1937.000,144
19:06:46.13600,1937.000,1
19:06:47.82400,1937.000,2
19:06:48.11300,1937.000,1
19:06:49.17900,1937.000,1
19:06:50.76900,1937.250,11
19:06:51.26500,1937.250,1
19:06:51.88600,1937.250,5
19:06:52.45700,1937.250,1
19:06:52.94100,1937.250,3
19:06:54.26900,1937.250,10
19:06:55.85100,1937.250,7
19:06:58.24600,1937.500,38
19:06:59.73400,1937.500,1
19:07:00.30800,1937.500,30
19:07:01.30400,1937.500,12
19:07:02.30800,1937.250,17
19:07:03.33900,1937.250,14
19:07:03.89400,1937.250,1
19:07:04.72200,1937.250,1
19:07:07.20700,1937.500,10
19:07:09.09700,1937.250,25
19:07:10.23400,1937.250,1
19:07:13.36700,1937.250,1
19:07:13.90200,1937.250,11
19:07:15.02700,1937.250,2
19:07:15.44500,1937.250,2
19:07:16.41700,1937.500,20
19:07:16.73400,1937.250,1
19:07:18.68300,1937.250,3
19:07:19.49200,1937.250,1
19:07:21.61700,1937.250,2
19:07:21.88600,1937.500,16
19:07:22.03500,1937.500,2
19:07:22.05400,1937.250,1
19:07:24.20700,1937.500,1
19:07:26.19500,1937.500,4
19:07:28.53500,1937.500,2
19:07:34.07000,1937.500,5
19:07:34.58900,1937.500,1
19:07:36.55400,1937.500,2
19:07:39.23000,1937.500,1
19:07:39.76500,1937.500,1
19:07:40.78500,1937.500,2
19:07:41.37100,1937.500,2
19:07:45.53100,1937.750,1
19:07:46.97200,1937.500,1
19:07:49.59300,1937.500,20
19:07:49.82000,1937.500,15
19:07:49.90600,1937.500,3
19:07:50.41000,1937.750,1
19:07:51.02700,1937.250,10
19:07:51.34700,1937.500,7
19:07:52.64800,1937.500,1
19:07:52.91400,1937.250,1
19:07:53.26900,1937.500,1
19:07:53.28900,1937.500,10
19:07:53.69900,1937.500,2
19:07:54.33900,1937.500,11
19:07:56.65200,1937.500,1
19:07:57.29200,1937.500,4
19:07:57.57400,1937.750,2
19:07:58.41400,1937.750,1
19:07:58.80400,1937.750,4
19:07:58.96400,1937.500,118
19:07:59.08200,1937.250,36
19:07:59.10500,1937.250,23
19:07:59.56600,1937.250,19
19:07:59.64800,1937.250,38
19:07:59.85500,1937.250,17
19:08:00.24200,1937.250,12
19:08:00.44100,1937.250,19
19:08:00.52700,1937.250,2
19:08:00.80800,1937.250,15
19:08:01.02300,1937.250,14
19:08:01.93700,1937.250,2
19:08:06.21800,1937.250,1
19:08:07.75700,1937.250,1
19:08:08.58200,1937.250,52
19:08:09.17900,1937.500,1
19:08:12.18300,1937.250,4
19:08:13.46400,1937.250,1
19:08:15.37500,1937.250,1
19:08:17.41000,1937.250,2
19:08:20.46800,1937.000,1
19:08:21.46800,1937.000,1
19:08:21.68300,1937.000,1
19:08:22.71800,1937.250,16
19:08:22.73000,1937.250,2
19:08:23.41000,1937.250,30
19:08:23.67100,1937.250,21
19:08:26.03900,1937.250,4
19:08:27.05800,1936.750,93
19:08:27.46400,1937.000,1
19:08:27.83900,1937.000,1
19:08:28.69100,1937.000,1
19:08:29.10900,1937.000,2
19:08:29.57800,1937.000,34
19:08:31.43300,1937.000,4
19:08:32.94900,1937.000,1
19:08:34.59300,1937.000,1
19:08:35.05400,1937.250,1
19:08:35.45700,1937.250,1
19:08:36.35500,1937.250,2
19:08:37.20300,1937.000,11
19:08:39.17500,1937.000,1
19:08:39.63200,1937.000,1
19:08:40.48800,1937.000,1
19:08:41.49600,1937.000,1
19:08:44.07800,1936.750,186
19:08:44.33500,1936.500,18
19:08:45.18700,1936.750,1
19:08:47.17500,1936.750,19
19:08:47.55400,1936.750,1
19:08:47.75700,1936.750,1
19:08:47.91700,1936.750,1
19:08:48.23400,1936.750,1
19:08:48.58200,1936.750,1
19:08:48.85100,1936.750,1
19:08:49.54200,1936.750,1
19:08:52.57000,1936.750,1
19:08:53.41700,1936.500,10
19:08:54.37800,1936.500,1
19:08:56.91700,1936.500,1
19:08:59.64000,1936.500,4
19:09:01.48800,1936.250,36
19:09:01.89400,1936.250,11
19:09:02.19100,1936.500,1
19:09:03.30000,1936.500,4
19:09:03.48800,1936.500,2
19:09:03.73000,1936.250,1
19:09:04.07000,1936.250,2
19:09:04.21000,1936.250,1
19:09:05.08500,1936.250,1
19:09:05.32400,1936.250,1
19:09:05.54600,1936.250,1
19:09:05.74200,1936.250,1
19:09:06.02700,1936.250,1
19:09:06.27300,1936.250,28
19:09:06.84700,1936.000,11
19:09:06.88200,1936.000,1
19:09:07.08200,1936.000,1
19:09:07.26100,1936.000,1
19:09:07.47200,1936.250,1
19:09:07.89800,1936.000,1
19:09:08.28100,1936.250,23
19:09:08.34300,1936.250,8
19:09:09.69900,1936.250,1
19:09:10.42100,1936.250,3
19:09:11.33900,1936.250,4
19:09:11.66400,1936.500,1
19:09:12.52700,1936.250,4
19:09:12.64400,1936.250,3
19:09:13.57800,1936.250,1
19:09:14.25700,1936.250,1
19:09:14.59300,1936.500,1
19:09:15.48800,1936.250,18
19:09:17.32000,1936.250,5
19:09:19.14000,1936.250,1
19:09:20.62500,1936.250,1
19:09:23.15600,1936.500,1
19:09:23.93300,1936.250,49
19:09:24.39000,1936.250,17
19:09:24.60900,1936.250,1
19:09:26.42500,1936.250,43
19:09:28.69100,1936.250,59
19:09:30.01900,1936.250,1
19:09:31.30000,1936.000,1
19:09:34.37100,1936.250,1
19:09:34.78900,1936.000,1
19:09:37.01100,1936.000,1
19:09:37.33900,1936.000,110
19:09:40.12500,1936.000,10
19:09:41.21400,1936.250,4
19:09:43.14800,1936.000,1
19:09:43.33200,1936.000,62
19:09:43.55400,1936.000,7
19:09:45.09700,1936.000,2
19:09:48.66700,1935.750,324
19:09:48.76500,1935.750,1
19:09:50.07400,1936.000,13
19:09:50.19900,1936.000,4
19:09:50.90200,1936.000,1
19:09:51.07000,1936.000,1
19:09:51.30800,1936.000,1
19:09:51.48800,1936.000,1
19:09:52.33200,1936.000,9
19:09:54.47200,1936.000,1
19:09:55.39000,1936.000,1
19:09:56.06600,1935.750,1
19:09:56.36300,1935.750,5
19:09:57.12500,1935.750,5
19:09:57.37500,1935.750,2
19:09:57.83900,1935.750,10
19:09:58.91700,1936.000,2
19:09:59.26500,1935.750,1
19:10:06.15600,1936.000,7
19:10:06.57800,1936.000,3
19:10:06.91400,1936.000,5
19:10:07.23800,1935.750,1
19:10:08.00000,1936.000,1
19:10:08.37100,1935.750,4
19:10:08.95300,1935.750,32
19:10:10.10500,1935.750,1
19:10:10.33900,1935.750,27
19:10:11.11300,1936.000,1
19:10:11.43700,1935.750,13
19:10:12.07400,1936.000,8
19:10:18.39000,1936.000,1
19:10:19.57000,1936.000,8
19:10:22.61700,1936.000,1
19:10:24.17900,1936.000,1
19:10:24.37100,1936.000,2
19:10:25.46400,1935.750,21
19:10:26.86300,1935.750,25
19:10:28.32800,1935.750,2
19:10:30.78500,1935.500,1
19:10:31.86700,1935.750,51
19:10:32.00300,1935.750,13
19:10:32.41000,1935.500,1
19:10:33.96400,1935.750,3
19:10:34.61300,1935.500,1
19:10:35.91000,1935.750,1
19:10:39.64000,1935.750,1
19:10:41.48800,1935.500,3
19:10:42.09300,1935.750,1
19:10:44.18300,1935.500,1
19:10:46.31200,1935.500,51
19:10:46.60100,1935.500,11
19:10:51.25700,1935.500,1
19:10:52.19500,1935.500,1
19:10:52.87100,1935.250,66
19:10:55.13200,1935.250,14
19:10:55.32400,1935.000,5
19:10:55.42900,1935.250,1
19:10:56.22200,1935.250,1
19:10:56.46800,1935.000,1
19:10:57.15600,1935.250,1
19:10:58.82400,1935.000,69
19:10:58.88600,1935.000,26
19:10:58.88600,1935.000,11
19:10:59.05800,1935.250,7
19:10:59.50700,1935.000,5
19:11:00.47200,1935.250,3
19:11:01.58900,1935.000,6
19:11:01.89400,1935.000,3
19:11:03.27300,1935.000,48
19:11:03.68300,1935.000,34
19:11:03.96800,1935.000,2
19:11:04.28900,1935.000,1
19:11:04.42100,1934.750,1
19:11:05.10900,1935.000,29
19:11:05.69900,1935.000,7
19:11:07.96000,1935.000,7
19:11:08.59300,1935.000,3
19:11:09.28500,1935.000,1
19:11:10.68300,1935.000,1
19:11:12.16400,1935.000,1
19:11:14.60900,1935.000,1
19:11:15.52700,1935.000,1
19:11:15.80000,1935.000,2
19:11:16.31200,1935.000,12
19:11:19.26100,1935.000,1
19:11:19.87800,1935.000,20
19:11:22.10500,1935.000,1
19:11:22.38600,1935.000,1
19:11:23.35500,1935.000,2
19:11:23.83200,1934.750,1
19:11:24.31600,1935.000,5
19:11:26.06600,1935.000,10
19:11:29.15200,1935.000,4
19:11:29.81600,1935.000,12
19:11:30.74200,1935.000,1
19:11:31.04200,1935.250,3
19:11:33.55000,1935.000,8
19:11:34.54200,1934.750,51
19:11:35.21800,1935.000,1
19:11:35.86700,1935.000,1
19:11:36.69900,1935.000,12
19:11:38.03100,1935.000,1
19:11:40.59700,1934.750,1
19:11:41.34700,1935.000,55
19:11:41.53500,1935.000,20
19:11:42.17900,1935.000,2
19:11:42.28100,1935.000,1
19:11:43.19500,1934.750,1
19:11:45.59700,1934.750,1
19:11:46.37500,1935.000,6
19:11:47.16400,1935.000,1
19:11:48.92500,1935.000,3
19:11:50.19500,1935.000,3
19:11:53.35900,1935.000,1
19:11:54.73400,1935.000,2
19:12:01.93300,1935.000,6
19:12:03.16000,1935.250,1
19:12:05.91000,1935.250,2
19:12:08.50300,1935.250,1
19:12:09.10500,1935.000,1
19:12:09.78100,1935.000,1
19:12:11.67100,1935.000,5
19:12:12.26100,1935.000,1
19:12:15.77300,1935.000,59
19:12:15.85900,1935.000,1
19:12:17.55000,1935.000,2
19:12:18.92100,1935.000,3
19:12:19.38200,1935.000,2
19:12:20.37800,1935.000,1
19:12:21.56600,1935.000,1
19:12:21.65200,1935.000,1
19:12:30.19900,1935.000,26
19:12:30.48000,1935.000,1
19:12:38.04600,1935.000,2
19:12:39.12800,1935.000,1
19:12:41.24200,1935.000,7
19:12:43.25000,1934.750,2
19:12:47.05400,1934.750,27
19:12:47.44500,1934.750,26
19:12:48.07400,1934.750,1
19:12:48.89400,1934.750,1
19:12:49.34700,1934.750,18
19:12:50.06200,1934.750,1
19:12:50.53900,1934.750,4
19:12:50.69100,1934.750,4
19:12:51.82800,1934.750,3
19:12:56.35900,1934.750,3
19:12:56.89800,1934.750,36
19:12:57.35900,1934.750,2
19:12:59.37100,1934.750,1
19:12:59.60500,1934.750,2
19:13:03.54200,1935.000,3
19:13:04.44500,1934.750,1
19:13:05.64400,1934.750,4
19:13:07.76100,1935.000,1
19:13:08.75300,1934.750,6
19:13:15.39000,1935.000,1
19:13:21.05000,1935.000,1
19:13:22.36700,1935.000,66
19:13:23.85100,1935.250,2
19:13:24.18300,1935.250,1
19:13:26.67500,1935.250,1
19:13:30.51900,1935.250,2
19:13:33.44900,1935.250,1
19:13:35.52700,1935.000,57
19:13:36.19900,1935.000,1
19:13:36.33900,1934.750,1
19:13:36.70700,1934.750,40
19:13:37.27700,1934.750,24
19:13:38.03500,1934.750,11
19:13:38.72200,1935.000,25
19:13:39.12100,1934.750,4
19:13:41.22200,1934.750,1
19:13:41.57800,1934.750,1
19:13:43.96400,1934.500,8
19:13:44.36700,1934.500,3
19:13:44.61300,1934.500,2
19:13:44.81600,1934.500,63
19:13:45.24600,1934.500,1
19:13:45.65200,1934.250,3
19:13:45.71000,1934.250,1
19:13:46.47200,1934.500,1
19:13:46.95700,1934.500,65
19:13:47.15200,1934.500,1
19:13:47.29600,1934.500,1
19:13:48.20700,1934.500,2
19:13:48.42500,1934.500,7
19:13:50.41400,1934.500,1
19:13:52.64000,1934.500,2
19:13:54.53100,1934.500,1
19:13:55.42100,1934.250,1
19:13:56.08900,1934.250,1
19:13:57.33200,1934.500,2
19:13:57.61700,1934.500,2
19:13:58.21400,1934.500,1
19:14:00.39000,1934.500,2
19:14:02.25700,1934.250,13
19:14:03.30400,1934.250,5
19:14:03.91700,1934.250,1
19:14:04.69900,1934.500,1
19:14:05.14800,1934.250,74
19:14:05.30800,1934.000,7
19:14:05.94900,1934.250,3
19:14:08.30800,1934.250,1
19:14:09.18300,1934.250,3
19:14:10.53500,1934.250,1
19:14:10.81600,1934.000,5
19:14:11.24200,1934.250,1
19:14:12.37100,1934.000,2
19:14:12.75700,1934.250,5
19:14:17.22200,1934.000,1
19:14:17.65200,1934.000,1
19:14:18.07800,1934.250,3
19:14:18.25300,1934.250,1
19:14:18.38600,1934.250,73
19:14:20.51100,1934.500,1
19:14:21.43300,1934.250,2
19:14:24.59700,1934.250,1
19:14:26.21000,1934.250,1
19:14:27.33200,1934.500,38
19:14:27.49600,1934.750,1
19:14:27.58200,1934.500,23
19:14:27.83200,1934.500,6
19:14:30.70300,1934.500,2
19:14:33.61700,1934.250,20
19:14:34.37500,1934.250,1
19:14:39.21800,1934.500,4
19:14:40.89000,1934.500,1
19:14:45.26900,1934.250,5
19:14:49.09700,1934.250,17
19:14:53.16400,1934.250,1
19:14:54.15200,1934.250,1
19:14:57.53100,1934.250,1
19:14:57.78100,1934.250,8
19:15:00.18300,1934.250,36
19:15:00.32800,1934.500,3
19:15:01.58200,1934.500,20
19:15:01.67500,1934.500,1
19:15:07.21400,1934.500,1
19:15:07.70700,1934.500,1
19:15:08.26900,1934.750,2
19:15:08.50700,1934.500,10
19:15:12.23000,1934.500,2
19:15:13.06600,1934.500,3
19:15:15.13600,1934.500,4
19:15:17.02300,1934.500,1
19:15:18.23800,1934.500,26
19:15:20.33900,1934.750,1
19:15:22.79200,1934.750,1
19:15:23.25300,1934.750,1
19:15:24.17500,1934.250,167
19:15:24.33200,1934.250,3
19:15:24.39000,1934.250,1
19:15:24.64000,1934.500,51
19:15:27.04200,1934.250,1
19:15:28.44900,1934.500,8
19:15:28.67100,1934.500,1
19:15:30.58200,1934.500,2
19:15:34.03900,1934.500,2
19:15:34.64800,1934.500,25
19:15:34.89400,1934.500,5
19:15:40.68300,1934.500,1
19:15:44.19500,1934.500,7
19:15:46.28100,1934.500,9
19:16:03.35500,1934.500,6
19:16:04.04600,1934.500,2
19:16:05.19900,1934.500,1
19:16:09.57400,1934.500,1
19:16:12.09300,1934.750,37
19:16:12.26500,1934.750,1
19:16:16.53500,1934.750,14
19:16:17.69900,1935.000,2
19:16:18.40200,1934.750,1
19:16:22.91400,1935.000,1
19:16:24.49600,1935.000,1
19:16:26.17100,1935.000,1
19:16:32.53500,1934.750,2
19:16:33.88200,1935.000,81
19:16:38.25000,1935.000,2
19:16:39.21400,1935.250,51
19:16:39.72200,1935.250,5
19:16:40.22200,1935.250,1
19:16:42.62100,1935.250,2
19:16:42.78900,1935.250,1
19:16:45.36700,1935.250,25
19:16:47.33500,1935.250,1
19:16:51.83200,1935.250,1
19:16:53.35900,1935.250,1
19:16:54.12100,1935.000,32
19:16:54.68300,1935.000,1
19:17:03.96800,1935.000,2
19:17:05.01100,1935.000,5
19:17:06.81200,1935.000,19
19:17:11.10500,1935.250,8
19:17:11.37800,1935.250,9
19:17:20.75300,1935.250,1
19:17:20.92500,1935.250,1
19:17:21.71800,1935.250,2
19:17:33.97200,1935.000,1
19:17:45.50300,1935.250,1
19:17:56.67100,1935.000,34
19:17:57.74600,1935.000,2
19:17:59.42100,1935.000,1
19:18:15.58900,1934.750,5
19:18:15.71000,1934.750,1
19:18:19.08900,1935.000,7
19:18:22.08500,1935.000,1
19:18:23.86300,1935.000,1
19:18:24.03900,1934.750,2
19:18:29.69500,1935.000,42
19:18:31.29200,1935.000,1
19:18:44.74600,1935.000,1
19:18:46.04600,1935.000,17
19:18:47.26900,1934.750,1
19:18:47.81200,1934.750,1
19:18:48.25300,1935.000,1
19:18:50.00300,1935.000,2
19:18:50.90600,1934.750,8
19:19:02.80800,1934.750,42
19:19:06.43300,1934.750,1
19:19:08.26500,1934.500,2
19:19:08.53900,1934.500,10
19:19:08.97200,1934.750,10
19:19:09.28100,1934.750,26
19:19:10.37800,1934.750,5
19:19:11.79600,1934.750,4
19:19:23.48000,1934.750,1
19:19:28.00000,1935.000,10
19:19:31.22200,1934.750,26
19:19:32.68300,1934.500,1
19:19:33.83500,1934.750,52
19:19:38.54600,1934.500,1
19:19:40.27300,1934.500,1
19:19:43.08900,1934.500,1
19:19:43.58900,1934.500,1
19:19:45.08900,1934.500,1
19:19:46.89400,1934.500,1
19:19:47.57800,1934.500,1
19:19:48.13200,1934.500,1
19:19:50.71800,1934.500,2
19:19:52.83900,1934.500,1
19:19:56.23000,1934.500,1
19:19:57.64400,1934.500,1
19:19:58.07400,1934.500,1
19:20:02.56200,1934.500,4
19:20:03.40600,1934.500,1
19:20:05.33900,1934.500,6
19:20:06.86300,1934.500,1
19:20:08.33900,1934.500,1
19:20:11.44100,1934.500,7
19:20:11.87800,1934.500,97
19:20:13.23000,1934.250,77
19:20:13.33200,1934.250,10
19:20:13.39400,1934.250,1
19:20:14.74200,1934.250,2
19:20:17.60900,1934.250,5
19:20:20.88600,1934.250,1
19:20:23.30400,1934.000,3
19:20:23.71800,1934.000,1
19:20:25.09700,1934.000,31
19:20:26.94100,1934.000,4
19:20:29.25700,1933.750,22
19:20:29.29200,1933.750,1
19:20:29.53100,1934.000,6
19:20:33.07400,1934.000,14
19:20:35.52700,1934.000,1
19:20:36.73800,1934.000,20
19:20:37.49200,1934.000,1
19:20:37.71800,1934.000,1
19:20:38.58200,1934.000,3
19:20:39.84300,1934.000,1
19:20:39.90600,1934.000,1
19:20:41.68700,1934.000,1
19:20:41.91000,1934.000,1
19:20:43.69100,1934.000,1
19:20:45.30400,1934.000,1
19:20:55.00000,1934.250,16
19:20:56.72600,1934.250,2
19:20:59.07000,1934.250,2
19:20:59.53100,1934.250,8
19:21:04.21400,1934.500,7
19:21:04.92500,1934.250,1
19:21:13.55800,1934.250,5
19:21:14.21400,1934.250,7
19:21:14.48400,1934.000,4
19:21:17.06600,1934.250,3
19:21:18.89800,1934.250,5
19:21:21.70300,1934.000,22
19:21:23.35100,1934.000,5
19:21:29.64400,1934.000,1
19:21:29.90200,1934.000,23
19:21:34.91000,1934.250,1
19:21:35.41000,1934.000,10
19:21:35.68700,1934.000,2
19:21:39.77700,1934.000,3
19:21:43.21400,1934.000,55
19:21:46.11700,1934.000,28
19:21:48.45300,1934.000,1
19:21:48.60100,1934.000,5
19:21:51.69100,1934.000,13
19:21:55.42900,1933.750,33
19:21:55.67500,1933.750,1
19:21:56.00300,1933.750,2
19:21:57.60900,1933.500,10
19:21:58.20700,1933.500,1
19:22:04.60500,1933.750,4
19:22:07.00700,1933.750,1
19:22:08.00700,1933.500,1
19:22:08.23800,1933.750,5
19:22:12.02300,1933.500,31
19:22:15.25000,1933.500,3
19:22:17.57800,1933.500,11
19:22:18.72600,1933.500,1
19:22:19.95300,1933.500,1
19:22:28.19100,1933.500,2
19:22:28.43300,1933.750,1
19:22:32.01900,1933.500,33
19:22:36.85100,1933.500,71
19:22:36.93700,1933.250,1
19:22:37.35100,1933.500,1
19:22:38.78100,1933.500,3
19:22:48.55000,1933.500,1
19:22:50.46800,1933.750,1
19:22:56.39400,1933.500,1
19:22:57.65200,1933.500,8
19:22:57.78100,1933.500,15
19:22:58.00000,1933.250,1
19:22:58.50700,1933.500,1
19:22:59.23400,1933.500,4
19:23:01.53100,1933.500,8
19:23:02.24600,1933.500,2
19:23:02.96400,1933.250,6
19:23:04.50000,1933.500,4
19:23:04.68700,1933.500,1
19:23:04.90200,1933.250,8
19:23:05.71800,1933.750,2
19:23:14.45700,1933.500,1
19:23:15.50000,1933.500,1
19:23:18.46800,1933.500,2
19:23:19.80800,1933.500,20
19:23:22.28900,1933.500,1
19:23:24.75300,1933.500,1
19:23:28.78500,1934.000,116
19:23:28.87800,1934.250,4
19:23:30.37100,1934.250,1
19:23:33.79200,1934.250,1
19:23:34.64000,1934.250,69
19:23:38.00300,1934.250,25
19:23:38.63200,1934.250,8
19:23:38.67100,1934.250,2
19:23:38.91400,1934.250,1
19:23:39.21800,1934.250,4
19:23:40.65600,1934.250,4
19:23:43.73000,1934.250,13
19:23:45.80800,1934.000,6
19:23:46.21400,1933.750,5
19:23:46.33200,1934.000,2
19:23:48.13600,1934.000,1
19:23:48.62100,1933.750,28
19:23:48.80000,1933.750,21
19:23:50.87100,1933.750,1
19:23:54.44100,1933.750,1
19:23:55.05000,1933.750,21
19:23:56.26100,1933.750,1
19:23:56.59300,1933.750,2
19:23:57.76100,1933.750,5
19:23:58.39400,1934.000,2
19:23:59.19500,1933.750,16
19:23:59.53500,1933.750,1
19:24:04.57800,1934.250,15
19:24:04.92100,1934.000,1
19:24:15.55800,1934.250,1
19:24:18.79200,1934.250,1
19:24:23.38600,1934.250,7
19:24:24.24200,1934.250,7
19:24:32.72600,1934.500,3
19:24:33.66700,1934.250,1
19:24:35.70300,1934.250,33
19:24:39.03900,1934.250,1
19:24:39.39000,1934.000,6
19:24:39.51900,1934.000,3
19:24:41.44900,1934.000,18
19:24:42.10900,1934.000,7
19:24:42.46800,1934.000,1
19:24:45.38600,1934.000,1
19:24:46.32000,1934.000,27
19:24:47.02300,1934.000,11
19:24:51.82400,1934.000,1
19:24:52.35900,1934.000,3
19:24:53.01100,1934.250,12
19:24:54.85500,1934.000,6
19:25:01.44900,1934.000,2
19:25:04.25000,1934.000,1
19:25:07.25300,1934.000,1
19:25:10.10900,1934.250,1
19:25:11.80400,1934.000,1
19:25:13.21800,1934.000,1
19:25:14.57800,1934.250,16
19:25:21.67500,1934.500,7
19:25:24.63200,1934.500,10
19:25:25.02300,1934.500,1
19:25:29.69900,1934.250,17
19:25:31.83900,1934.250,1
19:25:32.44100,1934.000,12
19:25:36.93300,1934.000,1
19:25:38.47600,1934.250,6
19:25:41.58500,1934.250,1
19:25:43.75000,1934.250,6
19:25:44.14000,1934.250,1
19:25:45.89800,1934.250,1
19:25:49.57400,1934.250,3
19:25:50.03900,1934.250,6
19:25:54.52700,1934.000,2
19:25:55.48800,1934.250,2
19:25:59.37100,1934.250,13
19:26:01.75000,1934.500,2
19:26:15.94500,1934.500,17
19:26:23.33500,1934.500,1
19:26:27.36300,1934.750,7
19:26:31.71400,1934.750,1
19:26:33.35500,1934.750,1
19:26:35.84700,1934.750,2
19:26:37.10900,1934.500,2
19:26:37.44500,1934.500,1
19:26:38.19500,1934.500,70
19:26:38.57400,1934.500,1
19:26:39.49600,1934.500,4
19:26:40.52700,1934.750,1
19:26:42.50700,1934.750,1
19:26:46.80400,1934.750,2
19:26:48.56200,1934.500,2
19:26:49.21800,1934.500,1
19:27:05.36700,1934.500,34
19:27:06.55000,1934.750,1
19:27:07.77300,1934.750,1
19:27:10.70300,1934.750,1
19:27:11.52700,1934.750,3
19:27:11.89000,1934.750,1
19:27:20.35500,1934.750,36
19:27:24.52300,1934.750,2
19:27:29.01100,1934.750,1
19:27:33.36300,1934.750,41
19:27:37.54200,1934.750,1
19:27:41.53100,1934.750,47
19:27:42.14400,1934.750,24
19:27:47.14000,1934.750,4
19:27:51.38200,1934.750,1
19:27:57.04200,1934.750,1
19:28:00.16000,1934.750,105
19:28:00.33900,1934.750,18
19:28:00.38600,1934.750,7
19:28:08.66400,1934.750,1
19:28:08.87100,1934.750,9
19:28:09.76100,1935.000,1
19:28:13.37100,1935.000,1
19:28:16.18700,1934.750,1
19:28:16.55400,1935.000,1
19:28:17.18700,1935.000,1
19:28:18.12100,1935.000,4
19:28:19.22200,1935.000,1
19:28:21.84300,1935.000,1
19:28:38.66000,1934.750,2
19:28:43.40200,1934.750,27
19:28:46.44500,1934.750,1
19:28:46.64800,1934.750,6
19:28:55.25300,1934.750,2
19:29:11.24600,1934.500,21
19:29:13.70700,1934.500,20
19:29:16.09300,1934.500,2
19:29:18.27700,1934.500,42
19:29:20.95300,1934.500,10
19:29:25.73000,1934.500,1
19:29:26.78100,1934.500,1
19:29:28.00000,1934.500,28
19:29:30.15600,1934.500,4
19:29:35.33500,1934.500,2
19:29:40.35100,1934.500,11
19:29:45.88200,1934.500,1
19:29:47.77300,1934.500,1
19:29:49.03500,1934.500,4
19:29:53.73000,1934.500,2
19:29:58.03100,1934.000,24
19:30:02.57400,1934.500,23
19:30:03.19900,1934.000,17
19:30:03.48400,1934.250,9
19:30:03.57400,1934.000,1
19:30:03.73000,1934.250,2
19:30:04.20300,1934.250,2
19:30:05.19100,1934.500,36
19:30:06.24600,1934.500,10
19:30:10.02700,1934.750,17
19:30:10.21400,1934.750,5
19:30:10.66700,1934.750,7
19:30:12.16400,1934.500,41
19:30:12.23000,1934.500,2
19:30:14.37800,1934.500,1
19:30:15.86300,1934.500,4
19:30:16.29200,1934.500,2
19:30:16.46000,1934.500,1
19:30:31.69900,1935.000,340
19:30:33.82000,1934.750,7
19:30:36.52700,1935.000,13
19:30:36.87800,1935.000,2
19:30:37.26100,1934.750,1
19:30:39.49600,1934.750,3
19:30:41.34700,1934.750,14
19:30:42.15200,1934.750,17
19:30:42.40200,1935.000,1
19:30:47.66000,1935.000,3
19:30:48.35500,1934.750,2
19:30:49.04600,1935.000,6
19:30:49.93700,1935.000,2
19:30:50.19500,1935.000,2
19:30:51.31200,1935.000,4
19:30:52.55800,1935.250,1
19:30:53.71800,1935.000,4
19:30:54.44100,1935.000,6
19:30:54.96800,1935.000,2
19:30:55.11300,1935.000,7
19:30:57.37100,1935.000,2
19:30:59.92900,1935.000,1
19:31:02.75000,1934.750,24
19:31:04.66700,1935.000,3
19:31:05.66700,1935.000,6
19:31:06.18700,1935.000,1
19:31:07.71000,1935.000,1
19:31:08.21000,1935.000,2
19:31:09.11300,1935.000,2
19:31:12.20700,1935.000,2
19:31:12.52700,1934.750,1
19:31:13.01900,1935.000,1
19:31:13.69900,1934.750,15
19:31:15.23000,1935.000,10
19:31:15.59300,1934.750,3
19:31:19.35900,1934.750,1
19:31:34.08500,1934.750,8
19:31:34.68300,1934.750,1
19:31:40.77700,1934.500,2
19:31:43.02300,1934.750,1
19:31:50.83900,1934.500,17
19:31:54.86300,1934.500,1
19:31:57.11300,1934.500,10
19:32:02.42500,1934.500,14
19:32:04.07800,1934.500,3
19:32:06.56600,1934.500,6
19:32:08.05400,1934.500,1
19:32:10.83500,1934.500,1
19:32:15.60900,1934.250,2
19:32:15.79600,1934.500,1
19:32:26.81600,1934.500,2
19:32:34.75700,1934.500,3
19:32:36.79600,1934.500,5
19:32:36.97200,1934.500,2
19:32:39.67500,1934.500,16
19:32:40.73800,1934.500,9
19:32:45.61300,1934.750,52
19:32:45.86700,1934.750,10
19:32:46.11700,1934.750,3
19:32:47.11700,1934.750,1
19:32:49.85900,1934.750,2
19:32:54.25000,1934.750,5
19:32:56.39400,1934.750,1
19:33:00.33500,1934.750,3
19:33:05.37100,1934.750,12
19:33:05.60900,1935.000,2
19:33:05.89000,1934.750,11
19:33:22.23000,1934.500,32
19:33:22.46000,1934.500,2
19:33:22.66000,1934.500,2
19:33:24.84700,1934.250,30
19:33:27.64800,1934.500,2
19:33:47.13600,1934.250,1
19:33:57.12100,1934.250,1
19:33:58.05000,1934.500,1
19:34:04.44500,1934.250,33
19:34:08.41400,1934.250,5
19:34:08.65200,1934.250,1
19:34:12.26900,1934.250,28
19:34:21.15600,1934.250,26
19:34:26.74200,1934.000,4
19:34:29.50000,1934.250,2
19:34:30.78100,1934.000,1
19:34:31.91400,1934.000,4
19:34:35.48000,1934.000,3
19:34:45.60500,1934.000,1
19:35:11.73400,1934.500,61
19:35:11.82800,1934.500,25
19:35:17.77700,1934.500,12
19:35:18.67500,1934.500,13
19:35:19.67500,1934.500,4
19:35:22.68700,1934.750,2
19:35:27.09700,1934.750,4
19:35:29.24200,1934.500,2
19:35:31.91400,1934.500,1
19:35:36.83900,1934.750,1
19:35:37.05000,1934.750,1
19:35:40.15200,1934.750,13
19:35:41.26100,1934.500,23
19:35:42.33900,1934.750,13
19:35:51.46000,1934.500,10
19:35:54.07800,1934.500,17
19:35:55.17900,1934.500,3
19:35:58.29200,1934.500,2
19:36:04.07000,1934.250,4
19:36:05.71000,1934.250,18
19:36:12.50700,1933.750,108
19:36:12.65600,1933.750,6
19:36:14.70300,1933.750,14
19:36:15.74600,1933.750,1
19:36:19.93300,1934.250,119
19:36:20.27700,1934.250,19
19:36:21.85100,1934.250,4
19:36:22.25000,1934.000,1
19:36:24.15200,1934.250,1
19:36:26.79600,1934.250,14
19:36:26.92900,1934.250,2
19:36:29.05000,1934.000,3
19:36:32.09300,1934.250,1
19:36:33.20700,1934.250,2
19:36:43.43700,1934.000,11
19:36:45.28900,1933.750,3
19:36:47.15200,1933.750,15
19:36:48.35100,1933.750,1
19:36:49.01100,1933.500,4
19:36:49.67100,1933.750,10
19:36:49.85100,1933.500,1
19:36:52.20300,1933.750,5
19:36:56.11700,1933.750,17
19:36:57.29200,1933.750,4
19:37:07.04600,1934.000,6
19:37:14.08900,1933.750,1
19:37:17.23000,1933.750,6
19:37:18.45700,1933.750,13
19:37:21.48800,1933.750,7
19:37:22.18300,1933.750,1
19:37:27.86300,1933.750,7
19:37:33.60100,1933.750,2
19:37:36.41000,1934.000,1
19:37:37.96000,1933.750,1
19:37:38.17100,1933.750,2
19:37:39.31600,1933.750,2
19:37:48.37100,1933.750,30
19:37:57.86300,1933.750,2
19:38:18.88600,1933.500,71
19:38:19.18700,1933.500,3
19:38:20.04200,1933.750,1
19:38:20.91000,1933.500,1
19:38:23.26500,1933.500,1
19:38:27.25000,1933.500,1
19:38:31.00700,1933.500,12
19:38:35.83900,1933.750,2
19:38:39.33900,1933.500,4
19:38:44.41000,1933.500,13
19:38:44.74600,1933.500,2
19:38:51.39000,1933.500,2
19:38:53.39400,1933.500,10
19:38:53.81600,1933.500,5
19:38:56.11700,1933.500,1
19:39:05.96800,1933.500,2
19:39:09.19100,1933.500,36
19:39:13.19900,1933.750,1
19:39:15.26500,1933.750,59
19:39:22.37100,1933.750,2
19:39:27.84300,1933.750,53
19:39:33.83500,1933.500,1
19:39:35.23000,1933.500,9
19:39:36.13200,1933.500,5
19:39:40.60500,1933.500,1
19:39:45.90200,1933.750,1
19:39:48.10900,1933.500,12
19:39:53.17900,1933.500,11
19:39:53.40200,1933.500,1
19:39:55.28100,1933.500,4
19:39:55.96800,1933.500,1
19:39:57.62100,1933.500,8
19:40:03.67900,1933.500,26
19:40:03.87500,1933.500,6
19:40:13.20300,1933.500,6
19:40:37.61300,1933.500,28
19:40:42.01500,1933.500,2
19:40:44.00700,1933.500,4
19:40:44.84700,1933.500,8
19:40:47.46000,1933.750,10
19:40:52.44500,1933.750,43
19:40:52.79600,1933.750,1
19:41:09.48400,1933.500,61
19:41:12.16700,1933.500,14
19:41:13.31200,1933.500,1
19:41:14.09300,1933.500,1
19:41:15.51100,1933.500,3
19:41:16.79600,1933.500,13
19:41:20.61700,1933.500,17
19:41:20.81600,1933.500,1
19:41:26.24600,1933.250,7
19:41:28.07000,1933.500,10
19:41:37.42100,1933.500,1
19:41:39.69100,1933.250,2
19:41:45.93300,1933.500,1
19:41:50.01900,1933.500,1
19:41:51.25300,1933.250,1
19:42:07.41400,1933.250,2
19:42:13.44100,1933.250,5
19:42:23.29600,1933.500,1
19:42:23.86300,1933.500,3
19:42:35.45700,1933.500,1
19:42:47.45700,1933.500,58
19:42:51.57000,1933.500,1
19:42:55.10100,1933.500,1
19:43:08.01900,1933.750,31
19:43:08.19100,1933.750,8
19:43:08.61700,1933.750,3
19:43:14.16400,1933.750,2
19:43:21.73800,1934.000,49
19:43:22.26100,1934.000,5
19:43:22.44100,1934.000,1
19:43:26.25700,1934.000,1
19:43:30.53100,1934.000,1
19:43:33.42500,1934.000,1
19:43:41.61300,1934.000,1
19:43:47.94500,1934.000,3
19:43:48.25300,1933.750,7
19:44:01.43700,1934.000,3
19:44:13.46000,1933.750,1
19:44:17.51500,1933.750,4
19:44:35.38600,1933.750,1
19:44:42.50000,1934.000,1
19:44:46.97200,1934.000,21
19:44:47.75000,1934.000,3
19:44:57.92900,1934.250,1
19:45:00.41400,1934.250,7
19:45:03.84700,1934.250,57
19:45:04.08500,1934.250,1
19:45:07.76100,1934.250,1
19:45:09.87500,1934.250,1
19:45:14.37100,1934.250,1
19:45:18.25700,1934.250,1
19:45:18.48000,1934.250,1
19:45:26.40200,1934.250,16
19:45:29.22600,1934.250,2
19:45:33.44900,1934.250,5
19:45:34.00300,1934.000,1
19:45:35.09700,1934.250,2
19:45:43.23000,1934.250,1
19:45:44.03500,1934.250,5
19:45:44.61300,1934.250,2
19:45:45.42100,1934.250,20
19:45:48.45300,1934.250,4
19:45:58.27700,1934.250,4
19:46:04.49600,1934.000,6
19:46:10.18700,1934.250,1
19:46:11.14800,1934.250,4
19:46:17.31600,1934.250,23
19:46:18.48800,1934.250,4
19:46:21.67900,1934.250,8
19:46:29.06200,1934.250,8
19:46:31.88200,1934.250,9
19:46:41.51900,1934.250,1
19:46:50.48400,1934.250,7
19:46:52.57800,1934.250,4
19:46:55.56600,1934.250,1
19:47:53.74200,1934.000,62
19:48:24.27300,1934.000,6
19:48:24.72600,1933.750,1
19:48:47.82400,1933.750,4
19:48:54.03500,1933.750,1
19:48:59.14800,1933.750,26
19:49:02.40600,1933.500,27
19:49:02.74200,1933.500,1
19:49:04.66700,1933.500,3
19:49:09.16700,1933.250,2
19:49:09.78100,1933.500,1
19:49:10.97200,1933.250,4
19:49:14.80800,1933.500,2
19:49:15.04600,1933.500,27
19:49:19.18300,1933.750,15
19:49:20.87800,1933.750,20
19:49:21.20300,1933.750,9
19:49:27.22200,1933.750,3
19:49:28.68700,1933.750,2
19:49:32.27700,1933.500,1
19:49:36.30400,1933.750,41
19:49:46.91000,1933.750,10
19:49:47.86300,1933.750,12
19:49:49.25700,1933.500,14
19:49:51.56200,1933.750,2
19:49:55.10900,1933.750,3
19:49:57.62800,1933.500,4
19:49:59.80400,1933.500,36
19:50:03.43300,1933.500,7
19:50:16.53100,1933.500,1
19:50:22.08900,1933.250,1
19:50:23.14400,1933.250,2
19:50:27.76500,1933.250,1
19:50:28.03100,1933.250,7
19:50:28.19100,1933.250,2
19:50:46.46800,1933.500,17
19:50:48.25000,1933.500,8
19:50:48.82800,1933.250,5
19:50:58.44500,1933.250,5
19:51:05.22600,1933.750,6
19:51:08.05800,1933.500,5
19:51:08.24600,1933.500,1
19:51:17.64800,1933.500,5
19:51:19.08500,1933.750,12
19:51:19.21800,1933.750,3
19:51:22.42900,1933.750,5
19:51:23.49600,1933.750,8
19:51:24.03500,1933.750,4
19:51:24.55400,1933.750,2
19:51:27.26500,1933.500,5
19:51:34.35100,1933.750,2
19:51:36.85500,1933.500,5
19:51:42.83200,1933.500,1
19:51:46.47200,1933.500,5
19:51:51.48000,1933.500,7
19:51:56.08500,1933.500,5
19:51:57.44100,1933.500,10
19:52:05.67900,1933.750,13
19:52:07.89000,1933.750,5
19:52:09.10900,1933.500,1
19:52:10.41700,1933.750,3
19:52:15.29600,1933.750,5
19:52:24.00000,1933.750,6
19:52:24.22200,1933.750,1
19:52:24.88600,1933.750,5
19:52:27.92500,1934.000,54
19:52:28.24600,1934.000,1
19:52:28.94500,1934.250,8
19:52:29.36700,1934.000,1
19:52:34.50300,1934.000,5
19:52:37.56600,1934.250,8
19:52:38.41000,1934.250,3
19:52:43.59700,1934.250,7
19:52:44.11700,1934.000,5
19:52:45.80400,1934.000,19
19:52:46.07400,1934.000,2
19:52:46.29200,1934.000,1
19:52:47.11300,1934.250,29
19:52:47.32400,1934.500,5
19:52:48.83500,1934.250,2
19:52:51.60100,1934.500,6
19:52:52.15200,1934.500,1
19:52:52.29600,1934.500,1
19:52:53.70700,1934.250,5
19:52:53.92900,1934.250,1
19:52:55.63200,1934.500,1
19:52:57.38200,1934.500,1
19:52:57.63600,1934.500,9
19:52:58.64000,1934.500,37
19:53:04.17500,1934.500,7
19:53:04.95700,1934.500,2
19:53:10.96800,1934.250,12
19:53:11.17900,1934.250,1
19:53:11.41000,1934.000,1
19:53:12.91700,1934.000,5
19:53:14.16700,1934.000,1
19:53:15.00000,1934.250,2
19:53:15.24200,1934.250,1
19:53:22.53100,1934.000,5
19:53:24.21800,1934.000,46
19:53:30.29200,1934.000,1
19:53:32.14800,1934.000,5
19:53:33.63600,1934.250,7
19:53:39.33200,1934.500,27
19:53:41.73800,1934.250,6
19:53:43.38600,1934.250,16
19:53:44.71800,1934.250,1
19:53:51.35500,1934.000,5
19:53:56.60100,1934.000,12
19:53:59.72200,1934.000,1
19:54:06.95700,1933.750,7
19:54:07.47200,1933.750,1
19:54:09.05400,1934.000,1
19:54:10.56200,1933.750,5
19:54:12.17100,1933.750,7
19:54:12.41000,1933.750,8
19:54:16.90600,1933.750,2
19:54:17.25700,1933.750,8
19:54:20.17500,1933.500,5
19:54:22.23400,1933.750,1
19:54:24.82400,1933.500,1
19:54:28.30000,1933.750,4
19:54:29.76900,1933.500,5
19:54:34.81600,1933.750,4
19:54:35.12800,1933.750,1
19:54:38.10100,1934.000,1
19:54:39.38200,1933.750,5
19:54:42.35500,1933.750,12
19:54:47.23800,1933.750,17
19:54:49.00000,1933.500,5
19:54:53.65200,1933.500,4
19:54:55.26900,1933.750,2
19:54:55.76100,1933.500,8
19:54:55.89400,1933.500,9
19:54:59.26900,1933.500,14
19:55:01.76100,1933.750,26
19:55:03.38200,1933.750,1
19:55:03.74600,1934.000,1
19:55:05.60500,1934.000,1
19:55:06.03900,1933.750,5
19:55:08.21000,1933.750,7
19:55:11.46000,1933.750,4
19:55:12.94900,1934.000,14
19:55:13.61700,1934.000,1
19:55:15.90600,1934.000,1
19:55:17.79600,1934.000,6
19:55:23.05400,1934.000,1
19:55:25.21800,1934.250,10
19:55:26.67100,1934.250,7
19:55:27.41400,1934.250,7
19:55:27.88600,1934.250,1
19:55:30.13600,1934.250,1
19:55:34.02300,1934.250,5
19:55:44.74200,1934.250,1
19:55:49.87100,1934.500,1
19:55:50.74600,1934.250,3
19:55:53.10500,1934.250,9
19:56:07.91400,1934.000,3
19:56:12.03100,1934.250,7
19:56:17.63200,1934.250,1
19:56:18.41000,1934.500,1
19:56:22.83200,1934.500,8
19:56:24.25300,1934.500,20
19:56:25.57800,1934.500,1
19:56:28.59700,1934.500,1
19:56:37.40600,1934.500,10
19:56:37.86700,1934.500,2
19:56:42.44500,1934.500,2
19:56:44.48400,1934.500,1
19:56:44.97200,1934.500,12
19:56:48.26900,1934.750,5
19:56:48.57400,1934.750,1
19:56:49.35900,1934.750,1
19:56:52.24600,1934.750,2
19:56:54.89000,1934.750,10
19:56:56.67900,1934.750,1
19:57:00.75300,1934.750,29
19:57:02.96000,1934.750,2
19:57:09.22200,1934.750,57
19:57:12.82800,1934.500,1
19:57:20.22200,1934.500,145
19:57:25.06200,1934.750,2
19:57:28.04600,1934.750,55
19:57:29.32000,1934.750,11
19:57:31.51500,1934.500,44
19:57:39.88600,1934.500,61
19:57:40.16400,1934.500,16
19:57:40.73000,1934.500,1
19:57:42.14000,1934.750,4
19:57:47.04600,1934.500,2
19:57:50.19500,1934.750,10
19:58:16.23400,1934.500,56
19:58:17.12800,1934.500,4
19:58:27.90200,1934.500,12
19:58:28.12500,1934.500,4
19:58:29.12800,1934.500,5
19:58:30.54600,1934.500,5
19:58:32.12500,1934.500,10
19:58:37.16000,1934.500,10
19:58:41.01500,1934.750,2
19:58:46.23400,1934.500,1
19:58:46.36300,1934.500,18
19:58:54.85500,1934.500,1
19:59:06.07400,1934.250,2
19:59:18.31600,1934.500,2
19:59:23.71800,1934.500,1
19:59:30.00300,1934.500,38
19:59:31.74600,1934.500,1
19:59:39.02700,1934.750,2
19:59:45.64800,1934.500,39
19:59:53.95700,1934.500,1
19:59:55.66000,1934.500,3
19:59:59.58500,1934.250,1
20:00:00.19900,1934.250,0
20:00:00.71000,1934.500,1
20:00:00.89400,1934.500,2
20:00:01.07000,1934.250,1
20:00:01.09300,1934.250,1
20:00:01.34700,1934.250,1
20:00:01.48400,1934.250,1
20:00:01.62500,1934.250,2
20:00:01.68300,1934.250,2
20:00:03.52300,1934.500,1
20:00:05.50000,1934.500,2
20:00:05.94500,1934.250,1
20:00:06.25700,1934.250,7
20:00:06.46400,1934.250,6
20:00:06.92500,1934.250,2
20:00:07.45300,1934.250,1
20:00:08.42900,1934.000,4
20:00:14.05400,1934.000,7
20:00:15.23400,1934.000,20
20:00:15.62100,1934.000,3
20:00:16.06200,1934.000,4
20:00:19.46800,1933.750,20
20:00:19.53900,1934.000,1
20:00:19.76900,1933.750,5
20:00:25.74200,1933.500,2
20:00:26.08900,1933.750,1
20:00:26.75000,1933.750,1
20:00:27.26100,1933.500,1
20:00:27.37100,1933.750,1
20:00:27.82800,1933.500,2
20:00:28.87500,1933.500,1
20:00:32.36700,1933.750,22
20:00:32.53500,1933.500,1
20:00:32.78100,1933.750,1
20:00:32.96000,1933.750,1
20:00:36.50300,1933.750,1
20:00:41.58500,1933.750,5
20:00:41.78100,1933.750,1
20:00:41.88600,1933.750,2
20:00:45.62800,1933.750,1
20:00:47.51100,1934.000,1
20:00:47.75000,1934.000,1
20:00:48.25300,1933.750,4
20:00:48.58500,1933.750,1
20:00:52.27300,1933.750,1
20:00:53.25000,1933.750,1
20:00:53.71800,1933.750,1
20:00:56.43300,1933.750,2
20:00:59.47600,1933.750,11
20:00:59.58900,1934.000,7
20:01:02.83500,1933.750,4
20:01:03.12100,1933.750,1
20:01:05.24200,1933.750,8
20:01:07.10900,1933.500,1
20:01:08.28900,1933.750,2
20:01:09.78100,1933.500,1
20:01:10.63200,1933.750,1
20:01:10.96000,1933.500,6
20:01:12.14000,1933.750,6
20:01:14.30800,1933.750,1
20:01:18.03500,1933.500,1
20:01:19.38600,1933.500,1
20:01:19.67500,1933.500,29
20:01:23.19500,1933.250,1
20:01:24.80000,1933.250,1
20:01:25.12100,1933.250,1
20:01:25.39400,1933.250,1
20:01:25.53900,1933.250,1
20:01:27.87800,1933.250,1
20:01:30.83900,1933.250,1
20:01:33.27300,1933.250,1
20:01:34.34700,1933.500,1
20:01:36.54200,1933.250,1
20:01:40.39000,1933.500,1
20:01:42.29200,1933.500,4
20:01:45.09700,1933.250,2
20:01:45.39800,1933.500,14
20:01:45.54600,1933.500,1
20:01:46.83900,1933.500,1
20:01:47.70700,1933.500,1
20:01:48.43300,1933.500,1
20:01:53.27300,1933.500,1
20:01:57.32800,1933.500,1
20:01:57.39400,1933.500,1
20:01:58.41400,1933.500,8
20:02:02.48400,1933.250,2
20:02:05.21000,1933.500,1
20:02:06.46800,1933.500,1
20:02:08.47200,1933.250,1
20:02:08.81600,1933.250,5
20:02:09.14400,1933.250,29
20:02:09.72200,1933.250,7
20:02:13.88600,1933.000,18
20:02:16.69100,1933.000,1
20:02:18.88600,1933.000,1
20:02:19.39800,1933.000,1
20:02:22.57800,1933.000,1
20:02:26.52300,1933.000,2
20:02:26.89800,1933.000,136
20:02:27.14000,1933.000,1
20:02:27.48000,1933.250,1
20:02:27.56200,1933.000,2
20:02:27.72200,1933.000,10
20:02:29.00700,1932.750,1
20:02:29.12500,1932.750,1
20:02:29.17500,1932.750,5
20:02:30.08900,1932.750,2
20:02:30.24200,1932.750,1
20:02:30.36300,1932.750,14
20:02:33.71000,1932.750,14
20:02:34.04200,1932.750,2
20:02:35.13200,1933.000,1
20:02:35.32400,1932.750,1
20:02:36.68300,1932.750,1
20:02:39.02700,1932.750,10
20:02:42.22200,1932.750,2
20:02:45.87100,1932.750,1
20:02:46.46400,1932.750,20
20:02:49.97200,1932.750,1
20:02:50.62500,1932.750,1
20:02:51.65600,1932.750,2
20:02:55.32800,1932.750,1
20:02:56.49600,1932.750,1
20:02:59.01500,1932.750,5
20:03:01.78100,1932.750,2
20:03:03.40600,1932.750,1
20:03:06.57400,1932.750,6
20:03:08.44100,1932.500,16
20:03:09.35100,1932.750,2
20:03:13.14000,1932.750,16
20:03:14.59700,1932.500,1
20:03:15.00300,1932.500,1
20:03:19.19500,1932.500,2
20:03:20.31600,1932.500,1
20:03:20.62800,1932.500,1
20:03:21.75300,1932.500,1
20:03:23.96000,1932.500,2
20:03:25.00300,1932.500,1
20:03:25.91400,1932.500,1
20:03:27.35500,1932.500,2
20:03:27.89400,1932.500,2
20:03:28.38600,1932.500,23
20:03:28.64800,1932.500,4
20:03:29.34300,1932.500,2
20:03:30.12800,1932.500,14
20:03:30.28500,1932.500,3
20:03:32.07400,1932.750,1
20:03:35.43700,1932.500,3
20:03:35.90600,1932.500,1
20:03:37.42500,1932.500,1
20:03:38.80400,1932.500,6
20:03:40.35900,1932.750,1
20:03:40.74200,1932.500,7
20:03:48.77700,1932.500,1
20:03:50.69100,1932.500,2
20:03:53.44500,1932.500,1
20:03:54.96800,1932.500,2
20:03:56.06200,1932.750,1
20:03:56.16000,1932.500,2
20:03:58.42100,1932.500,1
20:03:58.62500,1932.500,1
20:03:59.48000,1932.500,16
20:03:59.71400,1932.500,1
20:04:00.50700,1932.500,4
20:04:01.61300,1932.500,2
20:04:04.91400,1932.500,1
20:04:05.17900,1932.750,33
20:04:05.33200,1932.750,2
20:04:08.61300,1932.750,1
20:04:12.14400,1933.000,9
20:04:12.64400,1933.000,18
20:04:12.81600,1932.750,3
20:04:12.87500,1933.000,1
20:04:13.03100,1933.000,1
20:04:15.77300,1933.000,3
20:04:16.62100,1932.750,1
20:04:18.58500,1932.750,1
20:04:19.21000,1933.000,20
20:04:19.30000,1933.000,1
20:04:20.52300,1933.000,1
20:04:26.45300,1932.750,7
20:04:31.06200,1933.000,6
20:04:33.91400,1933.000,1
20:04:34.57000,1932.750,5
20:04:34.73000,1932.750,1
20:04:36.14800,1933.000,1
20:04:36.72600,1933.000,2
20:04:38.58500,1933.250,1
20:04:42.49600,1933.250,1
20:04:42.84700,1933.250,1
20:04:42.93300,1933.250,1
20:04:43.56200,1933.250,2
20:04:44.52700,1933.000,1
20:04:45.25300,1933.000,1
20:04:45.78500,1933.000,7
20:04:46.55800,1932.750,1
20:04:49.41700,1932.750,1
20:04:49.60500,1932.750,2
20:04:50.53900,1933.000,1
20:04:50.84300,1932.750,28
20:04:51.62800,1932.750,3
20:04:52.22600,1932.750,12
20:04:52.84700,1932.750,3
20:04:53.24200,1932.750,25
20:04:59.17500,1933.000,6
20:05:01.00700,1932.750,13
20:05:02.05000,1933.000,2
20:05:06.95700,1932.750,2
20:05:08.46800,1933.000,2
20:05:10.32400,1933.000,1
20:05:11.03500,1933.000,22
20:05:13.56600,1933.250,2
20:05:13.78100,1933.000,2
20:05:15.96000,1933.000,2
20:05:24.87100,1933.000,1
20:05:28.30400,1933.250,1
20:05:35.43700,1933.250,32
20:05:38.38600,1933.250,1
20:05:39.55000,1933.500,3
20:05:40.68300,1933.250,1
20:05:42.16700,1933.250,1
20:05:44.20300,1933.250,2
20:05:46.03100,1933.250,2
20:05:47.48800,1933.250,13
20:05:48.82800,1933.250,5
20:05:52.58200,1933.000,1
20:05:55.59300,1933.250,1
20:05:57.91400,1933.250,1
20:05:59.41400,1933.250,21
20:06:02.29200,1933.500,2
20:06:06.91000,1933.500,25
20:06:08.00000,1933.750,2
20:06:08.22600,1933.500,1
20:06:11.75300,1933.500,1
20:06:12.23000,1933.500,6
20:06:13.87100,1933.500,1
20:06:14.78100,1933.500,1
20:06:15.90200,1933.750,1
20:06:16.95700,1933.750,1
20:06:18.88600,1933.750,1
20:06:19.95300,1933.500,3
20:06:25.63200,1933.500,1
20:06:31.76900,1933.500,1
20:06:31.94100,1933.500,1
20:06:32.97200,1933.500,11
20:06:35.91000,1933.250,4
20:06:39.43300,1933.500,4
20:06:40.80800,1933.250,1
20:06:42.14400,1933.500,6
20:06:43.44100,1933.500,2
20:06:48.00700,1933.250,1
20:06:52.90600,1933.250,1
20:06:54.67100,1933.500,1
20:06:57.01900,1933.250,1
20:07:03.17100,1933.250,6
20:07:03.62500,1933.250,2
20:07:12.53900,1933.250,1
20:07:17.10500,1933.250,1
20:07:22.15200,1933.250,11
20:07:23.04200,1933.000,1
20:07:23.37500,1933.250,1
20:07:26.16400,1933.000,1
20:07:26.45300,1933.000,1
20:07:31.70700,1933.000,1
20:07:32.70300,1933.000,1
20:07:33.82000,1933.000,1
20:07:34.67100,1933.000,1
20:07:34.84700,1933.000,15
20:07:40.30800,1933.000,1
20:07:46.92100,1933.000,1
20:07:53.44900,1933.000,10
20:07:54.62800,1933.000,26
20:07:58.48400,1933.000,1
20:07:58.79200,1933.000,3
20:08:03.16700,1933.000,2
20:08:10.78900,1933.000,2
20:08:14.91700,1933.000,1
20:08:15.39000,1933.000,2
20:08:22.29600,1933.000,2
20:08:25.37100,1933.000,5
20:08:27.35100,1933.000,2
20:08:31.00000,1933.000,1
20:08:32.65600,1933.000,2
20:08:32.85500,1933.000,1
20:08:37.52700,1933.000,1
20:08:43.50700,1933.250,1
20:08:45.84700,1933.000,1
20:08:46.30400,1933.000,6
20:08:49.54600,1933.000,2
20:08:53.26500,1933.250,2
20:08:56.82400,1933.000,1
20:08:59.35100,1933.000,18
20:09:00.52700,1933.000,3
20:09:01.68700,1932.750,1
20:09:03.64800,1932.750,1
20:09:07.11700,1933.000,1
20:09:08.02700,1933.000,5
20:09:08.40200,1933.000,2
20:09:09.25300,1933.000,1
20:09:12.14400,1933.000,20
20:09:15.54600,1933.000,1
20:09:18.36700,1933.000,1
20:09:21.41700,1933.000,3
20:09:22.01100,1933.250,2
20:09:26.50700,1933.000,1
20:09:28.29600,1933.000,4
20:09:36.77300,1933.000,5
20:09:37.41400,1932.750,1
20:09:39.61700,1933.000,24
20:09:46.80000,1933.000,1
20:09:53.04600,1933.000,2
20:09:55.64400,1933.000,1
20:09:59.18300,1933.000,1
20:10:03.79200,1932.750,12
20:10:09.41700,1932.750,3
20:10:11.64800,1932.750,1
20:10:12.14000,1933.000,5
20:10:12.31600,1932.750,1
20:10:13.72600,1932.750,1
20:10:17.71400,1932.750,1
20:10:19.41000,1933.000,1
20:10:20.79600,1932.750,1
20:10:25.32400,1932.750,1
20:10:27.16000,1932.750,1
20:10:31.01500,1932.750,1
20:10:33.83500,1932.750,1
20:10:36.35900,1932.750,1
20:10:39.23800,1933.000,2
20:10:42.28100,1932.750,19
20:10:44.78500,1932.500,1
