18:00:01.68300,1948.750,0
18:00:02.02300,1948.750,22
18:00:02.12100,1948.750,135
18:00:02.20700,1948.750,2
18:00:02.25000,1948.750,1
18:00:02.39400,1948.500,2
18:00:02.48400,1948.500,12
18:00:02.66400,1948.500,12
18:00:02.87500,1949.000,4
18:00:03.51500,1949.000,2
18:00:03.64400,1948.750,1
18:00:04.80000,1948.750,3
18:00:05.28500,1948.750,5
18:00:05.74200,1949.000,3
18:00:06.01500,1948.250,213
18:00:06.12500,1948.500,34
18:00:06.91000,1948.500,4
18:00:07.00300,1948.500,20
18:00:07.12800,1948.750,10
18:00:07.94900,1948.500,86
18:00:08.21000,1948.500,17
18:00:08.30400,1948.000,1
18:00:08.51900,1948.500,2
18:00:08.65200,1948.500,1
18:00:09.46400,1948.500,10
18:00:09.79600,1948.500,23
18:00:09.86700,1948.250,11
18:00:10.06200,1948.250,3
18:00:11.17500,1948.500,11
18:00:11.84300,1948.500,2
18:00:12.23800,1948.750,1
18:00:15.14400,1948.750,3
18:00:15.53500,1948.750,2
18:00:15.68700,1948.500,5
18:00:16.77700,1948.500,1
18:00:16.88600,1948.500,2
18:00:17.38200,1948.500,9
18:00:17.79200,1948.500,5
18:00:17.85500,1948.500,1
18:00:17.95700,1948.750,3
18:00:18.07000,1948.500,1
18:00:18.21000,1948.750,3
18:00:19.41000,1948.750,2
18:00:19.58200,1948.500,1
18:00:19.68300,1948.500,1
18:00:21.23800,1948.750,1
18:00:21.50700,1948.500,1
18:00:21.60500,1948.500,1
18:00:22.14400,1948.750,3
18:00:23.24600,1948.750,1
18:00:26.34300,1948.750,4
18:00:27.19900,1948.750,2
18:00:27.33900,1948.750,2
18:00:30.55800,1948.750,10
18:00:30.95700,1948.500,2
18:00:31.84700,1948.750,1
18:00:34.29600,1948.500,2
18:00:34.53900,1948.500,2
18:00:35.18700,1948.500,14
18:00:35.57400,1948.500,9
18:00:35.91400,1948.500,12
18:00:38.58900,1948.250,4
18:00:38.67900,1948.250,7
18:00:38.86700,1948.500,11
18:00:38.94500,1948.500,3
18:00:40.14000,1948.500,2
18:00:40.27700,1948.500,1
18:00:40.71800,1948.500,7
18:00:41.04600,1948.500,2
18:00:41.94100,1948.750,2
18:00:43.43700,1948.500,14
18:00:44.21000,1948.250,9
18:00:44.30000,1948.250,4
18:00:44.37500,1948.250,2
18:00:47.86700,1948.250,5
18:00:48.90600,1948.500,2
18:00:50.19100,1948.250,1
18:00:52.70300,1948.500,2
18:00:52.82000,1948.250,1
18:00:53.64000,1948.500,1
18:00:54.97200,1948.250,2
18:00:55.08900,1948.250,5
18:00:55.18700,1948.250,2
18:00:57.62800,1948.500,1
18:00:58.60900,1948.500,1
18:01:00.52700,1948.750,70
18:01:01.56600,1948.750,1
18:01:01.77700,1948.750,1
18:01:03.58200,1948.750,20
18:01:03.64000,1948.500,6
18:01:03.72600,1948.500,3
18:01:04.85500,1948.750,2
18:01:05.33500,1948.750,1
18:01:05.70300,1948.750,4
18:01:06.05800,1948.750,4
18:01:06.34300,1948.750,1
18:01:06.52300,1948.500,1
18:01:06.61300,1948.500,4
18:01:06.70700,1948.750,4
18:01:07.55400,1948.750,2
18:01:07.63600,1948.750,3
18:01:08.62100,1948.750,3
18:01:08.75700,1948.750,3
18:01:09.77700,1948.750,14
18:01:10.03100,1948.500,18
18:01:10.73800,1948.750,8
18:01:11.39400,1948.750,76
18:01:12.08500,1948.750,2
18:01:12.22200,1948.750,6
18:01:12.58500,1948.750,2
18:01:15.32400,1948.750,4
18:01:15.38600,1948.750,1
18:01:21.89400,1949.000,1
18:01:23.29600,1949.000,5
18:01:24.44900,1948.750,3
18:01:24.53900,1948.750,3
18:01:26.82000,1949.250,46
18:01:27.61300,1949.000,2
18:01:27.71800,1949.000,14
18:01:28.28900,1949.250,2
18:01:28.60900,1949.250,1
18:01:28.76100,1949.250,2
18:01:28.86700,1949.250,1
18:01:29.14400,1949.250,6
18:01:29.55800,1949.250,1
18:01:33.72200,1949.250,5
18:01:33.91400,1949.250,3
18:01:34.51900,1949.000,10
18:01:37.25000,1949.250,1
18:01:39.26100,1949.250,33
18:01:39.36700,1949.250,8
18:01:39.73000,1949.250,1
18:01:40.51500,1949.000,3
18:01:42.26100,1949.250,2
18:01:46.51900,1949.250,5
18:01:48.10100,1949.250,2
18:01:48.30400,1949.000,4
18:01:49.68300,1949.250,4
18:01:52.67900,1949.250,1
18:01:54.52300,1949.250,26
18:01:54.78500,1949.250,1
18:01:55.56200,1949.250,1
18:02:00.93700,1949.500,11
18:02:01.17100,1949.250,1
18:02:07.56600,1949.000,194
18:02:13.80800,1949.000,1
18:02:15.44100,1948.750,2
18:02:18.56200,1948.750,1
18:02:19.80400,1948.750,6
18:02:23.53900,1949.000,6
18:02:24.72600,1948.750,10
18:02:25.48000,1948.750,5
18:02:29.97200,1948.750,1
18:02:30.47600,1948.750,1
18:02:31.00000,1948.750,8
18:02:31.42100,1949.000,56
18:02:31.81600,1948.750,5
18:02:34.51900,1949.000,7
18:02:35.11700,1949.000,1
18:02:38.31600,1949.250,1
18:02:43.73000,1949.250,10
18:02:44.03900,1949.250,1
18:02:45.01100,1949.000,5
18:02:46.91700,1949.000,5
18:02:47.77300,1949.000,1
18:02:48.23000,1949.250,1
18:02:48.41400,1949.250,3
18:02:50.65600,1949.250,1
18:02:51.36300,1949.250,1
18:02:52.27300,1949.250,1
18:02:52.50000,1949.250,1
18:02:53.41700,1949.250,1
18:02:56.82000,1949.000,1
18:03:02.42900,1949.000,5
18:03:20.89800,1949.250,2
18:03:26.21400,1949.250,1
18:03:30.41000,1949.000,31
18:03:38.27300,1949.250,1
18:03:38.41400,1949.250,2
18:03:41.79600,1949.250,1
18:03:47.33500,1949.000,2
18:03:49.38200,1949.000,19
18:03:49.77700,1949.000,5
18:03:54.08900,1948.750,1
18:04:06.28900,1948.750,54
18:04:08.87100,1948.500,10
18:04:09.68300,1949.000,22
18:04:13.11300,1948.750,12
18:04:18.11300,1948.750,1
18:04:28.24200,1948.750,16
18:04:32.02700,1948.500,1
18:04:32.71800,1948.500,1
18:04:35.13200,1948.500,10
18:04:35.96800,1948.750,20
18:04:40.05000,1948.750,3
18:04:42.27300,1948.750,1
18:04:44.32000,1948.500,1
18:04:48.48400,1948.500,7
18:04:49.26900,1948.750,1
18:04:50.54200,1948.750,20
18:04:53.22600,1948.500,1
18:05:04.28100,1948.750,2
18:05:06.46400,1948.500,50
18:05:23.89400,1948.750,1
18:05:25.67500,1948.750,2
18:05:25.80800,1948.500,1
18:05:31.70300,1948.500,41
18:05:32.12100,1948.500,1
18:05:33.14400,1948.250,1
18:05:34.90200,1948.250,1
18:05:38.28500,1948.500,10
18:05:42.96000,1948.250,1
18:05:43.21000,1948.500,3
18:05:44.42100,1948.500,7
18:05:45.10500,1948.250,1
18:05:45.76500,1948.250,1
18:05:47.29600,1948.500,1
18:05:47.39000,1948.500,25
18:05:48.64000,1948.250,1
18:05:50.19500,1948.500,1
18:05:50.94500,1948.500,1
18:05:54.13600,1948.250,2
18:05:55.75700,1948.500,1
18:05:56.32000,1948.500,1
18:05:56.61700,1948.500,1
18:05:59.41400,1948.250,5
18:05:59.53900,1948.500,2
18:06:03.01500,1948.500,5
18:06:03.73000,1948.500,2
18:06:04.81200,1948.500,2
18:06:16.09700,1948.500,1
18:06:16.37500,1948.750,2
18:06:19.18300,1948.750,1
18:06:23.63200,1948.750,5
18:06:23.91700,1948.500,5
18:06:24.10100,1948.750,2
18:06:32.83900,1948.500,1
18:06:36.97200,1948.500,5
18:06:38.83200,1948.500,2
18:06:41.52300,1948.750,3
18:06:50.79600,1948.500,2
18:06:55.05000,1948.500,2
18:07:01.87500,1948.500,2
18:07:05.93700,1948.250,51
18:07:13.88200,1948.500,1
18:07:23.75300,1948.500,20
18:07:41.11700,1948.500,1
18:07:44.39400,1948.750,2
18:07:44.94100,1948.500,3
18:07:45.92100,1948.750,107
18:07:55.01500,1948.750,3
18:08:12.01900,1948.500,3
18:08:17.13600,1948.750,11
18:08:21.49200,1948.500,1
18:08:22.55400,1948.750,1
18:08:25.14000,1948.750,3
18:08:26.64800,1948.500,1
18:08:30.94500,1948.500,2
18:08:32.69100,1948.500,72
18:08:37.64800,1948.250,1
18:08:46.76900,1948.250,1
18:08:49.12500,1948.500,1
18:08:49.41400,1948.250,1
18:08:52.19900,1948.250,1
18:08:57.76100,1948.250,1
18:08:58.55800,1948.250,1
18:09:06.59700,1948.500,5
18:09:07.69900,1948.250,2
18:09:16.33200,1948.250,5
18:09:17.79200,1948.250,61
18:09:18.46000,1948.250,5
18:09:18.78100,1948.250,6
18:09:19.56200,1948.250,4
18:09:20.10500,1948.250,5
18:09:23.75000,1948.250,2
18:09:45.16000,1948.500,1
18:09:57.12800,1948.250,1
18:09:58.52300,1948.500,1
18:10:05.92500,1948.250,4
18:10:06.46400,1948.250,2
18:10:09.03100,1948.250,17
18:10:12.35100,1948.250,5
18:10:12.50700,1948.250,1
18:10:13.14400,1948.250,62
18:10:14.22600,1948.250,1
18:10:15.01100,1948.500,3
18:10:22.07400,1948.250,23
18:10:22.37100,1948.250,6
18:10:22.68300,1948.250,2
18:10:23.76100,1948.000,8
18:10:26.71400,1948.250,5
18:10:30.23000,1948.250,5
18:10:30.48000,1948.250,1
18:10:32.62500,1948.250,21
18:10:34.37500,1948.000,10
18:10:37.64800,1948.250,10
18:10:41.82000,1948.250,1
18:10:42.68300,1948.250,3
18:10:44.26500,1948.250,1
18:10:54.35100,1948.500,2
18:10:54.51500,1948.000,4
18:10:54.94500,1948.000,6
18:10:55.89400,1948.000,1
18:10:59.66400,1948.250,1
18:11:19.46800,1948.500,6
18:11:20.16400,1948.250,1
18:11:21.54200,1948.250,10
18:11:21.92100,1948.000,5
18:11:23.91700,1948.250,1
18:11:27.63600,1948.250,1
18:11:36.42100,1948.250,44
18:11:39.69500,1948.250,1
18:11:40.54600,1948.500,2
18:11:42.42900,1948.500,1
18:11:48.81200,1948.250,1
18:11:54.88600,1948.250,2
18:11:56.94900,1948.250,1
18:12:02.82800,1948.500,2
18:12:04.49200,1948.250,2
18:12:13.67900,1948.250,1
18:12:25.12100,1948.500,3
18:12:27.49200,1948.500,71
18:12:28.39800,1948.500,1
18:12:31.48800,1948.500,15
18:12:43.51500,1948.250,1
18:13:06.12100,1948.500,3
18:13:17.78900,1948.500,1
18:13:20.12500,1948.500,1
18:13:26.79200,1948.500,1
18:13:27.14800,1948.500,1
18:13:30.74200,1948.500,39
18:13:40.04200,1948.500,5
18:13:55.14400,1948.500,7
18:14:00.82400,1948.750,3
18:14:03.90600,1948.750,2
18:14:11.04200,1948.750,5
18:14:17.65200,1948.750,1
18:14:30.12800,1948.500,1
18:14:30.29200,1948.500,7
18:14:41.35100,1948.500,10
18:15:03.81600,1948.500,16
18:15:08.16000,1948.500,1
18:15:10.12800,1948.500,19
18:15:30.68700,1948.500,5
18:15:35.14400,1948.500,51
18:15:35.37100,1948.500,1
18:15:48.17500,1948.250,2
18:15:53.50700,1948.500,1
18:16:07.39400,1948.250,6
18:16:14.31600,1948.250,1
18:16:29.17900,1948.250,10
18:16:31.29200,1948.250,1
18:16:36.16700,1948.500,1
18:16:36.35100,1948.250,1
18:16:38.62100,1948.250,1
18:16:38.85500,1948.250,10
18:16:42.86300,1948.500,1
18:17:13.95300,1948.500,4
18:17:51.13600,1948.500,1
18:17:52.78500,1948.500,1
18:18:13.26900,1948.500,7
18:18:25.62500,1948.500,1
18:18:43.43300,1948.500,1
18:18:43.91700,1948.500,1
18:19:04.30000,1948.500,70
18:19:07.74600,1948.500,1
18:19:10.65200,1948.500,3
18:19:11.71000,1948.500,1
18:19:16.62800,1948.500,1
18:19:22.44100,1948.500,3
18:19:26.30000,1948.500,1
18:19:31.08200,1948.500,1
18:19:40.30000,1948.500,3
18:19:43.39800,1948.250,1
18:19:50.42900,1948.500,3
18:19:53.07400,1948.500,2
18:19:56.88600,1948.500,1
18:20:01.76500,1948.500,8
18:20:15.41700,1948.500,2
18:20:17.15200,1948.500,1
18:20:19.77300,1948.500,15
18:20:39.69500,1948.750,1
18:20:43.36300,1948.750,2
18:20:45.28100,1948.750,4
18:20:47.14000,1948.500,1
18:20:48.65200,1948.500,8
18:20:54.00000,1948.750,1
18:20:56.00300,1948.750,2
18:20:56.34700,1948.500,3
18:20:59.00700,1948.500,5
18:21:07.11700,1948.500,37
18:21:41.54200,1948.750,7
18:21:42.82000,1948.500,1
18:21:47.73000,1948.750,77
18:21:55.04600,1948.750,2
18:22:03.91400,1949.000,6
18:22:05.06200,1948.750,2
18:22:13.93300,1948.750,54
18:22:14.25000,1948.750,3
18:22:15.78100,1948.500,1
18:22:18.96000,1948.500,1
18:22:21.94900,1948.500,1
18:22:25.18700,1948.750,12
18:22:26.39400,1948.500,2
18:22:28.51500,1948.750,1
18:22:39.51100,1948.750,1
18:22:43.39400,1948.750,1
18:22:51.43300,1948.750,1
18:22:54.64000,1948.750,11
18:23:00.87500,1949.000,2
18:23:04.28100,1948.750,1
18:23:18.37800,1948.750,7
18:23:29.59700,1948.750,12
18:23:39.63200,1948.500,1
18:23:40.31200,1948.750,2
18:23:47.31600,1948.750,18
18:23:54.62500,1948.750,1
18:23:57.32400,1948.750,2
18:24:07.19900,1948.750,6
18:24:15.82400,1948.750,6
18:24:18.79200,1948.750,2
18:24:19.19500,1949.000,63
18:24:19.32000,1949.250,1
18:24:20.76500,1949.250,2
18:24:21.00000,1949.250,8
18:24:22.11700,1949.250,1
18:24:26.50700,1949.250,1
18:24:36.29200,1949.250,1
18:24:38.55400,1949.250,1
18:25:10.73400,1949.000,6
18:25:12.60100,1949.000,1
18:25:13.28500,1949.000,1
18:25:22.94100,1949.000,52
18:25:31.75700,1948.750,1
18:25:38.73800,1948.750,31
18:25:39.59700,1948.750,1
18:25:40.21000,1949.000,1
18:25:47.87800,1949.000,1
18:25:48.43300,1949.000,4
18:25:51.01900,1949.000,1
18:25:58.62800,1949.000,5
18:25:59.01500,1949.000,1
18:26:06.03100,1948.750,12
18:26:06.81200,1949.000,1
18:26:13.93700,1949.000,2
18:26:18.62500,1948.750,1
18:26:21.95300,1949.000,8
18:26:22.61700,1948.750,1
18:26:27.67500,1949.000,1
18:26:56.09700,1948.750,1
18:27:07.41700,1949.000,8
18:27:09.96000,1949.000,1
18:27:33.24600,1949.000,3
18:27:42.65600,1948.750,25
18:27:47.64400,1948.750,6
18:27:49.74200,1948.750,1
18:27:52.71800,1948.750,10
18:27:55.02300,1948.750,3
18:27:57.26500,1948.750,17
18:28:05.74200,1948.750,11
18:28:07.50000,1948.750,1
18:28:19.23800,1948.750,10
18:28:29.71800,1948.750,1
18:28:29.94500,1948.750,1
18:28:33.15600,1948.750,5
18:28:38.23400,1949.000,1
18:28:42.10900,1949.000,1
18:28:49.57800,1949.000,8
18:29:10.35900,1948.750,21
18:29:22.19900,1948.750,1
18:29:26.57800,1949.000,10
18:29:34.63200,1948.750,1
18:29:45.84700,1948.750,8
18:29:54.09700,1948.750,5
18:30:09.14800,1949.000,31
18:30:09.91400,1949.000,2
18:30:14.76900,1949.000,1
18:30:18.38200,1949.250,3
18:30:20.03500,1949.000,2
18:30:41.57000,1949.250,1
18:30:45.79200,1949.000,1
18:30:54.34700,1949.000,1
18:30:58.51900,1949.000,1
18:31:10.83500,1949.000,3
18:31:14.51900,1949.000,1
18:31:15.07000,1949.000,1
18:31:16.66400,1949.000,1
18:32:26.26100,1949.000,60
18:32:40.68700,1948.750,1
18:32:43.55400,1949.000,6
18:32:44.50300,1949.000,18
18:32:46.11300,1949.000,3
18:32:47.82000,1949.000,1
18:32:50.52300,1949.000,1
18:32:53.82000,1949.250,2
18:33:05.48000,1949.000,6
18:33:08.96400,1949.000,2
18:33:15.18700,1949.250,1
18:33:16.04200,1949.250,4
18:33:18.64800,1949.000,15
18:33:19.28900,1949.000,1
18:33:24.09300,1949.000,3
18:33:27.27700,1949.000,4
18:33:28.15600,1949.000,1
18:33:38.36700,1949.000,4
18:33:56.19500,1948.750,2
18:33:59.51100,1949.000,1
18:34:04.50000,1948.750,4
18:34:06.17900,1948.750,1
18:34:06.37100,1948.750,1
18:34:06.47200,1948.750,2
18:34:10.21400,1948.750,1
18:34:13.60100,1948.750,5
18:34:21.46800,1948.750,1
18:34:22.85900,1949.000,1
18:34:31.58500,1949.000,5
18:34:35.58500,1949.000,5
18:34:36.61700,1949.000,2
18:34:44.27700,1948.750,1
18:34:59.33900,1949.000,1
18:35:33.76900,1949.250,14
18:35:33.92500,1949.000,1
18:35:36.08200,1949.250,1
18:35:37.69500,1949.250,1
18:35:41.34300,1949.250,7
18:35:44.20700,1949.000,2
18:35:46.50300,1949.000,1
18:35:48.86700,1949.000,2
18:36:16.36700,1949.250,42
18:36:16.68300,1949.250,4
18:36:18.20700,1949.500,6
18:36:22.23400,1949.250,3
18:36:22.95700,1949.250,22
18:36:31.35900,1949.250,7
18:36:36.13600,1949.000,11
18:36:36.48800,1949.000,2
18:36:41.58900,1949.000,6
18:36:45.83900,1949.000,6
18:36:47.16700,1949.000,1
18:36:48.04200,1949.250,2
18:36:48.55800,1949.000,7
18:36:52.91000,1949.250,1
18:37:05.88200,1949.250,17
18:37:06.01500,1949.250,2
18:37:11.26900,1949.250,3
18:37:11.80000,1949.250,1
18:37:16.30000,1949.500,1
18:37:20.06600,1949.500,59
18:37:20.84700,1949.500,1
18:37:21.37100,1949.500,3
18:37:26.19100,1949.500,3
18:37:27.68300,1949.500,13
18:37:28.94100,1949.750,7
18:37:41.74200,1949.250,66
18:37:48.56600,1949.250,1
18:37:54.04200,1949.250,1
18:38:07.61700,1949.000,14
18:38:12.58500,1949.000,4
18:38:13.73400,1949.000,1
18:38:22.25300,1949.000,9
18:38:31.63600,1949.250,10
18:38:50.03100,1949.250,1
18:38:52.17900,1949.250,2
18:38:59.94900,1949.000,7
18:39:09.64800,1949.000,61
18:39:15.78500,1949.000,1
18:39:21.60100,1949.000,1
18:39:21.94500,1948.750,1
18:39:47.55400,1948.750,2
18:39:48.70700,1948.750,1
18:39:53.01100,1949.000,4
18:39:57.18300,1949.000,1
18:40:03.80000,1949.000,35
18:40:04.25700,1949.000,1
18:40:07.65600,1949.000,24
18:40:08.24600,1949.000,5
18:40:16.17500,1949.000,2
18:40:29.01500,1948.750,103
18:40:30.17900,1948.750,2
18:40:34.07400,1948.750,23
18:40:34.17500,1948.750,10
18:40:34.24200,1948.750,4
18:40:34.30400,1948.750,2
18:40:35.22600,1948.750,2
18:40:35.53100,1948.750,1
18:40:39.53500,1948.750,2
18:40:42.35900,1948.750,2
18:40:43.67100,1948.750,12
18:40:44.05800,1948.750,14
18:40:46.30000,1948.750,1
18:40:50.09700,1948.750,1
18:40:51.16400,1948.750,43
18:40:51.34300,1949.000,4
18:40:52.73800,1949.000,1
18:40:55.26900,1949.000,1
18:41:05.96000,1949.000,4
18:41:12.86300,1949.000,2
18:41:13.20700,1949.000,1
18:41:13.74200,1949.000,8
18:41:26.53100,1949.000,2
18:41:27.08500,1949.000,1
18:41:27.44100,1949.000,24
18:41:28.06200,1949.000,1
18:41:36.73400,1949.000,1
18:41:52.23400,1949.000,1
18:41:53.80400,1949.000,29
18:41:57.08500,1948.750,1
18:42:08.21800,1948.750,3
18:42:19.23000,1948.750,1
18:42:20.17100,1949.000,7
18:42:23.54200,1949.000,8
18:42:24.06200,1948.750,2
18:42:25.19500,1949.000,1
18:42:36.59700,1948.750,1
18:42:43.40600,1948.750,10
18:42:44.67900,1948.750,1
18:42:49.30800,1949.000,1
18:42:51.82400,1949.000,3
18:43:10.60900,1948.750,7
18:43:18.42900,1948.750,1
18:43:19.30800,1949.000,1
18:43:22.80000,1949.000,3
18:43:25.84300,1948.750,20
18:43:27.53900,1948.750,1
18:43:31.47600,1948.750,1
18:43:33.72200,1948.750,5
18:43:44.58900,1948.750,1
18:43:47.67900,1948.750,4
18:43:55.71000,1948.750,5
18:44:15.82800,1949.000,4
18:44:20.39000,1949.000,1
18:44:22.16000,1949.000,1
18:44:24.01900,1948.750,1
18:44:25.79200,1949.000,41
18:44:27.00700,1949.000,7
18:44:28.66400,1948.750,2
18:44:30.18300,1949.000,8
18:44:47.25000,1948.750,3
18:44:48.53900,1948.750,1
18:44:48.77700,1948.750,1
18:44:48.94100,1948.750,1
18:44:49.15600,1948.750,1
18:44:49.52700,1948.750,1
18:44:50.47600,1949.000,2
18:44:59.94500,1948.750,6
18:45:03.32400,1948.750,4
18:45:04.68300,1949.000,1
18:45:18.22200,1948.750,69
18:45:30.64800,1948.750,5
18:45:33.00700,1948.750,5
18:45:35.67500,1948.750,95
18:45:36.37500,1948.750,4
18:45:37.42100,1948.750,1
18:45:37.63600,1948.750,1
18:45:38.35900,1948.750,4
18:45:38.68700,1948.750,18
18:45:38.88200,1948.750,25
18:45:39.12800,1949.000,26
18:45:39.74600,1948.750,1
18:45:40.21800,1949.000,4
18:45:40.48400,1948.750,1
18:45:41.14000,1949.000,3
18:45:41.64400,1949.000,1
18:45:42.55800,1948.750,4
18:45:46.42500,1949.000,8
18:45:48.16700,1949.000,1
18:45:56.63600,1949.000,1
18:46:03.09700,1948.750,9
18:46:03.58200,1949.000,1
18:46:13.50300,1949.000,5
18:46:18.67500,1949.000,9
18:46:21.09300,1948.750,15
18:46:21.84300,1948.750,3
18:46:22.28100,1948.750,3
18:46:23.02700,1948.750,2
18:46:24.10100,1948.750,3
18:46:36.03900,1949.000,2
18:46:37.00300,1948.750,1
18:46:38.35900,1948.750,3
18:46:52.64800,1949.000,3
18:46:55.68700,1949.000,4
18:46:58.66400,1949.000,24
18:47:15.09700,1948.750,3
18:47:19.62500,1949.000,2
18:47:23.16700,1948.750,3
18:47:24.12500,1948.750,1
18:47:38.00300,1948.750,3
18:47:57.21400,1948.750,4
18:47:57.55400,1948.750,1
18:47:57.76100,1948.750,1
18:48:10.34300,1948.750,4
18:48:10.70300,1948.750,1
18:48:19.20700,1948.500,2
18:48:22.06200,1948.750,1
18:48:36.02700,1948.500,5
18:48:40.17100,1948.500,1
18:48:41.17100,1948.500,7
18:48:44.30400,1948.500,3
18:48:51.13600,1948.500,2
18:48:53.53900,1948.750,1
18:48:56.21800,1948.500,7
18:48:59.09700,1948.500,2
18:49:19.24200,1948.750,2
18:49:24.40600,1948.750,1
18:49:32.80800,1948.500,5
18:49:37.06200,1948.500,2
18:49:46.69100,1948.500,24
18:49:48.02300,1948.750,1
18:49:49.09300,1948.500,9
18:49:49.33900,1948.500,36
18:49:54.00000,1948.250,2
18:49:59.02300,1948.250,1
18:50:03.70300,1948.250,13
18:50:13.19500,1948.250,1
18:50:20.87500,1948.250,1
18:50:21.27700,1948.250,2
18:50:21.48000,1948.250,1
18:50:21.71800,1948.250,1
18:50:22.04600,1948.250,2
18:50:26.39400,1948.250,121
18:50:27.91400,1948.250,3
18:50:28.25700,1948.000,7
18:50:29.44100,1948.250,4
18:50:29.96000,1948.250,1
18:50:30.19100,1948.250,9
18:50:32.12100,1948.250,5
18:50:32.48800,1948.250,1
18:50:34.91700,1948.250,2
18:50:36.85500,1948.250,2
18:50:37.02300,1948.250,1
18:50:38.76900,1948.250,1
18:50:42.62100,1948.250,2
18:50:43.45700,1948.250,2
18:50:44.54600,1948.250,13
18:50:44.73400,1948.250,2
18:50:46.58500,1948.500,1
18:51:12.40600,1948.500,3
18:51:14.96400,1948.250,25
18:51:22.09700,1948.500,1
18:51:23.13600,1948.250,1
18:51:27.13600,1948.250,1
18:51:31.25300,1948.250,1
18:52:10.45300,1948.250,3
18:52:18.55400,1948.500,2
18:52:19.47600,1948.500,1
18:52:24.57400,1948.500,67
18:52:25.11700,1948.750,2
18:52:28.52700,1948.750,126
18:52:28.71000,1948.750,11
18:52:29.14400,1948.750,1
18:52:29.58200,1948.750,1
18:52:30.50000,1948.750,2
18:52:31.41700,1948.750,1
18:52:31.85900,1948.750,1
18:52:32.45700,1948.750,8
18:52:33.05000,1948.750,1
18:52:33.52700,1948.750,7
18:52:34.23000,1948.750,5
18:52:34.73800,1949.000,30
18:52:36.35100,1949.000,1
18:52:36.46400,1949.000,3
18:52:42.55000,1948.750,1
18:52:43.91000,1949.000,2
18:52:47.54600,1949.000,4
18:53:09.12800,1949.000,3
18:53:11.14000,1949.000,1
18:53:14.66700,1948.750,2
18:53:23.09300,1948.750,1
18:53:31.80800,1948.750,19
18:53:33.42900,1948.750,1
18:53:40.24200,1948.750,1
18:53:43.28500,1948.500,2
18:53:44.43700,1948.750,1
18:53:50.96400,1948.750,26
18:53:55.37100,1948.750,1
18:54:07.38200,1948.750,3
18:54:14.43700,1948.750,5
18:54:15.39400,1948.750,1
18:54:35.68700,1948.750,2
18:54:41.17100,1948.750,2
18:54:41.74200,1948.500,1
18:54:56.55000,1948.500,2
18:54:57.30400,1948.750,5
18:55:06.65200,1948.500,2
18:55:12.69100,1948.500,3
18:55:36.20300,1948.750,1
18:55:46.89000,1948.500,1
18:55:53.35900,1948.750,1
18:55:59.52700,1948.750,56
18:55:59.81200,1948.750,1
18:56:00.66000,1948.750,2
18:56:01.51500,1948.750,1
18:56:05.65200,1948.750,3
18:56:06.67900,1948.750,12
18:56:11.12800,1948.750,1
18:56:28.02300,1948.750,1
18:56:28.80000,1948.750,2
18:56:31.55000,1948.750,2
18:56:32.87100,1948.750,3
18:56:34.13600,1948.750,2
18:56:35.94100,1948.750,4
18:56:40.04200,1948.750,20
18:56:40.30800,1948.750,4
18:56:40.45700,1948.750,4
18:56:41.30800,1948.750,1
18:56:41.85900,1948.750,2
18:56:41.92500,1948.750,2
18:56:43.82800,1948.750,2
18:56:44.79200,1948.750,10
18:56:44.95300,1948.750,2
18:56:45.36700,1948.750,1
18:56:47.27300,1948.500,5
18:56:48.68700,1948.750,2
18:56:49.30800,1948.750,1
18:56:50.03500,1948.750,4
18:56:51.71800,1949.000,4
18:56:53.15200,1949.000,10
18:56:56.24200,1949.000,4
18:57:00.73800,1949.000,19
18:57:00.87100,1949.000,5
18:57:01.03100,1949.000,1
18:57:05.25700,1949.000,4
18:57:06.08500,1949.000,1
18:57:09.75300,1949.000,4
18:57:10.09700,1949.000,15
18:57:11.62500,1949.000,2
18:57:14.32400,1949.000,5
18:57:18.76900,1949.000,4
18:57:20.03100,1949.000,3
18:57:23.28500,1949.000,4
18:57:24.56200,1949.000,2
18:57:27.78500,1949.000,4
18:57:31.13600,1949.000,1
18:57:32.01100,1949.000,6
18:57:32.30400,1949.000,4
18:57:33.65200,1949.000,2
18:57:34.37100,1949.000,50
18:57:35.29600,1949.000,3
18:57:36.37100,1949.000,52
18:57:36.60900,1949.000,2
18:57:36.82400,1949.000,7
18:57:36.91000,1949.000,3
18:57:37.03500,1949.000,1
18:57:39.08500,1949.000,1
18:57:39.77700,1949.000,10
18:57:40.85500,1949.000,2
18:57:41.07800,1949.000,1
18:57:41.31600,1949.000,4
18:57:43.12500,1949.000,1
18:57:44.42100,1949.000,1
18:57:45.81600,1949.000,4
18:57:50.33500,1949.000,2
18:57:52.10900,1949.000,1
18:57:52.57800,1949.000,4
18:57:53.53100,1949.000,5
18:57:57.10100,1949.000,4
18:57:58.23000,1949.000,1
18:58:02.21000,1949.250,10
18:58:03.84300,1949.250,4
18:58:08.36300,1949.250,4
18:58:10.55000,1949.000,2
18:58:11.73400,1949.250,3
18:58:14.12800,1949.000,2
18:58:15.13200,1949.250,3
18:58:16.01100,1949.250,1
18:58:16.76500,1949.250,3
18:58:16.89800,1949.250,31
18:58:17.05400,1949.250,16
18:58:17.41400,1949.500,24
18:58:18.86300,1949.500,3
18:58:21.67100,1949.500,4
18:58:23.95700,1949.500,5
18:58:25.48400,1949.500,6
18:58:25.80800,1949.500,1
18:58:26.03900,1949.500,26
18:58:27.01500,1949.500,3
18:58:28.01500,1949.500,3
18:58:28.70700,1949.500,2
18:58:29.46400,1949.500,10
18:58:30.16700,1949.750,4
18:58:34.33900,1949.750,4
18:58:36.07800,1949.750,5
18:58:38.34300,1949.750,4
18:58:39.70700,1950.000,197
18:58:39.73000,1950.000,15
18:58:40.12800,1950.250,10
18:58:40.54600,1950.250,1
18:58:42.11700,1950.250,2
18:58:42.58900,1950.250,5
18:58:43.37100,1950.250,10
18:58:44.64400,1950.250,3
18:58:44.82400,1950.000,1
18:58:47.16000,1950.250,8
18:58:47.51500,1950.000,1
18:58:48.08200,1950.250,2
18:58:49.15200,1950.250,1
18:58:51.10100,1950.250,4
18:58:55.57000,1950.250,4
18:58:57.20700,1950.250,1
18:58:58.03900,1950.500,248
18:58:58.16400,1950.500,2
18:58:58.29600,1950.250,2
18:58:59.23000,1950.500,13
18:58:59.74600,1950.500,7
18:58:59.91000,1950.500,4
18:59:02.68700,1950.250,2
18:59:03.30000,1950.250,1
18:59:03.50300,1950.500,2
18:59:03.76900,1950.500,1
18:59:04.16400,1950.500,4
18:59:04.77300,1950.500,2
18:59:05.25700,1950.500,1
18:59:05.82800,1950.250,1
18:59:06.10500,1950.750,226
18:59:06.30000,1950.750,33
18:59:06.79600,1950.750,13
18:59:07.02700,1951.000,2
18:59:07.73000,1950.750,7
18:59:07.94900,1951.000,1
18:59:08.14400,1951.000,2
18:59:08.32000,1951.000,1
18:59:08.80400,1951.000,2
18:59:09.53100,1951.000,2
18:59:09.58200,1950.750,7
18:59:10.43300,1950.750,10
18:59:10.60500,1951.000,1
18:59:11.61300,1951.000,6
18:59:11.75000,1951.000,1
18:59:12.47200,1950.750,2
18:59:13.55400,1951.000,2
18:59:13.71800,1951.000,1
18:59:14.05000,1951.000,17
18:59:15.01900,1951.250,5
18:59:15.09300,1951.000,9
18:59:16.76100,1951.000,1
18:59:18.36300,1951.000,2
18:59:18.89000,1951.000,4
18:59:19.01100,1951.250,1
18:59:19.30000,1951.000,1
18:59:20.21000,1951.000,1
18:59:21.32800,1951.250,1
18:59:21.53500,1950.750,107
18:59:23.25700,1950.750,1
18:59:23.45700,1950.750,1
18:59:24.80000,1950.750,18
18:59:25.07400,1950.750,4
18:59:26.60900,1950.500,1
18:59:28.42100,1950.750,1
18:59:28.63200,1950.750,2
18:59:31.12100,1950.500,1
18:59:31.39400,1950.750,1
18:59:33.71800,1950.500,44
18:59:33.89000,1950.250,9
18:59:34.42100,1950.500,4
18:59:35.23400,1950.500,1
18:59:35.42900,1950.500,1
18:59:36.56600,1950.500,8
18:59:37.64400,1950.500,1
18:59:39.35500,1950.500,1
18:59:40.67900,1950.750,1
18:59:48.82800,1950.500,3
18:59:49.24600,1950.500,23
18:59:49.50000,1950.500,1
18:59:51.16700,1950.500,1
18:59:52.33200,1950.500,1
18:59:52.65600,1950.500,1
18:59:53.29600,1950.500,14
18:59:55.43300,1950.500,1
18:59:55.89000,1950.500,1
18:59:57.54600,1950.750,2
18:59:57.68700,1950.750,4
18:59:58.14400,1950.750,3
18:59:58.60900,1950.750,61
19:00:00.51100,1950.500,0
19:00:01.51100,1950.750,1
19:00:01.95300,1950.750,8
19:00:02.06200,1950.750,10
19:00:02.60100,1950.750,4
19:00:02.62500,1950.750,3
19:00:03.27300,1950.750,1
19:00:03.43700,1950.500,5
19:00:03.74600,1950.750,10
19:00:03.83200,1950.500,1
19:00:04.04600,1950.750,1
19:00:04.40600,1950.500,1
19:00:07.58500,1950.750,3
19:00:07.91400,1950.750,1
19:00:08.33500,1950.750,7
19:00:08.76100,1951.000,1
19:00:09.12800,1950.750,1
19:00:11.10100,1950.750,29
19:00:11.91700,1950.750,8
19:00:12.11300,1950.750,1
19:00:12.51100,1950.500,1
19:00:13.17500,1950.500,2
19:00:14.27700,1950.500,1
19:00:14.60900,1950.500,25
19:00:17.02300,1950.500,1
19:00:20.28100,1950.750,1
19:00:20.72200,1950.500,12
19:00:21.21000,1950.250,10
19:00:23.00700,1950.500,10
19:00:23.35100,1950.750,33
19:00:23.39000,1951.000,16
19:00:23.49200,1950.750,11
19:00:23.62800,1950.750,2
19:00:24.90200,1950.750,8
19:00:26.33200,1950.750,3
19:00:27.28500,1950.750,1
19:00:28.87800,1951.000,6
19:00:30.11300,1951.000,1
19:00:30.70700,1951.000,3
19:00:30.95300,1950.750,4
19:00:31.11700,1950.750,12
19:00:31.24200,1950.750,1
19:00:31.94500,1950.750,4
19:00:33.66400,1951.000,10
19:00:34.11700,1951.000,2
19:00:34.31600,1951.000,26
19:00:35.15200,1951.250,2
19:00:36.15600,1951.000,18
19:00:37.16700,1951.000,20
19:00:37.33900,1951.000,1
19:00:37.84700,1951.000,2
19:00:39.51100,1950.750,1
19:00:39.96400,1951.000,1
19:00:41.72200,1951.250,899
19:00:41.75300,1951.250,46
19:00:41.82000,1951.250,11
19:00:42.10900,1951.500,24
19:00:42.27300,1951.250,32
19:00:42.32800,1951.250,3
19:00:42.41000,1951.000,20
19:00:43.11300,1951.250,9
19:00:43.39400,1951.250,56
19:00:43.61700,1951.250,1
19:00:43.73800,1951.250,15
19:00:43.93300,1951.500,1
19:00:44.15200,1951.500,3
19:00:45.65600,1951.250,63
19:00:46.26500,1951.500,2
19:00:46.42100,1951.750,21
19:00:46.51100,1951.750,33
19:00:46.65200,1951.500,71
19:00:46.70700,1951.500,54
19:00:46.79200,1951.750,8
19:00:47.01900,1951.750,8
19:00:47.07400,1951.750,2
19:00:47.18700,1951.750,3
19:00:47.27700,1952.000,210
19:00:47.35500,1951.500,86
19:00:47.61300,1951.750,21
19:00:47.69100,1951.500,35
19:00:47.84700,1951.500,30
19:00:48.00000,1951.500,35
19:00:48.07800,1951.500,1
19:00:48.49600,1951.500,1
19:00:48.90200,1951.500,22
19:00:49.09300,1951.500,2
19:00:49.65600,1951.500,4
19:00:50.10900,1951.500,6
19:00:50.76100,1951.500,1
19:00:51.02300,1951.500,12
19:00:51.50700,1951.500,2
19:00:51.57800,1951.500,20
19:00:51.89000,1951.500,1
19:00:53.01900,1951.500,2
19:00:53.52700,1951.500,6
19:00:54.11700,1951.500,10
19:00:54.23800,1951.500,1
19:00:54.93300,1951.250,1
19:00:55.28500,1951.500,4
19:00:55.76500,1951.500,18
19:00:56.08200,1951.500,1
19:00:56.30000,1951.750,19
19:00:57.72200,1951.500,1
19:00:58.33900,1951.500,3
19:00:59.13600,1951.750,2
19:00:59.25700,1951.500,1
19:00:59.40200,1951.750,1
19:00:59.94500,1951.750,9
19:01:00.33900,1952.000,2
19:01:00.60900,1951.750,1
19:01:00.70300,1951.750,1
19:01:01.43700,1952.000,2
19:01:01.94100,1952.000,20
19:01:02.31200,1952.000,4
19:01:02.34300,1951.750,1
19:01:02.57400,1952.000,3
19:01:02.93300,1951.750,20
19:01:03.05400,1952.000,1
19:01:04.81600,1952.000,1
19:01:05.16700,1952.000,1
19:01:05.65600,1951.750,1
19:01:06.23800,1952.000,1
19:01:06.71400,1951.750,24
19:01:07.21000,1951.750,17
19:01:07.52300,1951.750,7
19:01:07.69500,1951.750,1
19:01:08.71800,1951.750,37
19:01:09.14400,1951.750,1
19:01:10.25000,1951.500,1
19:01:10.60900,1951.750,1
19:01:11.72200,1951.500,15
19:01:11.87100,1951.750,5
19:01:15.13600,1951.500,1
19:01:17.21400,1951.750,2
19:01:17.71800,1951.750,25
19:01:19.55800,1951.500,1
19:01:19.83500,1951.750,2
19:01:21.11700,1951.750,1
19:01:21.66400,1951.500,3
19:01:22.11300,1951.500,6
19:01:23.57800,1951.500,1
19:01:24.09300,1951.750,1
19:01:24.37500,1951.500,5
19:01:25.80400,1951.750,7
19:01:27.40600,1951.750,15
19:01:30.31600,1951.750,1
19:01:30.52700,1951.500,1
19:01:31.67500,1951.750,1
19:01:32.16000,1951.500,1
19:01:34.39400,1951.500,1
19:01:35.11700,1951.750,3
19:01:35.51100,1951.500,1
19:01:38.32400,1951.750,1
19:01:41.00700,1951.500,4
19:01:42.32800,1951.750,1
19:01:43.84700,1951.500,66
19:01:44.96400,1951.250,1
19:01:46.03500,1951.500,1
19:01:49.08500,1951.500,19
19:01:51.19100,1951.500,1
19:01:52.02700,1951.500,9
19:01:52.26500,1951.500,1
19:01:54.57400,1951.500,27
19:01:54.71000,1951.500,7
19:01:55.37800,1951.500,7
19:01:56.16700,1951.500,6
19:01:56.73400,1951.500,1
19:01:57.72600,1951.500,20
19:02:01.69100,1951.500,33
19:02:02.28100,1951.500,1
19:02:03.09700,1951.500,10
19:02:05.05800,1951.500,1
19:02:06.19900,1951.500,2
19:02:07.39400,1951.750,52
19:02:09.24200,1951.500,1
19:02:09.72200,1951.500,1
19:02:11.85500,1951.750,1
19:02:14.05800,1951.750,1
19:02:14.56600,1951.750,1
19:02:15.26100,1951.750,1
19:02:19.32400,1951.750,20
19:02:20.33500,1951.500,1
19:02:20.62100,1951.500,5
19:02:23.33500,1951.750,1
19:02:24.76500,1951.500,5
19:02:27.27700,1951.750,1
19:02:30.59700,1951.750,1
19:02:36.66000,1951.750,1
19:02:38.37500,1951.750,1
19:02:39.09700,1951.750,1
19:02:42.17100,1951.500,34
19:02:43.43300,1951.500,8
19:02:44.77700,1951.500,12
19:02:46.51500,1951.500,10
19:02:47.49600,1951.500,3
19:02:56.42100,1951.500,2
19:02:57.67900,1951.500,15
19:02:58.16000,1951.500,2
19:02:58.46400,1951.500,2
19:03:01.51900,1951.750,5
19:03:02.13200,1951.750,3
19:03:02.33900,1951.750,8
19:03:02.54200,1951.750,1
19:03:02.77700,1951.750,7
19:03:03.30000,1951.500,9
19:03:03.50000,1951.750,8
19:03:03.85100,1951.750,3
19:03:04.15600,1951.500,1
19:03:04.56200,1951.750,7
19:03:04.63200,1951.750,3
19:03:07.39400,1951.750,73
19:03:08.68300,1951.750,5
19:03:09.39800,1951.750,3
19:03:09.56600,1951.750,1
19:03:09.66400,1951.750,1
19:03:12.23400,1952.000,1
19:03:12.60100,1951.750,1
19:03:13.02300,1952.000,48
19:03:13.04600,1952.000,12
19:03:13.12500,1952.000,12
19:03:13.91400,1952.000,3
19:03:14.37800,1952.000,1
19:03:14.42500,1952.000,1
19:03:14.76100,1952.000,5
19:03:15.19100,1952.000,7
19:03:16.88600,1952.000,1
19:03:18.41700,1952.000,5
19:03:19.62100,1952.250,50
19:03:20.23000,1952.000,16
19:03:20.45300,1952.000,5
19:03:22.50700,1952.250,34
19:03:22.96000,1952.250,10
19:03:23.58900,1952.500,6
19:03:23.82400,1952.250,2
19:03:24.26100,1952.250,22
19:03:24.44100,1952.500,1
19:03:24.60900,1952.250,18
19:03:24.83900,1952.250,5
19:03:25.01500,1952.250,3
19:03:25.76500,1952.250,16
19:03:25.90600,1952.250,1
19:03:28.63200,1952.250,2
19:03:30.30000,1952.250,2
19:03:30.57000,1952.250,19
19:03:31.69100,1952.250,2
19:03:32.00700,1952.250,23
19:03:32.53500,1952.000,1
19:03:38.69100,1952.250,1
19:03:39.25000,1952.250,1
19:03:39.78100,1952.250,1
19:03:39.90600,1952.000,1
19:03:40.40200,1952.000,3
19:03:41.03900,1952.250,3
19:03:46.17500,1952.250,8
19:03:46.31600,1952.000,1
19:03:47.50300,1952.000,1
19:03:50.83200,1952.000,1
19:03:51.64400,1952.000,4
19:03:52.82400,1952.000,30
19:03:52.89400,1952.250,5
19:03:53.03100,1952.250,13
19:03:53.42900,1952.250,4
19:03:53.63200,1952.250,2
19:03:53.94500,1952.250,3
19:03:55.21800,1952.250,16
19:03:57.32800,1952.250,1
19:03:58.07800,1952.000,1
19:03:58.26900,1952.000,1
19:04:02.35100,1952.000,43
19:04:03.00300,1952.250,2
19:04:04.67900,1952.000,43
19:04:05.64800,1952.000,76
19:04:05.95300,1952.250,2
19:04:06.87100,1952.250,5
19:04:07.16700,1952.250,2
19:04:07.48400,1952.250,16
19:04:07.74600,1952.000,5
19:04:08.15600,1952.250,1
19:04:09.07400,1952.250,2
19:04:09.10100,1952.000,5
19:04:09.23000,1952.250,3
19:04:11.05800,1952.250,1
19:04:12.34300,1952.250,4
19:04:13.75000,1952.000,2
19:04:14.00700,1952.000,3
19:04:15.13200,1952.250,65
19:04:16.24200,1952.500,19
19:04:16.53900,1952.500,8
19:04:17.53500,1952.500,3
19:04:17.72200,1952.000,161
19:04:18.97200,1951.750,2
19:04:19.34700,1952.000,2
19:04:19.44900,1952.000,11
19:04:19.72200,1952.000,57
19:04:19.83500,1952.000,8
19:04:20.06200,1952.000,8
19:04:20.26100,1952.000,8
19:04:20.33200,1952.000,1
19:04:20.51900,1951.750,12
19:04:22.73000,1952.000,79
19:04:24.82800,1952.000,6
19:04:25.36300,1952.000,5
19:04:28.27300,1952.000,2
19:04:32.35900,1951.750,6
19:04:34.16000,1952.000,1
19:04:34.58200,1951.750,1
19:04:35.19100,1951.750,1
19:04:39.59700,1952.000,2
19:04:42.22600,1952.000,1
19:04:44.10500,1951.750,12
19:04:45.32000,1951.750,3
19:04:47.00300,1951.750,1
19:04:48.67100,1951.750,2
19:04:50.86300,1952.000,1
19:04:54.06600,1951.750,9
19:04:54.42100,1951.750,1
19:04:54.72200,1951.500,2
19:04:55.82800,1951.750,1
19:04:56.25300,1951.750,4
19:04:59.56600,1951.750,1
19:05:01.26500,1951.750,3
19:05:03.12500,1951.750,4
19:05:04.14000,1951.750,6
19:05:05.39800,1952.000,1
19:05:05.73000,1951.750,1
19:05:09.35900,1951.750,3
19:05:11.12500,1951.750,2
19:05:14.00700,1951.750,4
19:05:15.60900,1951.750,2
19:05:16.25300,1951.500,4
19:05:16.72200,1951.750,18
19:05:16.96400,1952.000,1
19:05:17.19100,1952.000,1
19:05:18.19500,1952.000,1
19:05:18.62800,1951.750,6
19:05:20.73000,1951.750,1
19:05:21.69500,1951.750,3
19:05:26.16700,1952.000,5
19:05:28.17900,1951.750,30
19:05:28.82400,1952.000,2
19:05:30.46400,1952.000,1
19:05:30.55400,1952.000,1
19:05:31.28100,1952.250,5
19:05:31.38600,1952.000,1
19:05:33.60500,1952.250,1
19:05:35.20300,1952.000,2
19:05:36.22200,1952.250,1
19:05:38.60500,1952.250,14
19:05:39.10500,1952.250,39
19:05:39.55000,1952.250,1
19:05:41.09700,1952.250,13
19:05:42.06200,1952.250,3
19:05:42.41400,1952.250,12
19:05:46.69900,1952.250,10
19:05:51.42100,1952.250,1
19:05:51.85900,1952.250,23
19:05:54.08200,1952.500,1
19:05:55.50000,1952.250,10
19:05:56.30400,1952.250,2
19:05:57.52300,1952.250,9
19:05:57.81600,1952.250,5
19:05:57.85500,1952.250,2
19:05:57.92100,1952.250,1
19:05:58.03900,1952.250,1
19:06:00.32400,1952.000,2
19:06:01.43700,1952.250,1
19:06:05.46400,1952.000,5
19:06:07.26500,1952.250,3
19:06:11.03100,1952.250,4
19:06:11.97200,1951.750,55
19:06:12.69900,1952.000,21
19:06:13.61700,1952.000,10
19:06:14.29200,1952.000,2
19:06:16.51500,1952.000,3
19:06:17.74600,1952.000,1
19:06:18.74600,1952.000,7
19:06:19.85100,1952.000,16
19:06:19.87100,1952.250,1
19:06:20.21400,1952.250,5
19:06:30.58200,1952.250,1
19:06:33.01500,1952.000,1
19:06:34.44100,1952.000,12
19:06:37.15600,1952.000,6
19:06:37.68700,1952.000,3
19:06:39.12500,1952.000,1
19:06:40.25700,1952.000,2
19:06:41.34300,1952.000,1
19:06:44.16400,1952.250,1
19:06:45.06200,1952.250,5
19:06:45.39000,1952.250,1
19:06:47.37800,1952.000,5
19:06:48.22600,1952.250,2
19:06:51.67100,1952.250,1
19:06:53.58500,1952.250,1
19:06:54.57000,1952.250,1
19:06:57.38600,1952.000,1
19:07:05.61300,1952.250,3
19:07:06.16700,1952.250,56
19:07:08.63200,1952.500,13
19:07:08.82800,1952.250,1
19:07:09.72600,1952.250,2
19:07:10.57800,1952.500,2
19:07:12.05800,1952.500,7
19:07:13.48800,1952.250,1
19:07:13.78900,1952.500,2
19:07:14.67500,1952.500,1
19:07:15.62500,1952.500,1
19:07:20.16400,1952.500,2
19:07:21.19900,1952.500,6
19:07:22.53100,1952.500,1
19:07:22.75000,1952.500,1
19:07:28.45700,1952.250,22
19:07:29.53500,1952.250,5
19:07:30.29200,1952.250,1
19:07:33.35100,1952.500,1
19:07:33.41700,1952.500,1
19:07:33.70300,1952.500,1
19:07:34.21800,1952.250,1
19:07:35.71000,1952.500,5
19:07:36.53500,1952.250,3
19:07:39.32400,1952.250,12
19:07:39.71400,1952.500,4
19:07:39.90600,1952.500,1
19:07:42.03500,1952.250,10
19:07:43.56600,1952.500,5
19:07:44.09300,1952.250,1
19:07:46.21000,1952.250,5
19:07:51.19900,1952.500,1
19:07:53.96400,1952.500,1
19:07:55.42500,1952.250,1
19:08:09.26500,1952.500,3
19:08:10.24200,1952.250,1
19:08:12.87500,1952.500,1
19:08:14.17100,1952.500,37
19:08:16.02300,1952.500,3
19:08:17.23000,1952.250,2
19:08:19.11300,1952.250,1
19:08:22.49200,1952.500,4
19:08:23.58900,1952.250,1
19:08:25.91000,1952.250,3
19:08:26.72600,1952.500,6
19:08:27.10500,1952.500,1
19:08:27.19500,1952.500,1
19:08:27.74600,1952.500,6
19:08:29.07000,1952.000,31
19:08:34.28900,1952.250,1
19:08:36.74600,1952.000,1
19:08:41.52300,1952.000,25
19:08:45.26100,1952.250,7
19:08:46.14800,1952.250,3
19:08:48.06200,1952.000,56
19:08:51.64000,1952.000,16
19:08:51.82400,1952.000,1
19:08:52.80800,1952.000,1
19:08:54.55400,1952.000,1
19:08:55.05000,1952.000,1
19:08:56.08500,1952.000,1
19:08:57.35900,1952.000,1
19:08:57.56200,1952.250,1
19:08:58.04600,1952.250,2
19:08:59.95700,1952.250,1
19:09:02.82800,1952.250,2
19:09:03.13200,1952.250,1
19:09:03.21000,1952.250,1
19:09:03.69900,1952.250,41
19:09:03.75300,1952.250,1
19:09:06.92900,1952.000,52
19:09:14.19100,1952.000,40
19:09:14.25300,1952.000,15
19:09:14.76500,1952.000,3
19:09:15.00700,1952.000,8
19:09:15.39400,1952.250,6
19:09:15.47200,1952.250,1
19:09:15.54200,1952.250,1
19:09:19.30400,1951.750,4
19:09:20.21800,1952.000,50
19:09:22.87800,1952.000,5
19:09:27.25700,1952.250,13
19:09:27.37500,1952.250,1
19:09:28.23400,1952.000,31
19:09:30.00000,1952.000,1
19:09:34.68300,1952.000,15
19:09:34.70300,1952.000,6
19:09:40.87100,1952.000,2
19:09:47.67500,1951.750,39
19:09:47.73400,1951.750,3
19:09:48.69900,1951.750,1
19:09:49.05000,1951.750,4
19:09:56.28500,1951.750,10
19:09:57.48000,1951.500,2
19:10:06.26500,1951.750,2
19:10:15.16700,1951.500,1
19:10:21.00000,1951.500,99
19:10:21.49600,1951.500,1
19:10:21.88600,1951.500,3
19:10:22.23400,1951.500,10
19:10:23.49200,1951.500,3
19:10:24.34300,1951.500,1
19:10:24.70700,1951.500,2
19:10:32.95700,1951.750,3
19:10:37.03900,1951.750,64
19:10:37.37800,1951.750,12
19:10:38.94900,1951.750,2
19:10:41.20300,1951.750,1
19:10:41.65200,1951.750,1
19:10:42.21400,1951.750,1
19:10:43.23000,1951.750,1
19:10:45.50300,1951.750,8
19:10:45.82800,1951.750,51
19:10:56.94100,1951.750,6
19:11:00.14800,1951.750,1
19:11:08.37800,1951.750,1
19:11:18.07400,1951.750,1
19:11:21.27300,1951.500,8
19:11:28.08900,1951.500,31
19:11:35.57800,1951.250,68
19:11:35.68700,1951.250,1
19:11:36.05400,1951.250,22
19:11:36.33200,1951.250,7
19:11:38.30800,1951.250,1
19:11:39.94100,1951.500,3
19:11:40.28900,1951.250,1
19:11:42.53100,1951.250,1
19:11:42.96000,1951.500,29
19:11:46.81200,1951.500,2
19:11:50.96800,1951.500,2
19:11:51.13600,1951.250,1
19:11:54.18300,1951.500,1
19:11:57.60500,1951.250,1
19:12:06.00000,1951.250,2
19:12:09.37800,1951.250,1
19:12:11.34300,1951.250,34
19:12:12.15600,1951.250,2
19:12:14.64000,1951.250,2
19:12:15.15200,1951.250,1
19:12:19.48000,1951.250,1
19:12:20.64800,1951.250,1
19:12:21.19900,1951.500,1
19:12:23.40200,1951.500,1
19:12:34.77700,1951.250,1
19:12:37.92100,1951.250,1
19:12:39.31200,1951.250,2
19:12:41.70700,1951.250,1
19:12:42.21800,1951.500,8
19:12:43.48400,1951.500,9
19:12:44.45700,1951.500,1
19:12:44.58200,1951.500,1
19:12:46.68300,1951.500,5
19:12:52.55800,1951.500,91
19:12:54.39000,1951.500,1
19:12:57.31200,1951.500,2
19:12:57.47200,1951.500,1
19:12:59.03900,1951.500,2
19:12:59.82400,1951.500,1
19:13:03.34300,1951.500,2
19:13:06.74600,1951.500,1
19:13:12.28500,1951.500,1
19:13:15.21800,1951.500,1
19:13:33.18300,1951.500,1
19:13:37.53100,1951.250,2
19:13:42.12800,1951.250,7
19:13:42.20300,1951.500,1
19:13:45.62800,1951.250,1
19:13:46.16700,1951.250,1
19:13:51.26100,1951.250,33
19:13:54.75300,1951.000,3
19:13:57.08500,1951.000,2
19:13:57.58200,1951.000,56
19:13:57.91000,1950.750,5
19:14:00.93300,1951.000,2
19:14:04.24200,1951.000,63
19:14:07.82800,1951.000,9
19:14:07.96000,1951.000,1
19:14:10.09700,1951.250,1
19:14:14.83200,1951.000,8
19:14:15.61700,1951.000,1
19:14:16.51100,1951.000,3
19:14:16.91700,1951.000,1
19:14:21.57400,1951.000,1
19:14:24.63200,1951.250,1
19:14:27.00000,1951.000,19
19:14:33.77300,1951.250,1
19:14:34.61300,1951.000,1
19:14:40.09700,1951.000,3
19:14:40.79600,1951.250,1
19:14:45.73000,1951.250,2
19:14:52.83900,1951.500,38
19:14:56.91000,1951.250,1
19:15:14.82400,1951.500,4
19:15:17.37500,1951.500,10
19:15:26.36300,1951.250,2
19:15:27.43700,1951.250,2
19:15:33.17500,1951.250,1
19:15:36.67100,1951.250,1
19:15:38.75000,1951.250,10
19:15:39.44500,1951.250,1
19:15:40.19100,1951.250,4
19:15:43.05000,1951.250,1
19:15:56.87100,1951.500,70
19:15:56.97200,1951.500,1
19:15:57.60100,1951.500,2
19:15:58.04200,1951.750,2
19:16:03.31200,1951.500,24
19:16:05.48800,1951.500,7
19:16:07.51900,1951.250,6
19:16:07.79200,1951.250,6
19:16:09.08500,1951.250,1
19:16:10.16700,1951.500,1
19:16:10.79200,1951.250,1
19:16:14.66700,1951.500,2
19:16:17.33900,1951.500,1
19:16:18.03500,1951.250,6
19:16:19.51100,1951.250,2
19:16:21.34700,1951.750,17
19:16:22.71800,1951.500,1
19:16:30.25000,1951.500,2
19:16:34.93300,1951.750,1
19:16:35.22600,1951.500,2
19:16:37.23400,1951.500,1
19:16:39.13200,1951.500,1
19:16:40.01500,1951.750,1
19:16:42.73800,1951.500,2
19:16:43.89400,1951.500,8
19:16:46.43700,1951.500,4
19:16:48.71000,1951.500,2
19:16:49.03900,1951.250,1
19:16:51.90200,1951.500,7
19:16:54.88600,1951.250,62
19:16:55.00300,1951.250,14
19:16:55.76500,1951.500,2
19:16:56.65200,1951.250,3
19:16:56.90200,1951.000,5
19:17:03.41700,1951.250,8
19:17:07.83500,1951.500,1
19:17:08.91700,1951.250,6
19:17:12.31200,1951.250,3
19:17:14.26100,1951.250,1
19:17:16.25000,1951.250,9
19:17:24.15200,1951.250,6
19:17:26.20300,1951.250,4
19:17:29.06600,1951.250,16
19:17:34.53500,1951.250,3
19:17:42.31600,1951.250,1
19:17:43.50700,1951.000,3
19:17:45.00000,1951.000,1
19:17:45.64800,1951.000,29
19:17:45.79200,1951.000,4
19:17:47.75000,1951.000,1
19:17:50.22600,1950.750,3
19:17:52.32800,1950.750,1
19:17:58.36300,1951.000,2
19:18:01.69500,1950.750,4
19:18:03.89400,1950.750,1
19:18:05.59300,1951.000,6
19:18:08.40200,1950.750,30
19:18:09.15600,1950.750,1
19:18:15.74200,1950.500,7
19:18:17.17900,1950.750,1
19:18:18.35100,1950.750,5
19:18:20.64800,1950.750,13
19:18:22.39400,1950.750,1
19:18:22.83200,1950.750,2
19:18:33.45300,1951.000,1
19:18:37.88600,1950.750,20
19:18:39.06200,1950.750,1
19:18:41.58500,1950.500,7
19:18:43.37500,1950.500,24
19:18:45.64400,1950.750,1
19:18:49.89000,1950.750,7
19:18:52.23000,1950.500,3
19:18:54.87800,1950.750,4
19:19:02.26100,1950.750,2
19:19:02.71400,1950.750,26
19:19:03.25700,1951.000,1
19:19:03.92500,1950.750,1
19:19:05.37500,1950.750,1
19:19:13.69500,1950.750,2
19:19:18.75700,1950.750,1
19:19:21.54600,1951.000,1
19:19:21.88200,1950.750,37
19:19:28.56200,1950.750,1
19:19:36.60100,1950.750,5
19:19:36.81200,1950.750,1
19:19:40.96000,1950.750,1
19:19:45.80000,1950.750,2
19:19:46.93300,1950.750,2
19:19:50.46000,1950.750,2
19:19:53.02300,1950.750,20
19:19:55.19100,1950.750,9
19:19:56.70300,1950.750,1
19:19:57.90600,1950.750,5
19:20:02.69100,1950.750,6
19:20:06.51500,1950.750,1
19:20:07.31200,1950.500,19
19:20:07.49600,1950.750,21
19:20:08.62100,1950.750,1
19:20:11.16000,1950.750,5
19:20:11.89000,1950.750,3
19:20:12.16400,1950.750,1
19:20:15.68300,1950.750,19
19:20:16.17500,1950.750,1
19:20:19.33900,1950.750,3
19:20:23.53100,1950.750,1
19:20:30.33900,1950.750,2
19:20:36.35100,1950.750,10
19:20:38.55000,1951.000,113
19:20:38.79200,1951.000,1
19:20:41.32400,1951.000,1
19:20:44.09700,1951.000,7
19:20:45.25300,1951.000,1
19:20:49.10500,1951.250,17
19:20:49.21400,1951.250,25
19:20:50.89800,1951.250,1
19:21:16.63600,1951.250,56
19:21:16.91000,1951.250,1
19:21:20.70700,1951.000,12
19:21:27.51500,1951.000,9
19:21:31.25300,1951.000,1
19:21:33.03100,1950.750,43
19:21:42.05800,1950.750,1
19:21:49.41400,1950.750,1
19:22:05.52300,1950.750,48
19:22:06.78900,1950.750,21
19:22:07.28900,1950.750,10
19:22:10.95700,1950.750,15
19:22:11.57800,1950.750,1
19:22:14.55000,1950.750,1
19:22:16.19100,1950.750,2
19:22:16.31200,1950.500,2
19:22:30.11700,1951.000,2
19:22:34.24200,1950.750,1
19:22:40.90600,1950.750,1
19:22:46.92900,1951.000,2
19:22:53.46800,1951.000,1
19:23:20.26900,1951.000,3
19:23:20.51900,1951.000,20
19:23:21.36300,1951.000,1
19:23:21.52700,1951.000,1
19:23:29.48800,1951.000,12
19:23:30.09700,1951.000,2
19:23:37.08200,1951.000,4
19:23:41.33900,1950.750,11
19:23:43.11300,1950.750,3
19:23:48.83900,1950.750,1
19:23:49.11700,1950.750,4
19:23:52.85100,1950.750,1
19:23:53.06600,1950.750,3
19:23:56.89000,1950.750,1
19:24:13.83500,1950.750,3
19:24:16.74600,1950.750,1
19:24:17.62100,1950.750,1
19:24:18.94500,1950.750,2
19:24:24.91700,1950.750,1
19:24:28.94900,1950.750,1
19:24:34.70700,1950.500,113
19:24:35.01100,1950.500,1
19:24:36.76100,1950.500,20
19:24:39.21400,1950.250,20
19:24:43.08200,1950.500,20
19:24:43.57000,1950.500,1
19:24:51.34300,1950.250,1
19:25:02.08500,1950.250,2
19:25:07.35900,1950.500,1
19:25:07.94900,1950.500,1
19:25:10.45300,1950.250,1
19:25:11.67100,1950.750,52
19:25:12.54600,1950.750,1
19:25:14.47200,1950.750,1
19:25:15.92500,1950.500,17
19:25:28.95300,1950.500,2
19:25:35.43300,1950.500,1
19:25:51.70300,1950.500,2
19:25:52.18700,1950.250,1
19:25:58.89400,1950.250,35
19:26:05.63200,1950.000,107
19:26:05.91400,1950.000,1
19:26:06.08500,1949.750,1
19:26:08.60100,1950.000,5
19:26:09.01900,1949.750,1
19:26:10.67500,1949.750,12
19:26:12.46800,1950.000,36
19:26:14.15200,1950.000,1
19:26:15.83200,1950.000,1
19:26:17.05000,1950.000,2
19:26:29.22200,1950.000,3
19:26:31.55400,1950.000,1
19:26:32.32000,1950.000,1
19:26:34.55800,1950.000,3
19:26:38.96800,1950.000,23
19:26:47.14400,1949.750,1
19:26:48.33200,1949.750,1
19:26:50.45700,1950.000,25
19:26:56.63200,1950.000,7
19:26:57.15200,1950.000,2
19:27:06.12100,1950.000,21
19:27:15.24200,1950.000,3
19:27:19.57800,1950.000,10
19:27:20.42500,1950.000,5
19:27:23.31600,1950.000,2
19:27:25.64400,1950.000,1
19:27:30.19100,1950.000,5
19:27:31.50700,1950.000,3
19:27:32.37800,1950.000,1
19:27:37.26900,1949.750,5
19:27:43.41700,1950.000,1
19:27:43.83500,1950.250,1
19:27:45.41400,1950.000,1
19:27:47.66400,1950.000,2
19:27:51.06200,1950.250,1
19:27:52.59300,1950.000,2
19:27:54.57000,1950.000,6
19:27:54.90200,1950.000,4
19:27:55.85100,1950.000,1
19:27:56.78100,1950.000,5
19:27:58.19100,1950.000,1
19:27:58.26900,1949.750,1
19:27:58.58500,1950.000,1
19:28:03.67500,1950.000,3
19:28:04.10900,1950.000,10
19:28:05.47600,1950.000,1
19:28:05.54600,1950.000,2
19:28:09.56200,1950.000,1
19:28:16.28900,1950.000,4
19:28:16.95300,1950.000,2
19:28:18.41700,1950.250,1
19:28:30.12100,1950.250,1
19:28:30.26900,1950.250,2
19:28:42.78500,1950.250,1
19:28:43.38600,1950.000,1
19:28:43.49600,1950.000,2
19:28:43.92100,1950.000,6
19:28:44.00700,1950.250,1
19:28:46.28100,1950.000,5
19:28:46.78900,1950.000,2
19:28:48.67900,1950.000,5
19:28:49.53100,1950.000,11
19:28:51.20300,1950.000,2
19:28:51.58900,1950.000,2
19:28:53.54600,1950.000,1
19:29:03.29600,1949.750,3
19:29:06.75000,1950.000,1
19:29:15.39800,1950.000,13
19:29:16.94500,1950.000,2
19:29:18.26100,1950.000,10
19:29:21.30000,1950.000,2
19:29:31.80400,1950.000,20
19:29:38.00300,1950.000,1
19:29:41.36700,1950.000,1
19:29:45.56200,1950.250,1
19:29:56.33200,1950.000,1
19:30:03.79200,1950.250,6
19:30:06.21400,1950.250,1
19:30:13.27700,1950.250,11
19:30:19.42500,1950.000,1
19:30:25.54200,1950.000,2
19:30:44.36700,1950.000,20
19:30:45.80400,1950.000,1
19:30:50.17100,1950.250,6
19:31:08.55000,1950.250,15
19:31:08.74600,1950.250,2
19:31:14.82800,1950.250,4
19:31:15.71000,1950.000,1
19:31:17.00300,1950.250,5
19:31:17.31600,1950.250,41
19:31:33.08900,1950.500,4
19:31:39.44500,1950.500,1
19:31:43.83200,1950.500,1
19:32:27.18300,1950.250,66
19:32:28.44100,1950.000,40
19:32:29.62800,1950.000,18
19:32:29.76900,1950.000,1
19:32:30.35100,1950.250,5
19:32:33.13200,1950.000,4
19:32:51.61700,1950.500,79
19:32:51.73000,1950.750,31
19:32:51.84700,1950.750,4
19:32:56.23400,1950.750,2
19:33:15.67900,1950.500,11
19:33:17.17100,1950.750,1
19:33:21.22600,1950.500,21
19:33:22.14400,1950.500,1
19:33:24.75300,1950.750,1
19:33:25.97200,1950.500,2
19:33:29.88200,1950.500,6
19:33:32.52700,1950.500,1
19:33:38.01100,1950.500,1
19:33:48.22200,1950.500,2
19:33:49.39400,1950.500,2
19:33:56.64800,1950.500,2
19:33:58.69900,1950.500,1
19:33:59.51500,1950.500,3
19:34:22.32000,1950.500,7
19:34:38.85500,1950.750,1
19:34:44.85900,1950.750,5
19:34:46.46800,1950.750,1
19:34:47.35900,1950.750,2
19:34:49.32000,1950.750,1
19:34:56.16700,1950.500,12
19:34:57.30800,1950.500,3
19:35:04.46800,1950.500,4
19:35:09.49600,1950.750,85
19:35:09.76100,1950.750,3
19:35:09.95300,1950.750,12
19:35:11.47600,1950.750,1
19:35:14.96800,1950.750,1
19:35:20.86300,1950.750,1
19:35:24.25000,1950.750,19
19:35:30.68700,1950.750,2
19:35:47.01900,1951.000,2
19:35:50.10500,1951.000,4
19:35:55.17900,1951.000,73
19:35:57.35500,1951.000,1
19:36:08.80400,1951.250,53
19:36:14.86300,1951.250,90
19:36:14.93700,1951.250,3
19:36:15.24600,1951.250,3
19:36:15.66400,1951.250,1
19:36:16.85500,1951.250,1
19:36:22.86700,1951.000,29
19:36:25.65600,1951.000,14
19:36:25.75700,1950.750,1
19:36:30.01500,1951.000,1
19:36:35.66000,1951.250,8
19:36:40.71400,1951.000,12
19:36:46.00700,1951.000,1
19:36:53.14000,1951.000,4
19:37:06.29600,1951.000,3
19:37:14.23000,1951.250,21
19:37:23.96000,1951.250,14
19:37:25.89000,1951.250,4
19:37:26.20700,1951.000,1
19:37:30.08900,1951.250,4
19:37:30.58200,1951.250,6
19:37:31.57400,1951.500,2
19:37:31.66400,1951.500,1
19:37:34.83900,1951.250,1
19:37:38.64800,1951.250,12
19:37:40.75000,1951.250,1
19:37:44.10100,1951.250,1
19:37:52.53900,1951.500,4
19:38:02.61300,1951.250,3
19:38:16.05400,1951.250,3
19:38:22.19500,1951.250,1
19:38:24.15600,1951.250,2
19:38:24.74200,1951.250,7
19:38:37.70300,1951.250,8
19:38:38.44500,1951.250,1
19:38:41.63200,1951.000,1
19:38:43.54600,1951.250,28
19:38:43.67100,1951.250,6
19:38:43.96000,1951.250,1
19:38:59.69500,1951.500,1
19:39:07.86300,1951.250,15
19:39:08.08500,1951.250,17
19:39:12.50700,1951.000,1
19:39:17.60100,1951.000,20
19:39:19.49200,1951.250,1
19:39:24.27300,1951.250,1
19:39:26.84300,1951.250,1
19:39:34.19100,1951.000,10
19:39:39.43300,1951.000,11
19:39:43.15600,1951.000,3
19:39:50.46400,1951.000,1
19:39:52.05800,1951.000,1
19:39:54.27300,1951.000,1
19:39:55.92900,1951.000,1
19:40:04.84300,1951.000,2
19:40:05.85500,1951.000,4
19:40:08.23800,1951.000,1
19:40:08.61300,1950.750,3
19:40:15.76100,1951.000,4
19:40:22.83200,1950.750,44
19:40:25.17500,1950.750,1
19:40:27.04600,1950.750,1
19:40:27.66000,1950.750,8
19:40:29.78500,1950.750,1
19:40:33.41700,1950.750,1
19:40:34.64400,1950.750,5
19:40:43.61300,1951.000,10
19:40:48.17100,1950.750,9
19:40:49.23400,1950.750,2
19:40:51.31600,1950.750,5
19:40:56.83500,1951.000,6
19:41:11.95700,1950.750,12
19:41:13.46000,1950.750,13
19:41:14.10900,1950.750,3
19:41:24.67100,1950.750,10
19:41:34.49200,1950.750,1
19:41:39.30800,1950.750,1
19:41:45.91000,1950.500,1
19:41:46.10900,1950.500,1
19:41:56.63200,1950.750,2
19:41:57.59700,1950.750,3
19:42:01.42900,1950.750,3
19:42:16.11700,1950.750,14
19:42:28.87500,1950.750,2
19:42:31.70300,1950.750,1
19:42:34.29600,1950.750,2
19:42:40.14000,1950.500,1
19:42:44.66700,1950.750,6
19:42:59.29600,1950.750,1
19:43:09.21400,1950.750,21
19:43:14.61700,1951.000,5
19:43:21.53900,1950.750,1
19:43:22.79600,1950.750,3
19:43:24.26900,1950.750,1
19:43:27.62800,1951.000,6
19:43:34.58200,1951.000,4
19:43:38.18700,1950.750,5
19:44:02.08500,1951.000,12
19:44:11.36700,1950.750,2
19:44:15.14800,1951.000,16
19:44:16.14000,1951.000,82
19:44:17.10900,1951.000,1
19:44:29.85500,1951.000,3
19:44:32.65200,1951.000,1
19:44:50.42100,1951.000,5
19:44:55.10500,1951.250,1
19:45:05.95700,1951.000,41
19:45:06.34700,1951.000,1
19:45:07.18300,1951.000,7
19:45:10.79200,1951.250,2
19:45:14.68300,1951.000,1
19:45:15.39400,1951.000,1
19:45:19.27300,1951.000,1
19:45:20.39800,1951.250,6
19:45:28.65600,1951.250,10
19:45:30.05800,1951.250,14
19:45:30.24600,1951.250,11
19:45:48.51900,1951.000,18
19:45:53.37100,1951.000,4
19:45:57.64800,1951.250,2
19:46:17.60900,1951.250,5
19:46:21.71000,1951.250,6
19:46:23.30400,1951.000,5
19:46:32.23000,1951.250,1
19:46:36.33500,1951.000,2
19:46:51.19100,1951.000,1
19:46:53.89000,1951.250,2
19:47:13.65200,1951.000,19
19:47:15.56200,1950.750,1
19:47:20.16400,1951.000,1
19:47:20.48400,1950.750,10
19:47:24.81200,1951.000,5
19:47:25.02300,1951.000,10
19:47:51.18300,1951.000,6
19:47:59.47200,1951.000,1
19:48:04.37500,1951.000,6
19:48:10.21400,1951.000,1
19:48:21.46000,1951.000,6
19:48:53.38600,1951.000,2
19:48:57.10500,1951.000,2
19:49:28.15200,1951.250,5
19:49:28.57400,1951.250,4
19:49:36.18700,1951.250,1
19:49:39.75000,1951.000,5
19:50:10.50700,1951.000,12
19:50:11.92900,1951.000,1
19:50:28.51500,1951.000,8
19:50:30.18300,1951.000,3
19:50:43.72200,1951.000,2
19:50:46.69500,1951.000,1
19:50:50.36700,1951.000,1
19:50:57.49600,1951.000,2
19:50:59.82000,1951.000,10
19:51:04.62500,1951.000,4
19:51:05.12100,1951.250,4
19:51:06.45300,1951.000,5
19:51:12.42900,1951.000,4
19:51:23.62100,1951.250,5
19:51:28.87500,1951.000,24
19:51:31.63600,1951.000,1
19:51:42.35500,1951.250,10
19:51:42.82800,1951.250,1
19:52:13.37100,1951.000,5
19:52:16.01500,1951.000,1
19:52:18.05800,1951.000,1
19:52:26.33500,1951.000,2
19:52:32.51900,1951.000,3
19:52:36.27700,1951.000,1
19:52:37.37100,1951.000,6
19:52:42.74200,1951.000,4
19:52:44.65600,1951.250,20
19:52:45.95300,1951.000,4
19:52:56.46400,1951.000,1
19:52:57.78500,1951.000,7
19:53:03.49600,1951.000,8
19:53:20.28500,1951.000,1
19:53:36.01100,1951.000,1
19:53:42.01500,1951.000,1
19:53:43.05400,1950.750,1
19:53:47.38200,1950.750,1
19:53:51.46800,1951.000,2
19:53:55.96800,1951.000,1
19:54:01.11700,1950.750,81
19:54:05.91700,1950.500,76
19:54:10.96400,1950.500,5
19:54:17.50300,1950.500,1
19:54:18.59300,1950.500,3
19:54:19.96000,1950.250,2
19:54:21.17900,1950.500,4
19:54:28.36300,1950.500,13
19:54:29.33200,1950.500,4
19:54:31.91000,1950.750,1
19:54:32.91400,1950.500,3
19:54:49.50000,1950.500,9
19:54:49.69900,1950.500,1
19:54:50.40200,1950.750,196
19:54:51.24200,1950.750,1
19:54:59.41400,1950.750,32
19:55:03.19500,1950.750,15
19:55:04.75000,1950.750,1
19:55:13.50700,1951.000,1
19:55:20.10100,1950.750,1
19:55:24.67500,1950.750,10
19:55:30.94100,1950.750,4
19:55:41.82400,1951.000,3
19:55:53.58500,1950.750,2
19:55:55.04200,1951.000,5
19:55:55.46000,1951.000,2
19:56:06.44500,1951.000,35
19:56:12.20700,1951.000,8
19:56:12.76900,1951.000,2
19:56:21.38600,1951.000,1
19:56:25.16000,1951.000,1
19:56:26.79200,1951.000,2
19:56:30.65200,1951.250,1
19:56:34.08200,1951.250,1
19:56:34.72600,1951.000,8
19:56:36.32000,1951.250,2
19:56:39.80000,1951.000,20
19:56:51.53100,1951.000,3
19:56:57.15200,1951.000,1
19:56:58.80800,1951.000,2
19:57:01.29600,1951.000,2
19:57:11.66400,1951.000,3
19:57:25.32000,1951.000,1
19:57:33.58200,1951.000,3
19:57:34.08900,1950.750,1
19:57:51.96400,1951.000,4
19:57:55.07400,1951.000,1
19:57:55.12500,1951.000,1
19:57:55.17500,1951.000,1
19:57:58.60500,1951.000,1
19:58:07.16700,1951.000,4
19:58:09.10900,1951.000,2
19:58:13.13600,1951.000,2
19:58:16.16400,1951.250,3
19:58:22.07000,1951.000,2
19:58:33.20300,1950.750,1
19:58:41.17900,1951.000,3
19:58:43.32000,1951.000,1
19:58:59.78900,1951.000,7
19:59:06.73400,1950.750,4
19:59:18.50300,1951.000,11
19:59:22.67500,1950.750,2
19:59:26.01500,1951.000,1
19:59:26.37100,1951.250,2
19:59:29.57000,1951.000,2
19:59:36.85100,1951.250,1
19:59:38.08900,1951.250,1
19:59:44.87500,1951.000,4
19:59:45.61300,1951.000,1
19:59:48.73000,1951.250,1
19:59:49.14800,1951.250,1
19:59:50.16000,1951.250,22
19:59:57.37500,1951.250,5
19:59:59.07400,1951.250,2
20:00:00.51100,1951.250,0
20:00:01.01100,1951.000,1
20:00:01.25000,1951.000,1
20:00:01.55000,1951.250,41
20:00:01.60900,1951.250,2
20:00:01.89400,1951.250,1
20:00:02.10900,1951.250,1
20:00:02.58900,1951.500,1
20:00:08.61700,1951.250,1
20:00:10.71800,1951.250,9
20:00:11.48000,1951.250,3
20:00:12.22600,1951.250,14
20:00:12.55400,1951.000,4
20:00:14.46800,1951.000,2
20:00:15.10100,1951.250,1
20:00:16.46800,1951.250,1
20:00:20.93300,1951.250,8
20:00:21.12500,1951.250,1
20:00:22.49600,1951.000,33
20:00:23.52300,1951.250,5
20:00:29.34700,1951.000,1
20:00:29.81600,1951.000,3
20:00:34.65200,1951.000,1
20:00:37.45700,1951.000,5
20:00:37.88600,1951.000,30
20:00:44.56200,1951.000,3
20:00:49.21800,1951.000,8
20:01:05.83200,1951.250,3
20:01:19.14800,1951.000,10
20:01:19.64000,1951.000,2
20:01:24.17900,1951.000,36
20:01:28.20700,1950.750,10
20:01:37.11700,1951.000,5
20:01:38.72200,1951.000,5
20:01:45.95700,1951.000,1
20:01:47.80400,1951.250,1
20:01:49.09700,1951.000,1
20:01:49.51900,1951.000,1
20:01:51.64000,1951.000,2
20:01:57.17100,1951.250,2
20:02:03.15600,1951.250,4
20:02:04.30800,1951.250,1
20:02:05.23400,1951.250,2
20:02:11.43300,1951.000,1
20:02:11.70300,1951.250,19
20:02:12.23800,1951.250,6
20:02:19.64400,1951.250,1
20:02:20.66700,1951.000,67
20:02:26.28100,1951.250,3
20:02:31.66700,1951.000,2
20:02:36.06200,1951.000,2
20:02:36.59700,1951.000,2
20:02:52.02700,1951.000,1
20:02:58.46800,1950.750,30
20:03:06.07000,1951.000,5
20:03:25.72200,1951.000,23
20:03:26.22200,1951.000,1
20:03:35.48000,1951.000,5
20:03:39.46400,1951.000,1
20:03:41.08500,1950.750,2
20:03:41.14800,1950.750,15
20:03:41.44100,1951.000,2
20:03:41.69900,1951.000,1
20:03:44.01100,1951.000,1
20:04:05.85500,1950.750,7
20:04:06.08900,1951.000,1
20:04:06.47200,1951.000,1
20:04:13.81600,1951.000,1
20:04:15.67100,1951.000,1
20:04:19.62800,1950.750,10
20:04:24.76500,1951.000,14
20:04:42.90600,1951.000,1
20:04:47.10100,1950.750,3
20:04:48.73000,1951.000,48
20:04:49.00700,1950.750,12
20:04:50.69100,1951.000,1
20:04:51.22200,1950.750,2
20:04:51.53500,1950.750,4
20:04:58.12500,1950.750,1
20:04:59.24200,1950.750,9
20:05:31.64400,1950.750,34
20:05:34.41400,1950.750,1
20:05:39.53900,1950.750,20
20:05:41.50000,1950.750,2
20:05:47.08200,1950.750,1
20:06:08.58500,1951.000,12
20:06:31.10900,1950.750,40
20:06:34.01500,1950.500,1
20:06:43.28500,1950.500,1
20:06:43.58500,1950.750,1
20:06:51.50300,1950.500,1
20:06:57.69500,1950.750,1
20:06:59.94500,1950.500,4
20:07:07.00000,1950.750,2
20:07:10.60500,1950.750,4
20:07:24.14000,1950.500,1
20:07:28.18300,1950.500,1
20:07:32.69900,1950.500,3
20:07:46.15600,1950.500,1
20:07:52.20700,1950.500,1
20:07:53.74200,1950.500,1
20:07:56.19500,1950.500,1
20:07:57.06200,1950.500,2
20:07:57.23000,1950.500,2
20:07:57.72200,1950.500,1
20:07:58.95300,1950.500,1
20:08:00.07800,1950.500,44
20:08:01.20700,1950.500,5
20:08:01.45700,1950.500,2
20:08:02.24600,1950.750,20
20:08:05.25000,1950.750,1
20:08:05.94900,1950.750,1
20:08:11.78500,1950.750,2
20:08:14.72200,1950.500,15
20:08:29.70300,1950.500,1
20:08:29.94500,1950.500,1
20:08:33.09700,1950.500,5
20:08:33.33200,1950.500,9
20:08:37.66700,1950.500,3
20:08:41.49200,1950.500,1
20:08:44.00000,1950.500,5
20:08:52.85900,1950.500,80
20:08:52.92500,1950.500,5
20:08:53.23000,1950.500,10
20:08:53.61300,1950.500,2
20:08:58.56200,1950.750,1
20:08:58.76500,1950.500,1
20:09:13.43300,1950.500,2
20:09:16.10900,1950.500,5
20:09:41.92900,1950.500,1
20:09:46.15200,1950.500,2
20:09:46.48000,1950.500,1
20:09:59.38600,1950.500,23
20:10:00.83200,1950.500,12
20:10:05.89800,1950.500,5
20:10:06.87800,1950.500,25
20:10:07.10900,1950.500,1
20:10:13.94500,1950.500,10
20:10:22.37100,1950.500,5
20:10:38.06600,1950.500,1
20:10:50.78500,1950.500,1
20:10:53.39000,1950.250,4
20:10:53.72200,1950.500,1
20:10:54.15600,1950.250,20
20:10:57.22200,1950.250,1
20:10:58.33900,1950.250,63
20:11:11.11300,1950.250,5
20:11:11.32800,1950.000,6
20:11:13.64400,1950.250,2
20:11:18.33500,1950.000,1
20:11:24.05400,1950.000,23
20:11:25.57400,1950.250,3
20:11:25.69100,1950.000,56
20:11:28.27700,1950.000,3
20:11:28.63600,1950.250,5
20:11:48.37500,1950.250,1
20:11:49.60500,1950.000,2
20:11:54.28500,1950.000,3
20:11:59.75700,1950.000,4
20:12:08.60100,1950.000,4
20:12:09.92100,1950.250,1
20:12:12.19500,1950.000,3
20:12:20.84700,1950.000,2
20:12:21.85100,1950.000,4
20:12:24.91000,1950.000,6
20:12:28.25300,1950.000,1
20:12:29.87800,1950.000,2
20:12:31.36700,1950.000,1
20:12:31.50300,1950.000,1
20:12:34.75000,1950.000,1
20:12:36.21800,1950.000,2
20:12:44.80400,1950.000,1
20:12:45.13200,1950.250,8
20:12:55.18700,1950.250,27
20:12:57.06200,1950.250,1
20:12:59.11700,1950.250,2
20:13:05.46000,1950.250,13
20:13:07.69100,1950.250,3
20:13:14.67500,1950.250,5
20:13:17.15200,1950.250,5
20:13:20.91700,1950.250,5
20:13:24.10500,1950.250,2
20:13:26.74200,1950.250,1
20:13:36.79200,1950.250,2
20:13:40.03100,1950.250,3
20:13:58.42100,1950.250,4
20:14:12.41700,1950.500,11
20:14:18.79600,1950.500,2
20:14:18.89000,1950.500,1
20:14:19.81200,1950.500,3
20:14:20.57000,1950.500,1
20:14:21.10100,1950.250,7
20:14:32.23800,1950.250,13
20:14:45.34300,1950.000,2
20:14:45.71400,1950.250,1
20:14:46.00700,1950.250,2
20:14:47.84300,1950.250,1
20:15:00.02300,1950.000,2
20:15:01.66000,1950.250,6
20:15:04.23400,1950.250,5
20:15:08.55000,1950.250,1
20:15:09.14800,1950.250,1
20:15:15.52700,1950.000,1
20:15:18.54200,1950.000,3
20:15:18.61300,1950.000,49
20:15:22.62500,1949.750,6
20:15:24.28900,1949.750,5
20:15:25.67100,1949.750,3
20:15:26.09300,1949.750,34
20:15:28.32800,1949.500,2
20:15:28.89000,1949.500,4
20:15:29.03900,1949.750,1
20:15:29.61700,1949.500,2
20:15:30.42100,1949.500,2
20:15:31.02300,1949.500,1
20:15:33.50000,1949.500,1
20:15:37.28500,1949.750,10
20:15:39.50700,1949.750,1
20:15:39.63200,1949.750,71
20:15:43.32400,1949.500,2
20:15:44.03900,1949.500,1
20:15:48.66000,1949.500,1
20:15:49.31200,1949.500,1
20:15:51.48000,1949.750,1
20:15:53.08200,1949.750,2
20:15:58.47600,1949.500,5
20:15:59.03900,1949.750,44
20:15:59.17500,1949.750,1
20:15:59.94900,1949.500,18
20:16:05.97200,1949.500,2
20:16:08.72600,1949.750,2
20:16:09.48400,1949.750,1
20:16:10.03900,1949.500,10
20:16:17.67500,1949.750,3
20:16:21.00300,1949.750,1
20:16:24.42100,1949.750,4
20:16:24.73000,1949.500,1
20:16:26.30800,1949.750,2
20:16:26.64800,1949.500,10
20:16:31.23000,1949.750,21
20:16:32.23000,1949.750,4
20:16:34.25700,1949.750,2
20:16:36.06600,1950.000,15
20:16:38.01900,1949.750,2
20:16:38.39800,1949.750,15
20:16:38.61700,1950.000,5
20:16:51.88600,1950.000,1
20:16:55.29600,1949.750,10
20:16:56.27700,1949.750,1
20:16:57.04200,1949.750,4
20:16:57.31600,1949.750,1
20:16:58.94900,1949.500,1
20:17:04.02300,1949.750,7
20:17:04.69500,1949.500,2
20:17:05.45300,1949.750,3
20:17:05.78500,1949.500,1
20:17:09.01100,1949.750,6
20:17:11.12100,1949.750,2
20:17:11.78100,1950.000,7
20:17:12.10500,1949.750,4
20:17:13.51900,1950.000,5
20:17:16.33200,1950.000,3
20:17:26.62500,1949.750,5
20:17:27.83500,1949.750,6
20:17:28.05800,1949.750,10
20:17:28.59700,1950.000,1
20:17:28.93700,1950.000,1
20:17:30.01900,1950.000,1
20:17:41.73000,1949.750,6
20:17:42.77700,1949.750,1
20:17:44.71800,1949.750,1
20:17:46.38600,1949.750,4
20:17:49.73400,1949.500,11
20:17:53.23800,1949.750,1
20:17:53.41700,1949.500,10
20:17:55.87500,1949.750,16
20:17:56.27300,1949.750,1
20:17:56.70700,1949.750,1
20:18:11.34300,1950.000,56
20:18:13.19900,1950.250,2
20:18:18.94500,1950.250,1
20:18:25.58500,1950.250,1
20:18:26.60500,1950.250,1
20:18:28.04200,1950.250,5
20:18:29.55400,1950.250,1
20:18:31.51500,1950.250,1
20:18:31.91400,1950.250,1
20:18:33.01100,1950.250,12
20:18:34.24600,1950.000,2
20:18:39.29600,1950.000,1
20:18:40.02300,1950.000,6
20:18:43.30000,1950.000,1
20:18:43.88600,1950.250,1
20:18:47.75300,1950.000,1
20:18:51.78100,1950.000,51
20:18:56.03100,1949.750,1
20:18:59.73400,1949.750,22
20:19:05.79200,1949.750,17
20:19:05.83500,1949.750,6
20:19:06.82800,1949.750,1
20:19:07.39800,1950.000,10
20:19:12.28500,1949.750,1
20:19:14.41400,1949.750,1
20:19:21.70700,1949.500,9
20:19:24.55400,1949.750,35
20:19:25.76900,1949.750,1
20:19:30.00700,1949.750,10
20:19:31.59700,1949.750,2
20:19:33.69100,1950.000,2
20:19:39.06600,1950.000,4
20:19:41.36300,1950.000,1
20:19:42.13200,1950.000,18
20:19:42.77700,1950.000,2
20:19:45.62500,1950.000,2
20:19:49.12800,1950.250,1
20:19:53.01500,1950.250,15
20:20:01.17100,1950.250,11
20:20:02.18700,1950.250,6
20:20:02.37800,1950.250,5
20:20:08.13600,1950.250,15
20:20:11.67500,1950.000,1
20:20:14.94100,1950.250,5
20:20:17.50000,1950.250,1
20:20:18.60100,1950.250,5
20:20:19.42100,1950.000,3
20:20:19.52300,1950.000,1
20:20:20.49600,1950.250,4
20:20:20.91400,1950.250,9
20:20:21.23400,1950.250,2
20:20:21.53100,1950.250,1
20:20:23.26900,1950.500,1
20:20:25.01100,1950.250,64
20:20:25.20300,1950.500,3
20:20:25.57000,1950.500,1
20:20:25.92100,1950.500,3
20:20:26.42100,1950.500,2
20:20:32.01500,1950.500,16
20:20:32.47200,1950.500,1
20:20:33.23400,1950.500,8
20:20:35.20700,1950.250,1
20:20:35.88600,1950.500,3
20:20:37.44100,1950.500,5
20:20:40.92100,1950.500,5
20:20:49.25000,1950.500,2
20:20:58.84700,1950.250,13
20:20:59.96400,1950.500,1
20:21:02.38600,1950.500,11
20:21:06.49200,1950.500,14
20:21:06.73000,1950.500,6
20:21:09.12800,1950.500,4
20:21:09.25000,1950.500,5
20:21:09.34300,1950.500,2
20:21:13.11700,1950.500,5
20:21:14.53500,1950.250,1
20:21:19.03500,1950.250,15
20:21:22.10900,1950.250,7
20:21:22.19100,1950.250,1
20:21:24.69900,1950.500,2
20:21:25.78100,1950.250,1
20:21:26.04200,1950.500,5
20:21:28.27700,1950.250,2
20:21:33.56200,1950.500,3
20:21:34.16000,1950.250,1
20:21:37.45300,1950.250,1
20:21:40.54600,1950.500,5
20:21:41.96000,1950.500,31
20:21:42.43300,1950.500,22
20:21:42.92900,1950.500,1
20:21:43.45700,1950.500,5
20:21:50.06600,1950.500,1
20:21:55.39400,1950.250,44
20:21:56.95700,1950.250,6
20:21:57.36300,1950.250,4
20:21:59.33200,1950.000,21
20:22:02.45300,1950.000,21
20:22:03.50000,1950.000,1
20:22:05.02300,1950.000,1
20:22:14.53100,1950.000,2
20:22:19.86300,1950.000,28
20:22:24.59700,1950.000,1
20:22:25.38200,1950.000,7
20:22:27.89000,1950.250,1
20:22:30.64800,1950.000,12
20:22:32.40200,1950.000,5
20:22:33.89400,1949.750,1
20:22:34.30000,1950.000,1
20:22:42.92100,1950.000,2
20:22:51.35100,1950.000,2
20:22:53.91700,1950.000,1
20:23:20.13600,1950.000,15
20:23:20.55000,1950.000,1
20:23:24.11700,1950.000,1
20:23:26.80400,1950.000,9
20:23:26.96000,1950.250,1
20:23:29.53100,1950.250,5
20:23:50.53100,1950.500,27
20:23:50.82400,1950.500,5
20:23:53.34700,1950.250,1
20:24:06.94500,1950.250,3
20:24:07.61700,1950.250,11
20:24:17.73000,1950.500,1
20:24:19.89000,1950.500,1
20:24:20.09700,1950.250,15
20:24:23.23000,1950.250,1
20:24:33.39800,1950.250,2
20:24:33.91000,1950.250,8
20:24:40.05400,1950.000,1
20:24:41.10900,1950.250,1
20:24:52.79200,1950.000,5
20:25:03.88600,1950.250,3
20:25:04.82400,1950.250,21
20:25:08.26900,1950.250,1
20:25:13.37100,1950.250,1
20:25:17.03900,1950.250,2
20:25:18.35900,1950.250,1
20:25:21.25300,1950.250,8
20:25:27.95700,1950.000,3
20:25:28.07000,1950.250,1
20:25:39.89400,1950.250,1
20:25:43.69500,1950.500,1
20:25:46.77300,1950.250,1
20:25:47.72600,1950.500,32
20:25:47.96400,1950.500,1
20:25:49.60900,1950.500,1
20:25:56.90600,1950.500,1
20:25:59.81600,1950.500,12
20:26:06.35500,1950.750,5
20:26:11.89000,1950.750,1
20:26:12.35500,1950.500,1
20:26:15.02700,1950.500,1
20:26:16.10100,1950.500,2
20:26:26.67500,1950.750,5
20:26:27.40200,1950.750,1
20:26:27.68300,1950.750,5
20:26:30.19900,1950.500,16
20:26:34.60100,1950.500,14
20:26:37.83900,1950.500,6
20:26:41.58900,1950.500,1
20:26:44.36300,1950.500,3
20:26:45.71400,1950.500,3
20:26:51.51500,1950.500,1
20:26:52.78100,1950.750,25
20:26:57.66700,1950.750,1
20:27:06.11300,1950.750,18
20:27:06.54600,1950.750,1
20:27:08.22200,1950.750,5
20:27:16.16700,1950.500,3
20:27:19.20700,1950.750,1
20:27:23.14800,1950.500,1
20:27:23.36300,1950.500,1
20:27:25.67900,1950.500,1
20:27:34.75000,1950.500,1
20:27:41.25000,1950.500,21
20:27:41.53100,1950.500,5
20:27:41.66700,1950.500,1
20:27:48.58200,1950.750,16
20:27:51.72200,1950.750,2
20:27:59.37500,1950.750,2
20:28:05.62800,1950.750,4
20:28:06.09700,1950.500,1
20:28:09.76500,1950.500,8
20:28:12.04200,1950.500,1
20:28:18.41000,1950.750,3
20:28:24.62500,1950.750,36
20:28:26.64000,1950.750,1
20:28:29.41000,1950.750,3
20:28:29.90600,1950.750,1
20:28:37.69100,1950.750,3
20:28:40.63600,1950.750,1
20:28:49.67900,1950.750,4
20:29:02.31200,1950.500,4
20:29:03.28900,1950.750,1
20:29:04.12500,1950.500,18
20:29:04.74200,1950.500,4
20:29:06.34700,1950.500,2
20:29:08.61300,1950.500,3
20:29:09.43700,1950.500,6
20:29:10.27700,1950.500,5
20:29:13.91000,1950.500,4
20:29:14.48000,1950.500,1
20:29:18.10100,1950.500,1
20:29:19.79200,1950.500,2
20:29:20.20700,1950.500,3
20:29:21.53100,1950.250,1
20:29:25.71400,1950.250,1
20:29:37.79200,1950.250,17
20:29:42.30400,1950.250,5
20:29:48.11700,1950.500,2
20:29:51.05000,1950.250,1
20:29:55.89000,1950.500,1
20:29:58.14000,1950.250,9
20:29:59.00700,1950.250,3
20:30:00.73800,1950.250,15
20:30:02.05000,1950.250,1
20:30:02.50000,1950.250,3
20:30:02.82800,1950.250,2
20:30:03.00700,1950.250,1
20:30:04.53900,1950.250,2
20:30:05.00700,1950.250,4
20:30:05.25000,1950.250,3
20:30:07.58900,1950.250,8
20:30:10.53900,1950.250,1
20:30:10.83900,1950.250,7
20:30:13.13600,1950.250,7
20:30:13.58200,1950.500,3
20:30:14.12500,1950.250,3
20:30:16.75300,1950.500,5
20:30:23.05800,1950.250,10
20:30:24.92900,1950.250,5
20:30:25.60100,1950.250,1
20:30:25.91400,1950.250,9
20:30:26.55800,1950.250,1
20:30:30.08200,1950.250,2
20:30:31.42500,1950.250,3
20:30:32.00700,1950.250,6
20:30:33.00300,1950.250,7
20:30:34.00700,1950.250,9
20:30:36.76100,1950.250,6
20:30:41.19900,1950.000,10
20:30:43.34300,1950.000,10
20:30:43.60100,1950.000,1
20:30:46.76900,1950.250,3
20:30:52.53900,1950.000,45
20:30:56.26500,1950.000,1
20:31:14.72200,1949.750,11
20:31:15.68700,1949.750,18
20:31:17.02700,1949.500,3
20:31:20.08900,1949.500,1
20:31:21.96400,1949.750,3
20:31:26.14000,1949.750,51
20:31:31.13600,1949.750,10
20:31:35.29600,1949.750,6
20:31:36.28900,1949.750,8
20:31:41.31600,1949.750,2
20:31:42.93700,1949.750,2
20:31:47.76500,1950.000,2
20:31:49.08200,1949.750,1
20:31:52.10500,1950.000,5
20:31:54.69500,1949.750,2
20:31:55.36300,1949.750,1
20:32:04.19900,1949.750,2
20:32:08.61700,1950.000,2
20:32:10.43700,1950.000,53
20:32:14.21800,1950.000,1
20:32:20.37100,1950.000,10
20:32:27.64800,1950.000,1
20:32:30.66000,1950.000,12
20:32:43.37100,1949.750,4
20:32:45.96400,1950.000,17
20:32:50.16400,1950.000,2
20:32:51.01500,1950.000,3
20:32:54.57800,1949.750,6
20:32:54.78900,1949.750,5
20:33:04.58200,1949.750,10
20:33:05.16000,1949.750,2
20:33:05.31200,1949.750,1
20:33:05.68300,1949.750,1
20:33:07.68300,1949.750,1
20:33:10.28100,1949.750,2
20:33:10.83900,1949.750,4
20:33:18.27300,1949.750,41
20:33:28.23000,1950.000,2
20:33:28.73800,1950.000,1
20:33:32.33500,1949.750,10
20:33:41.32800,1949.750,1
20:33:58.78500,1949.750,8
20:34:06.68300,1949.500,24
20:34:14.40600,1949.750,10
20:34:18.28500,1949.500,3
20:34:20.67500,1949.750,2
20:34:26.48400,1949.500,10
20:34:28.12800,1949.500,9
20:34:35.07400,1949.500,6
20:34:35.73400,1949.500,2
20:34:36.75300,1949.500,3
20:34:41.57400,1949.750,20
20:34:41.96000,1949.750,11
20:34:44.49200,1949.750,3
20:34:47.92100,1949.750,2
20:34:49.64400,1949.750,1
20:34:58.23800,1950.000,5
20:34:58.51100,1950.000,44
20:34:59.21000,1950.000,3
20:35:02.42900,1950.000,8
20:35:04.30400,1950.000,1
20:35:06.22600,1950.000,1
20:35:07.85900,1950.000,1
20:35:11.35900,1950.000,1
20:35:13.65600,1950.250,1
20:35:15.01500,1950.250,1
20:35:24.26900,1950.250,10
20:35:31.12100,1950.250,11
20:35:31.53900,1950.250,20
20:35:31.67500,1950.250,2
20:35:32.68300,1950.250,4
20:35:39.28100,1950.500,4
20:35:39.66400,1950.250,1
20:35:49.26900,1950.500,28
20:35:51.88600,1950.500,1
20:35:57.25300,1950.500,1
20:36:04.86300,1950.500,2
20:36:06.64000,1950.750,1
20:36:07.55000,1950.750,20
20:36:08.70300,1950.750,4
20:36:09.79200,1950.750,13
20:36:13.58200,1950.750,6
20:36:19.39800,1950.750,8
20:36:21.58200,1950.750,5
20:36:26.77700,1950.750,1
20:36:32.01500,1950.500,19
20:36:34.55400,1950.500,1
20:36:39.28900,1950.500,1
20:36:55.51100,1950.500,1
20:36:58.74600,1950.750,3
20:36:59.39800,1950.750,3
20:37:00.72200,1950.750,30
20:37:01.37800,1950.750,11
20:37:07.14800,1950.750,7
20:37:09.67900,1950.500,55
20:37:09.89400,1950.500,5
20:37:11.28500,1950.750,1
20:37:13.23000,1950.750,1
20:37:16.35100,1950.500,4
20:37:16.49600,1950.500,2
20:37:19.21000,1950.750,1
20:37:26.21400,1950.500,4
20:37:27.29600,1950.500,10
20:37:27.39000,1950.500,1
20:37:37.29200,1950.250,16
20:37:41.14000,1950.250,3
20:37:45.74600,1950.250,1
20:37:47.59300,1950.000,12
20:37:47.81200,1950.000,2
20:37:50.93700,1950.000,2
20:37:57.78900,1950.000,5
20:38:03.59300,1950.000,6
20:38:08.13600,1950.250,1
20:38:13.28100,1950.000,5
20:38:14.10100,1950.000,1
20:38:14.36300,1950.000,13
20:38:15.51100,1950.000,5
20:38:29.61700,1950.000,37
20:38:35.38200,1950.250,14
20:38:35.71400,1950.250,2
20:38:38.35100,1950.250,4
20:38:48.11300,1950.000,9
20:38:48.55000,1950.000,15
20:38:50.92900,1950.000,1
20:38:54.36700,1950.000,4
20:38:54.63600,1950.000,7
20:38:57.77700,1950.250,63
20:38:59.94500,1950.250,2
20:39:07.53100,1950.250,18
20:39:08.47200,1950.250,1
20:39:17.21800,1950.250,17
20:39:23.05000,1950.500,1
20:39:24.00300,1950.500,12
20:39:24.19100,1950.500,81
20:39:26.20700,1950.750,1
20:39:26.60900,1950.750,71
20:39:27.17500,1950.750,1
20:39:29.39000,1950.750,68
20:39:32.57800,1950.750,1
20:39:33.59700,1950.750,32
20:39:38.19100,1950.750,3
20:39:47.26100,1950.750,8
20:39:55.77300,1951.000,14
20:40:00.67500,1950.750,2
20:40:01.35900,1950.750,1
20:40:03.71800,1950.750,5
20:40:08.01900,1950.750,1
20:40:13.30000,1950.750,1
20:40:13.71400,1950.750,1
20:40:16.52300,1950.750,1
20:40:18.96000,1950.750,2
20:40:21.88200,1950.750,1
20:40:22.22600,1951.000,1
20:40:28.15200,1951.000,1
20:40:33.08500,1950.750,72
20:40:33.94900,1950.750,8
20:40:35.48000,1950.500,7
20:40:44.66400,1950.750,11
20:40:48.80800,1950.750,6
20:40:51.92900,1950.750,1
20:40:53.03100,1950.750,1
20:40:58.67900,1950.750,2
20:40:59.07000,1950.750,1
20:41:13.19100,1950.750,5
20:41:17.73400,1950.750,1
20:41:29.26500,1950.750,1
20:41:30.72600,1950.750,14
20:41:33.42900,1950.750,25
20:41:35.64800,1950.750,3
20:41:36.51100,1950.500,15
20:41:51.09700,1950.750,1
20:41:53.38200,1950.500,10
20:41:55.48000,1950.500,1
20:41:56.78100,1950.500,1
20:41:56.96400,1950.500,1
20:41:57.35900,1950.500,2
20:42:02.58900,1950.500,10
20:42:09.38200,1950.500,1
20:42:10.56200,1950.750,2
20:42:33.85900,1950.750,2
20:42:39.05000,1950.750,20
20:42:53.66000,1950.750,19
20:42:54.17500,1950.750,12
20:42:54.47600,1950.750,5
20:42:56.32000,1950.500,1
20:42:56.65600,1950.500,1
20:43:10.26900,1950.500,3
20:43:14.33200,1950.500,2
20:43:26.71800,1950.500,11
20:43:28.54200,1950.500,5
20:43:36.16700,1950.500,3
20:43:36.73800,1950.500,2
20:43:37.81600,1950.250,1
20:43:40.27300,1950.500,2
20:43:47.61300,1950.500,3
20:43:59.51900,1950.500,44
20:44:14.22200,1950.750,3
20:44:21.64800,1950.500,14
20:44:25.45700,1950.500,1
20:44:29.48000,1950.500,25
20:44:33.80000,1950.500,8
20:44:34.91700,1950.500,3
20:44:35.43700,1950.500,1
20:44:36.67500,1950.500,3
20:44:37.61300,1950.750,1
20:44:38.70700,1950.500,9
20:44:47.92500,1950.250,4
20:45:01.62100,1950.250,58
20:45:09.19900,1950.250,2
20:45:14.77300,1950.000,1
20:45:20.51500,1950.000,6
20:45:20.73800,1950.000,1
20:45:20.94100,1950.000,1
20:45:22.34300,1950.000,1
20:45:25.17900,1950.250,5
20:45:34.01500,1950.000,35
20:45:35.92500,1950.000,1
20:45:40.53900,1950.000,5
20:45:44.31600,1950.250,1
20:45:47.56200,1950.250,2
20:45:50.12500,1950.250,1
20:45:59.87100,1950.250,1
20:46:07.21800,1950.250,2
20:46:08.08200,1950.000,41
20:46:10.01500,1950.000,3
20:46:13.08200,1950.000,8
20:46:13.60100,1949.750,2
20:46:14.39400,1949.750,61
20:46:17.09300,1949.750,3
20:46:23.15200,1949.750,1
20:46:26.22600,1949.750,1
20:46:26.64000,1950.000,1
20:46:30.83900,1949.750,1
20:46:31.89800,1949.750,15
20:46:32.67500,1949.750,2
20:46:32.87800,1949.750,1
20:46:33.10900,1949.750,2
20:46:35.48000,1949.750,20
20:46:36.66700,1949.750,2
20:46:36.91400,1949.750,2
20:46:37.24200,1949.500,1
20:46:38.24600,1949.750,1
20:46:38.75700,1949.750,1
20:46:38.93300,1950.000,4
20:46:39.09700,1949.750,1
20:46:39.76900,1949.750,1
20:46:40.01900,1949.750,1
20:46:40.19100,1949.750,16
20:46:41.11700,1949.500,4
20:46:44.73400,1949.500,1
20:46:44.96000,1949.750,1
20:46:46.68700,1949.750,2
20:46:50.30400,1949.500,1
20:46:50.53100,1949.750,1
20:46:51.10900,1949.750,2
20:46:58.20300,1949.500,86
20:46:58.36300,1949.500,6
20:46:58.61700,1949.750,3
20:46:58.75300,1949.500,1
20:47:01.54600,1949.250,25
20:47:01.62100,1949.250,1
20:47:01.68300,1949.250,1
20:47:02.67500,1949.500,8
20:47:03.89000,1949.250,1
20:47:04.83900,1949.500,1
20:47:09.46800,1949.500,44
20:47:09.63200,1949.500,1
20:47:11.75700,1949.500,1
20:47:12.49600,1949.500,10
20:47:12.91000,1949.500,1
20:47:13.07400,1949.500,1
20:47:18.45700,1949.500,31
20:47:20.16400,1949.500,1
20:47:20.51900,1949.250,1
20:47:21.89400,1949.500,6
20:47:23.92100,1949.500,4
20:47:25.17500,1949.500,3
20:47:25.72200,1949.500,1
20:47:26.87100,1949.500,1
20:47:34.46000,1949.500,18
20:47:35.29600,1949.500,1
20:47:49.92900,1949.500,6
20:47:50.10100,1949.500,1
20:47:52.28500,1949.500,1
20:47:52.77700,1949.500,3
20:47:54.12800,1949.500,3
20:47:56.05000,1949.500,10
20:47:56.44100,1949.250,3
20:47:59.59700,1949.500,1
20:47:59.93700,1949.250,2
20:48:06.51100,1949.250,2
20:48:07.80400,1949.250,1
20:48:09.37800,1949.500,13
20:48:10.90200,1949.500,11
20:48:13.70700,1949.250,1
20:48:16.94500,1949.500,1
20:48:18.42900,1949.500,24
20:48:18.63600,1949.500,1
20:48:20.30400,1949.500,5
20:48:21.03100,1949.500,3
20:48:23.07800,1949.500,12
20:48:25.35100,1949.500,2
20:48:27.96000,1949.500,8
20:48:28.28900,1949.500,7
20:48:29.33900,1949.500,2
20:48:32.67900,1949.500,1
20:48:45.09700,1949.500,8
20:48:46.51900,1949.500,2
20:48:54.65600,1949.500,60
20:48:56.12500,1949.500,1
20:48:58.28900,1949.500,1
20:48:58.94100,1949.500,2
20:49:03.36300,1949.500,3
20:49:06.56200,1949.500,1
20:49:14.45300,1949.500,2
20:49:21.07400,1949.750,73
20:49:21.13600,1949.750,1
20:49:23.41400,1950.000,28
20:49:24.19500,1950.250,2
20:49:24.36300,1950.250,2
20:49:34.92500,1950.000,11
20:49:35.03900,1950.000,2
20:49:38.02700,1950.000,8
20:49:39.19500,1950.000,1
20:49:39.54200,1950.000,5
20:49:41.35500,1950.250,30
20:49:41.66700,1950.250,4
20:49:44.00700,1950.250,1
20:50:08.25700,1950.000,2
20:50:08.68700,1950.000,3
20:50:09.18700,1950.000,8
20:50:09.68700,1950.000,1
20:50:10.09700,1950.000,2
20:50:21.05400,1950.000,1
20:50:23.30400,1950.000,10
20:50:24.79600,1950.000,3
20:50:25.26500,1950.000,3
20:50:30.84300,1950.000,4
20:50:36.94900,1950.000,5
20:50:55.94900,1949.750,2
20:50:57.77700,1950.000,2
20:50:59.49200,1950.000,1
20:51:07.80400,1950.250,6
20:51:10.29200,1950.000,1
20:51:12.46000,1950.250,21
20:51:12.69500,1950.250,1
20:51:13.56600,1950.250,1
20:51:16.53900,1950.000,1
20:51:17.65600,1950.250,3
20:51:20.44900,1950.250,7
20:51:22.25700,1950.250,3
20:51:24.38600,1950.250,1
20:51:24.88200,1950.250,7
20:51:26.71000,1950.250,1
20:51:27.91000,1950.250,2
20:51:29.75000,1950.250,2
20:51:30.02700,1950.250,2
20:51:31.37100,1950.000,2
20:51:31.78900,1950.250,31
20:51:36.48000,1950.250,3
20:51:41.51900,1950.250,1
20:51:51.28900,1950.250,1
20:51:52.96000,1950.250,13
20:51:59.66400,1950.250,4
20:52:03.10900,1950.000,7
20:52:07.81600,1950.250,2
20:52:25.63600,1950.500,12
20:52:25.95300,1950.500,5
20:52:34.42100,1950.500,4
20:52:49.16400,1950.250,2
20:52:51.03100,1950.250,14
20:52:57.57400,1950.250,21
20:53:29.94100,1950.250,16
20:53:36.15600,1950.250,3
20:53:43.94900,1950.250,1
20:53:44.21000,1950.250,3
20:53:51.69900,1950.250,1
20:53:58.88200,1950.250,7
20:54:24.47200,1950.250,12
20:54:35.84300,1950.000,32
20:54:40.03900,1950.000,17
20:54:41.52700,1950.000,2
20:54:45.57800,1950.000,5
20:54:47.83500,1950.000,1
20:54:55.27700,1950.000,9
20:54:56.97200,1950.000,2
20:54:58.79200,1950.000,4
20:55:01.20700,1949.750,2
20:55:04.44900,1949.750,1
20:55:06.32800,1950.000,1
20:55:11.12800,1949.750,2
20:55:12.35500,1949.750,26
20:55:17.19100,1950.000,1
20:55:18.02700,1949.750,2
20:55:19.23000,1949.750,2
20:55:21.83500,1949.750,2
20:55:24.55000,1949.500,1
20:55:25.61300,1949.500,4
20:55:31.40600,1949.500,1
20:55:33.56600,1949.750,6
20:55:34.63200,1949.750,1
20:55:36.48800,1950.000,1
20:55:38.58200,1949.750,1
20:55:42.53100,1949.750,5
20:55:43.83500,1949.750,1
20:55:44.23800,1949.750,80
20:55:49.08200,1949.750,8
20:55:49.60100,1949.750,51
20:55:53.30800,1949.750,76
20:55:57.83900,1949.750,1
20:56:03.30400,1949.750,57
20:56:03.72600,1949.750,1
20:56:04.89000,1949.750,2
20:56:05.07400,1949.750,1
20:56:07.74200,1949.750,2
20:56:08.19500,1949.750,2
20:56:08.44900,1949.750,1
20:56:12.61700,1949.750,1
20:56:19.62100,1949.500,30
20:56:25.77700,1949.500,1
20:56:27.53900,1949.750,22
20:56:32.37500,1949.500,10
20:56:33.54600,1949.500,2
20:56:33.59700,1949.500,9
20:56:33.80400,1949.500,6
20:56:37.71400,1949.500,1
20:56:46.76900,1949.500,5
20:56:47.10900,1949.750,3
20:56:54.96400,1949.750,5
20:56:55.28900,1949.750,5
20:57:05.91000,1949.500,46
20:57:10.11300,1949.250,86
20:57:12.01100,1949.250,1
20:57:16.28100,1949.250,30
20:57:18.71000,1949.250,2
20:57:21.59300,1949.250,10
20:57:21.80800,1949.250,2
20:57:23.33500,1949.000,10
20:57:23.36300,1949.000,6
20:57:27.51900,1949.250,13
20:57:27.80000,1949.000,6
20:57:29.19100,1949.250,1
20:57:30.28500,1949.250,5
20:57:32.19900,1949.000,1
20:57:32.80400,1949.250,1
20:57:33.81600,1949.250,4
20:57:38.16700,1949.250,2
20:57:41.76900,1949.250,1
20:57:42.00300,1949.250,2
20:58:04.41000,1949.250,28
20:58:04.69500,1949.250,3
20:58:08.41000,1949.500,1
20:58:08.88600,1949.250,1
20:58:12.05400,1949.250,1
20:58:12.52700,1949.250,3
20:58:14.43300,1949.250,2
20:58:15.65200,1949.000,1
20:58:23.60900,1949.250,10
20:58:26.89000,1949.250,16
20:58:27.09300,1949.250,2
20:58:28.77300,1949.250,2
20:58:42.65600,1949.250,5
20:58:43.15600,1949.250,1
20:58:44.23400,1949.250,2
20:58:45.46400,1949.250,10
20:58:48.35500,1949.250,1
20:58:51.35100,1949.250,1
20:58:52.43700,1949.500,1
20:58:56.41700,1949.250,2
20:58:57.46400,1949.250,1
20:58:59.71800,1949.250,1
20:59:01.87500,1949.000,31
20:59:03.85900,1949.250,1
20:59:05.51500,1949.250,1
20:59:07.30400,1949.250,21
20:59:07.69900,1949.250,2
20:59:08.73400,1949.250,1
20:59:08.84300,1949.250,1
20:59:11.40600,1949.250,1
20:59:12.81600,1949.250,1
20:59:13.71000,1949.250,25
20:59:14.28900,1949.250,1
20:59:15.37100,1949.250,6
20:59:17.75300,1949.250,4
20:59:19.58900,1949.250,4
20:59:20.63200,1949.250,3
20:59:25.72200,1949.250,1
20:59:28.64400,1949.250,1
20:59:30.48800,1949.250,1
20:59:31.42900,1949.250,7
20:59:32.91000,1949.250,2
20:59:34.00300,1949.250,6
20:59:37.67500,1949.250,8
20:59:37.92500,1949.250,4
20:59:39.74200,1949.250,1
20:59:41.73400,1949.500,2
20:59:46.18700,1949.250,3
20:59:46.39000,1949.250,7
20:59:48.61300,1949.500,10
20:59:52.32000,1949.500,1
20:59:55.75700,1949.500,35
20:59:56.55800,1949.500,1
20:59:59.21400,1949.250,61
