06:00:00.76500,1936.000,0
06:00:02.58500,1936.000,1
06:00:03.14800,1936.250,1
06:00:03.21800,1936.000,1
06:00:03.48000,1936.000,1
06:00:08.66700,1936.000,2
06:00:09.53100,1936.000,1
06:00:10.51900,1936.250,1
06:00:12.39400,1936.250,4
06:00:13.19100,1936.250,1
06:00:13.78100,1936.000,1
06:00:16.05000,1936.000,1
06:00:16.37100,1936.250,110
06:00:17.08200,1936.250,7
06:00:18.10900,1936.250,13
06:00:18.71000,1936.250,15
06:00:21.30800,1936.250,1
06:00:21.75000,1936.250,1
06:00:28.38600,1936.250,1
06:00:30.02300,1936.250,1
06:00:31.20700,1936.250,1
06:00:33.03900,1936.250,39
06:00:34.95700,1936.250,1
06:00:36.21000,1936.500,2
06:00:36.33200,1936.500,1
06:00:37.14400,1936.500,1
06:00:38.16000,1936.500,2
06:00:38.25700,1936.500,1
06:00:38.49200,1936.500,67
06:00:38.66000,1936.500,19
06:00:38.75700,1936.500,3
06:00:38.82800,1936.500,3
06:00:38.89000,1936.250,15
06:00:40.96800,1936.500,25
06:00:41.02300,1936.250,3
06:00:41.27300,1936.500,25
06:00:41.31600,1936.250,7
06:00:42.31600,1936.250,8
06:00:43.66000,1936.500,12
06:00:45.01100,1936.500,1
06:00:46.72600,1936.250,10
06:00:48.36300,1936.250,10
06:00:49.33900,1936.500,6
06:00:51.26500,1936.500,7
06:00:55.08500,1936.500,11
06:00:55.12100,1936.250,2
06:00:55.35100,1936.250,5
06:00:55.41700,1936.750,1
06:00:56.26500,1936.500,6
06:00:59.44500,1936.750,1
06:01:03.02700,1936.750,2
06:01:03.26900,1936.750,1
06:01:05.90200,1936.500,2
06:01:11.51900,1936.500,1
06:01:13.75000,1936.500,5
06:01:14.31600,1936.750,2
06:01:23.08900,1936.750,1
06:01:28.12500,1936.750,1
06:01:28.59300,1936.500,1
06:01:30.85900,1936.750,1
06:01:31.76900,1936.500,5
06:01:41.00300,1936.500,1
06:01:46.41400,1936.750,3
06:01:46.79200,1936.750,1
06:01:47.50700,1936.500,11
06:01:48.97200,1936.750,1
06:01:51.22600,1936.750,1
06:01:57.32800,1936.750,1
06:02:09.28100,1936.750,6
06:02:13.39800,1936.500,1
06:02:18.73800,1936.750,2
06:02:19.74200,1936.500,5
06:02:20.25300,1936.500,3
06:02:22.28100,1936.500,2
06:02:24.53900,1936.500,1
06:02:34.37100,1936.750,1
06:02:42.64800,1936.750,10
06:02:44.26100,1936.750,24
06:02:45.55400,1936.500,1
06:02:46.48800,1936.750,1
06:02:46.68700,1936.750,2
06:02:50.26900,1936.500,3
06:03:11.21400,1936.500,84
06:03:13.07000,1936.500,38
06:03:16.94100,1936.750,14
06:03:18.37500,1936.750,9
06:03:20.73000,1936.750,38
06:03:33.12100,1936.500,2
06:03:39.71400,1936.750,1
06:03:42.69100,1936.500,1
06:03:50.57400,1936.750,125
06:03:50.77700,1936.750,75
06:03:51.05400,1936.750,3
06:03:51.30000,1936.750,3
06:03:51.34700,1936.750,1
06:03:52.00300,1937.000,5
06:03:57.69900,1937.000,1
06:04:10.21000,1937.000,2
06:04:14.34700,1937.000,1
06:04:14.75700,1937.000,10
06:04:15.42100,1937.000,4
06:04:18.42900,1937.000,1
06:04:22.54600,1937.000,1
06:04:24.22600,1937.000,1
06:04:25.00000,1936.750,1
06:04:29.85500,1937.000,5
06:04:38.32000,1937.000,1
06:04:41.21000,1937.000,5
06:04:41.37500,1937.000,1
06:04:43.87800,1936.750,1
06:04:48.79200,1936.750,131
06:04:48.79200,1936.750,15
06:04:53.81600,1936.500,1
06:05:05.84700,1936.500,111
06:05:06.03500,1936.500,17
06:05:24.26900,1936.500,1
06:05:25.05000,1936.500,1
06:05:33.96800,1936.750,5
06:05:39.28900,1936.500,2
06:05:44.87100,1936.750,1
06:05:51.91700,1936.500,1
06:05:59.25300,1936.500,1
06:06:08.33500,1936.750,170
06:06:17.83200,1936.500,8
06:06:18.18700,1936.750,1
06:06:23.73800,1936.750,1
06:06:42.88600,1936.750,1
06:06:43.50700,1936.750,35
06:06:47.17900,1936.750,6
06:06:48.37800,1936.750,1
06:07:07.42900,1936.500,195
06:07:13.05000,1936.500,50
06:07:15.47200,1936.250,5
06:07:20.54200,1936.250,1
06:07:29.49600,1936.250,2
06:07:33.05400,1936.500,1
06:07:33.59700,1936.500,1
06:07:51.87100,1936.500,1
06:08:09.69100,1936.250,4
06:08:14.34300,1936.500,1
06:08:15.46000,1936.500,1
06:08:18.04200,1936.500,1
06:08:18.39000,1936.500,1
06:08:21.40200,1936.750,140
06:08:22.34300,1936.750,26
06:08:42.07800,1936.750,46
06:08:42.62800,1936.750,1
06:08:42.82800,1936.500,9
06:08:45.75000,1936.750,18
06:08:48.82000,1936.750,1
06:08:55.37800,1937.000,2
06:08:57.53900,1937.000,2
06:09:19.26100,1936.750,96
06:09:19.42500,1936.750,8
06:09:19.49200,1936.750,18
06:09:20.58900,1936.750,5
06:09:23.70700,1936.500,1
06:09:25.70300,1936.500,1
06:09:33.11700,1936.750,21
06:09:47.37100,1936.750,8
06:09:52.70700,1936.500,9
06:09:58.87800,1936.750,1
06:10:06.74600,1936.750,3
06:10:09.05800,1936.750,1
06:10:12.87500,1936.750,78
06:10:17.39400,1936.500,2
06:10:19.85900,1936.750,1
06:10:20.77700,1936.500,1
06:10:27.25700,1936.750,2
06:10:36.22600,1936.750,9
06:10:43.39000,1936.750,3
06:10:52.76900,1936.750,2
06:11:07.21000,1936.500,21
06:11:13.69900,1936.500,1
06:11:32.85500,1936.500,1
06:11:54.78100,1936.500,8
06:11:55.62100,1936.750,2
06:11:58.94500,1936.500,1
06:12:06.23400,1936.500,2
06:12:16.23800,1936.500,3
06:12:31.23800,1936.500,1
06:12:42.55000,1936.500,8
06:12:49.07000,1936.500,1
06:12:51.72200,1936.750,1
06:12:52.55800,1936.500,1
06:12:53.57800,1936.750,1
06:12:54.26100,1936.500,1
06:12:59.72600,1936.750,71
06:13:09.38600,1936.750,2
06:13:10.73800,1936.750,1
06:13:26.39000,1936.750,1
06:13:57.45300,1936.750,1
06:14:06.32400,1936.750,2
06:14:12.90600,1936.500,2
06:14:17.86700,1936.750,20
06:14:36.86300,1936.750,5
06:14:59.96800,1936.500,1
06:15:10.33500,1936.750,3
06:15:14.62100,1936.500,1
06:15:16.39400,1936.750,1
06:15:16.97200,1936.500,1
06:15:30.30400,1936.750,87
06:15:31.31600,1936.750,5
06:15:33.36700,1936.750,16
06:15:33.70300,1936.750,1
06:15:34.03100,1936.500,2
06:15:43.78500,1936.500,1
06:15:43.87100,1936.750,31
06:15:44.91000,1936.750,3
06:15:47.49200,1936.750,17
06:15:48.74200,1936.750,1
06:15:49.54600,1936.750,5
06:15:54.65600,1936.750,2
06:15:56.72200,1936.750,72
06:15:57.91400,1936.500,2
06:15:58.24200,1936.500,2
06:15:58.74200,1936.750,1
06:15:59.95700,1936.750,1
06:16:19.89000,1937.000,155
06:16:24.49600,1937.000,5
06:16:36.42100,1936.750,97
06:16:36.91400,1936.750,8
06:16:38.52300,1936.750,19
06:16:42.82800,1936.750,1
06:16:50.52300,1936.750,25
06:17:23.39800,1936.750,45
06:17:30.79200,1936.750,2
06:17:31.79600,1936.500,1
06:17:32.06200,1936.500,1
06:17:36.65600,1936.750,1
06:17:39.69900,1936.500,1
06:17:42.08900,1936.500,1
06:17:42.42100,1936.750,4
06:17:46.61700,1936.500,5
06:17:54.50300,1936.750,1
06:18:08.66400,1936.500,2
06:18:16.92100,1936.500,2
06:18:26.87800,1936.750,1
06:18:27.43300,1936.500,1
06:18:42.41700,1936.750,51
06:18:42.84300,1936.750,6
06:18:47.83500,1936.750,6
06:18:50.08900,1936.750,8
06:18:52.25700,1936.750,2
06:18:56.67900,1936.750,15
06:19:13.20300,1936.750,19
06:19:30.39800,1937.000,1
06:19:33.41000,1936.750,69
06:19:33.66000,1936.750,35
06:19:36.29600,1936.750,17
06:19:36.47600,1936.750,2
06:19:37.14000,1936.750,22
06:19:40.25700,1936.750,8
06:19:45.29200,1936.750,10
06:19:48.44900,1936.750,8
06:19:56.28100,1936.750,1
06:19:59.47600,1936.750,1
06:20:20.13600,1936.750,6
06:20:24.64000,1936.500,3
06:20:28.73400,1936.500,1
06:20:33.88200,1936.750,1
06:20:46.96000,1936.500,157
06:20:50.03900,1936.250,5
06:20:53.63600,1936.250,2
06:21:03.16000,1936.250,2
06:21:14.57400,1936.250,1
06:21:32.57800,1936.500,98
06:21:33.72200,1936.500,1
06:21:37.40600,1936.750,1
06:21:39.46400,1936.500,17
06:21:45.01900,1936.500,8
06:21:46.07000,1936.500,8
06:21:49.64800,1936.500,19
06:21:51.01100,1936.500,3
06:21:56.82400,1936.500,1
06:22:13.25300,1936.500,3
06:22:14.65200,1936.500,5
06:22:16.58500,1936.500,41
06:22:31.63200,1936.500,68
06:22:32.69500,1936.500,2
06:22:36.35900,1936.500,5
06:22:37.21400,1936.500,1
06:22:41.21000,1936.500,22
06:22:41.91400,1936.500,52
06:22:44.97200,1936.250,10
06:22:46.06200,1936.500,12
06:22:47.12100,1936.500,25
06:22:57.51100,1936.500,23
06:23:11.20300,1936.250,2
06:23:13.18700,1936.500,12
06:23:17.56600,1936.500,7
06:23:18.59300,1936.500,5
06:23:21.10900,1936.500,2
06:23:28.55800,1936.500,4
06:24:15.16000,1936.500,45
06:24:21.19900,1936.500,7
06:24:24.14800,1936.500,4
06:24:38.04600,1936.500,4
06:24:38.30800,1936.750,1
06:24:38.82000,1936.750,1
06:24:38.96800,1936.500,5
06:24:45.74200,1936.500,9
06:24:46.00000,1936.250,1
06:24:54.35100,1936.500,86
06:25:11.12800,1936.500,2
06:25:22.37500,1936.500,1
06:25:23.42100,1936.750,72
06:25:25.81600,1936.750,4
06:25:26.64400,1936.750,2
06:25:30.03500,1937.000,2
06:25:32.08200,1937.000,1
06:25:37.76500,1937.000,1
06:25:39.11300,1937.000,1
06:25:43.96400,1936.750,1
06:25:45.51100,1937.000,1
06:25:51.41000,1937.000,1
06:25:52.15600,1937.000,1
06:25:54.12800,1937.000,87
06:25:54.20300,1936.750,1
06:25:54.35500,1937.000,2
06:25:55.02700,1937.000,2
06:26:00.37100,1937.000,1
06:26:07.54200,1937.500,54
06:26:08.05000,1937.500,7
06:26:08.45300,1937.500,9
06:26:08.72200,1937.250,3
06:26:09.90600,1937.250,3
06:26:16.46400,1937.250,5
06:26:17.17900,1937.250,6
06:26:18.76900,1937.250,1
06:26:19.14400,1937.250,1
06:26:29.23800,1937.250,1
06:26:32.21800,1937.250,1
06:26:33.21800,1937.250,5
06:26:33.66000,1937.500,4
06:26:34.16700,1937.500,126
06:26:34.33500,1937.750,4
06:26:34.55400,1937.500,19
06:26:34.82000,1937.500,2
06:26:40.05800,1937.750,2
06:26:41.63600,1937.750,1
06:26:43.38600,1937.750,3
06:26:43.61300,1937.750,1
06:26:44.95300,1937.750,1
06:26:45.44900,1937.750,1
06:26:45.93300,1937.750,53
06:26:46.56600,1937.750,11
06:26:47.66000,1937.750,9
06:26:48.15200,1937.750,2
06:26:51.78100,1937.750,9
06:26:51.95300,1938.000,21
06:26:53.28900,1937.750,29
06:26:53.96800,1937.750,2
06:26:55.46400,1938.000,82
06:26:55.60900,1938.000,46
06:26:55.68700,1938.000,7
06:27:06.84300,1938.000,3
06:27:09.65600,1937.750,4
06:27:10.56600,1938.000,1
06:27:13.69500,1938.000,33
06:27:14.19100,1938.000,4
06:27:14.37800,1938.000,1
06:27:16.00700,1938.000,1
06:27:16.48800,1938.000,5
06:27:18.32800,1937.750,1
06:27:19.67500,1937.750,1
06:27:24.91000,1937.750,1
06:27:27.13200,1938.000,1
06:27:29.24600,1938.000,5
06:27:31.24600,1938.000,1
06:27:36.10900,1937.750,1
06:27:36.83200,1937.750,1
06:27:40.54600,1938.000,1
06:27:42.80400,1938.000,4
06:27:48.14000,1938.000,1
06:27:48.77300,1938.000,1
06:27:58.41000,1938.000,2
06:28:19.56200,1937.750,4
06:28:21.07000,1937.750,1
06:28:22.39000,1938.000,3
06:28:22.91700,1937.750,1
06:28:24.89400,1937.750,1
06:28:25.53100,1938.000,1
06:28:29.76500,1937.750,1
06:28:32.29600,1938.000,7
06:28:35.59300,1938.000,5
06:28:36.11300,1938.000,1
06:28:36.67500,1938.000,3
06:28:38.31600,1937.750,4
06:28:38.96000,1938.000,1
06:28:48.59700,1938.000,2
06:28:48.87800,1938.000,1
06:28:49.41000,1937.750,1
06:28:53.76100,1938.000,1
06:28:54.03100,1938.000,1
06:28:59.71800,1937.750,2
06:29:02.37100,1937.750,2
06:29:06.12500,1938.000,1
06:29:07.17100,1937.750,1
06:29:11.63600,1937.750,5
06:29:16.54200,1938.000,10
06:29:26.25000,1938.000,1
06:29:32.10100,1937.750,1
06:29:33.29600,1937.750,4
06:29:43.48400,1937.750,5
06:29:46.67900,1937.750,3
06:29:48.21000,1937.500,112
06:29:48.26900,1937.500,20
06:29:48.36300,1937.500,4
06:29:48.48800,1937.500,6
06:29:48.62100,1937.750,5
06:29:52.30000,1937.500,1
06:29:53.86300,1937.500,1
06:29:55.90200,1937.750,1
06:29:59.49600,1937.500,1
06:29:59.97200,1937.500,11
06:30:00.13600,1937.500,4
06:30:03.31200,1937.750,1
06:30:04.92100,1937.500,1
06:30:06.69100,1937.500,3
06:30:08.02700,1937.500,1
06:30:10.49200,1937.750,41
06:30:20.59300,1937.500,61
06:30:29.19500,1937.500,1
06:30:30.74600,1937.750,1
06:30:33.91700,1937.500,4
06:30:36.25300,1937.500,2
06:30:37.28100,1937.500,2
06:30:41.69100,1937.500,6
06:30:41.76100,1937.500,1
06:30:44.74600,1937.750,1
06:30:45.19900,1937.500,1
06:30:49.66000,1937.750,5
06:31:00.91400,1937.500,115
06:31:01.16700,1937.750,6
06:31:04.95300,1937.500,21
06:31:05.19500,1937.500,1
06:31:10.83500,1937.500,131
06:31:11.36700,1937.250,2
06:31:14.37800,1937.500,2
06:31:22.16000,1937.250,72
06:31:23.01500,1937.250,21
06:31:23.09300,1937.500,1
06:31:23.20700,1937.250,1
06:31:23.37500,1937.250,3
06:31:27.28500,1937.250,26
06:31:56.79600,1937.500,1
06:31:57.48400,1937.250,49
06:32:03.68300,1937.250,18
06:32:10.14000,1937.250,26
06:32:11.42100,1937.000,2
06:32:14.18300,1937.000,28
06:32:15.53500,1937.000,52
06:32:16.77700,1937.000,77
06:32:18.44500,1937.000,18
06:32:19.28100,1937.000,1
06:32:25.32000,1936.750,90
06:32:25.56600,1936.750,67
06:32:27.32400,1936.750,1
06:32:28.09700,1936.750,19
06:32:29.14800,1936.750,11
06:32:29.22200,1936.750,9
06:32:34.54600,1937.000,24
06:32:34.79200,1937.000,3
06:32:37.17100,1937.000,2
06:32:38.07800,1936.750,4
06:32:41.09300,1936.750,1
06:32:46.69900,1936.750,1
06:32:47.92900,1936.750,4
06:32:48.74200,1936.750,1
06:32:55.87500,1936.750,2
06:33:03.28100,1937.000,5
06:33:15.55800,1937.000,1
06:33:15.90200,1937.000,6
06:33:17.10500,1937.000,3
06:33:18.26900,1936.750,2
06:33:21.18700,1937.000,1
06:33:21.51900,1936.750,1
06:33:23.24200,1936.750,1
06:33:30.53100,1937.000,1
06:33:33.15600,1936.750,1
06:33:39.14800,1937.000,1
06:33:45.00000,1937.000,1
06:33:45.42500,1936.750,1
06:33:53.14800,1936.750,1
06:33:54.05000,1936.750,10
06:33:58.91000,1936.750,1
06:33:59.21800,1936.750,32
06:34:12.79200,1936.750,51
06:34:28.71400,1936.500,1
06:34:33.91000,1936.500,3
06:34:35.91000,1936.750,2
06:34:46.94900,1936.500,131
06:34:52.22600,1936.500,1
06:35:19.11300,1936.500,2
06:35:22.94500,1936.750,1
06:35:23.08900,1936.500,44
06:35:23.60100,1936.500,33
06:35:24.01100,1936.250,31
06:35:24.28900,1936.500,7
06:35:27.66400,1936.500,18
06:35:31.37800,1936.500,3
06:35:36.74200,1936.250,1
06:35:38.51100,1936.500,5
06:35:39.40600,1936.500,17
06:35:48.72600,1936.500,1
06:35:51.49200,1936.500,2
06:35:52.68700,1936.500,10
06:35:55.45300,1936.500,15
06:36:12.77300,1936.750,4
06:36:14.83200,1936.750,24
06:36:16.52700,1936.750,55
06:36:16.78500,1936.500,2
06:36:25.14800,1936.750,3
06:36:27.28500,1936.750,1
06:36:40.48800,1936.500,1
06:36:42.53500,1936.750,8
06:36:47.41000,1936.750,16
06:36:51.40200,1936.750,15
06:36:59.43700,1936.750,5
06:37:08.28500,1936.750,16
06:37:14.05000,1936.750,11
06:37:17.44500,1936.750,7
06:37:31.77300,1936.750,10
06:37:52.05400,1936.750,1
06:37:57.93700,1937.000,93
06:37:58.83900,1937.250,1
06:38:07.94900,1937.250,3
06:38:32.95700,1937.000,1
06:38:33.42900,1937.250,1
06:38:35.88600,1937.000,2
06:38:51.66400,1937.250,7
06:39:21.20700,1937.000,48
06:39:22.81200,1937.000,1
06:39:26.89400,1937.000,1
06:39:32.46400,1937.000,11
06:39:40.85500,1936.750,1
06:39:45.42500,1936.750,2
06:39:49.72600,1936.750,1
06:39:50.65600,1936.750,4
06:39:55.49200,1937.000,1
06:40:06.77300,1937.000,5
06:40:09.07000,1937.000,1
06:40:09.77700,1937.000,1
06:40:10.10900,1937.000,1
06:40:17.43300,1937.000,2
06:40:22.90600,1936.750,1
06:40:24.66000,1936.750,41
06:40:24.74200,1936.500,1
06:40:25.82000,1936.750,12
06:40:32.38600,1937.000,10
06:40:38.55400,1937.000,1
06:40:43.36700,1936.750,35
06:40:50.04200,1936.750,1
06:40:53.95700,1936.750,1
06:40:57.25700,1937.000,1
06:41:14.77300,1936.750,3
06:41:16.40600,1936.750,50
06:41:20.17900,1936.750,70
06:41:32.63600,1937.000,1
06:41:33.77700,1936.750,39
06:41:39.82800,1936.750,1
06:41:42.64800,1936.750,1
06:41:43.84700,1937.000,17
06:41:44.21000,1937.000,1
06:41:44.62100,1936.750,1
06:41:50.57400,1936.750,1
06:41:51.31200,1936.750,1
06:41:54.20700,1936.750,1
06:41:57.37500,1936.750,1
06:41:58.30000,1936.750,1
06:42:03.48400,1936.750,3
06:42:04.30000,1936.750,1
06:42:06.56600,1936.750,2
06:42:22.10500,1936.750,3
06:42:26.13600,1937.000,10
06:42:27.12800,1936.750,1
06:42:31.82800,1936.750,3
06:42:32.09300,1937.000,1
06:42:38.58200,1937.000,1
06:42:45.59700,1937.000,1
06:42:45.70300,1937.000,50
06:42:45.88200,1937.250,69
06:42:45.95700,1937.000,21
06:42:46.87100,1937.250,14
06:42:47.47200,1937.500,2
06:42:48.53500,1937.500,1
06:42:55.64800,1937.500,1
06:42:56.62800,1937.500,1
06:42:56.83200,1937.500,81
06:42:56.85100,1937.500,20
06:42:57.78100,1937.500,1
06:42:59.19900,1937.500,1
06:43:04.63200,1937.500,115
06:43:05.57800,1937.500,2
06:43:09.92100,1937.750,2
06:43:10.02700,1937.750,1
06:43:12.42900,1937.750,1
06:43:16.53100,1937.500,1
06:43:18.69100,1937.500,4
06:43:20.73000,1937.500,1
06:43:21.14800,1937.500,1
06:43:21.75700,1937.500,1
06:43:22.42500,1937.500,18
06:43:23.41400,1937.500,1
06:43:24.41000,1937.500,1
06:43:28.33900,1937.500,1
06:43:28.59300,1937.250,1
06:43:31.46400,1937.250,1
06:43:35.32800,1937.250,1
06:43:37.80400,1937.250,1
06:43:39.97200,1937.250,1
06:43:40.19100,1937.250,1
06:43:44.33500,1937.500,1
06:43:49.50000,1937.250,1
06:43:50.32800,1937.250,1
06:43:52.73400,1937.250,2
06:43:57.81200,1937.250,1
06:43:59.13600,1937.250,1
06:44:01.27700,1937.500,2
06:44:04.82800,1937.500,1
06:44:11.60900,1937.250,1
06:44:11.73800,1937.500,175
06:44:13.16400,1937.250,1
06:44:16.65200,1937.500,5
06:44:17.54200,1937.250,62
06:44:18.66700,1937.250,1
06:44:20.17900,1937.250,5
06:44:20.87800,1937.250,1
06:44:21.51900,1937.250,4
06:44:22.52300,1937.250,8
06:44:23.58200,1937.250,14
06:44:23.71800,1937.250,1
06:44:24.17100,1937.250,1
06:44:27.40200,1937.000,52
06:44:28.45700,1937.000,1
06:44:28.95700,1937.000,10
06:44:32.33500,1937.000,7
06:44:35.32800,1937.000,1
06:44:39.69500,1937.000,2
06:44:49.21800,1937.000,7
06:44:52.37500,1937.000,3
06:44:55.95300,1937.000,29
06:44:57.20300,1937.000,16
06:44:59.62100,1937.000,32
06:45:12.92100,1937.000,3
06:45:17.46800,1936.750,1
06:45:18.46000,1937.000,1
06:45:24.42900,1937.000,1
06:45:34.20300,1937.000,1
06:45:56.08900,1936.750,1
06:45:57.92900,1937.000,1
06:46:07.13200,1936.750,173
06:46:07.19500,1936.500,1
06:46:07.52700,1936.750,1
06:46:20.23000,1936.750,1
06:46:30.01900,1936.500,1
06:46:31.25700,1936.500,1
06:46:32.46000,1936.500,1
06:46:41.64800,1936.500,85
06:46:44.32000,1936.500,1
06:46:45.10500,1936.500,1
06:46:47.10100,1936.500,1
06:46:48.63200,1936.500,24
06:46:49.51100,1936.500,1
06:46:51.51500,1936.500,1
06:46:57.82400,1936.750,2
06:47:02.55800,1936.750,7
06:47:04.37800,1936.500,2
06:47:07.24600,1936.500,1
06:47:08.69900,1936.750,2
06:47:09.96400,1936.500,1
06:47:16.28500,1936.500,4
06:47:16.48000,1936.500,2
06:47:20.49200,1936.750,1
06:47:27.78100,1936.500,1
06:47:29.37500,1936.750,58
06:47:30.25700,1936.750,11
06:47:39.75300,1936.500,47
06:47:41.14400,1936.500,4
06:47:42.23800,1936.500,4
06:47:44.86700,1936.500,5
06:47:51.19100,1936.500,2
06:47:51.57000,1936.250,10
06:47:52.50300,1936.500,7
06:47:53.08900,1936.500,1
06:47:54.34300,1936.500,1
06:47:54.69100,1936.500,1
06:47:58.26100,1936.500,15
06:48:04.80000,1936.500,2
06:48:05.92100,1936.500,2
06:48:07.96400,1936.500,2
06:48:09.11700,1936.500,1
06:48:15.44900,1936.500,2
06:48:16.64000,1936.500,1
06:48:22.33500,1936.500,5
06:48:23.85900,1936.750,1
06:48:26.51500,1936.750,1
06:48:27.12800,1936.500,1
06:48:28.05400,1936.500,4
06:48:28.85900,1936.750,211
06:48:31.25000,1936.750,22
06:48:34.51900,1936.500,1
06:48:45.76100,1936.500,1
06:48:52.50700,1936.500,6
06:48:55.23000,1936.500,4
06:48:55.62800,1936.500,2
06:49:07.84700,1936.500,33
06:49:08.47200,1936.750,1
06:49:14.14000,1936.500,3
06:49:14.76500,1936.500,28
06:49:16.25000,1936.500,2
06:49:17.46000,1936.250,22
06:49:24.24200,1936.250,1
06:49:24.52700,1936.500,1
06:49:24.83900,1936.250,1
06:49:26.23400,1936.250,1
06:49:28.80000,1936.250,2
06:49:29.76900,1936.250,1
06:49:31.27700,1936.250,1
06:49:32.71000,1936.250,4
06:49:33.64800,1936.250,71
06:49:34.03900,1936.250,1
06:49:34.19500,1936.250,2
06:49:38.19100,1936.000,4
06:49:38.31200,1936.000,4
06:49:38.84300,1936.250,24
06:49:41.01900,1936.250,1
06:49:46.80000,1936.000,3
06:49:50.48400,1936.000,2
06:49:56.28500,1936.000,3
06:49:59.18700,1936.000,1
06:50:03.78100,1935.750,134
06:50:05.05000,1935.750,1
06:50:10.91700,1935.750,1
06:50:11.32800,1935.750,3
06:50:11.51100,1935.750,18
06:50:11.55400,1935.750,48
06:50:12.50700,1935.750,1
06:50:15.63200,1935.750,5
06:50:17.19100,1936.000,1
06:50:18.55800,1936.000,1
06:50:19.32000,1935.750,1
06:50:23.25000,1935.750,15
06:50:23.65200,1935.750,6
06:50:24.48800,1935.750,2
06:50:24.56200,1935.500,43
06:50:24.64400,1935.500,4
06:50:25.02300,1935.500,3
06:50:26.53500,1935.750,1
06:50:26.86700,1935.500,105
06:50:27.28100,1935.500,2
06:50:28.01100,1935.250,1
06:50:28.58500,1935.250,2
06:50:29.38200,1935.500,1
06:50:30.19900,1935.500,2
06:50:31.03900,1935.500,320
06:50:32.03500,1935.750,26
06:50:34.27300,1935.750,49
06:50:34.33900,1935.750,4
06:50:34.41700,1935.750,29
06:50:35.38200,1935.500,1
06:50:38.67100,1935.750,15
06:50:38.76100,1935.750,12
06:50:39.70300,1935.750,16
06:50:40.43700,1935.750,1
06:50:42.17100,1935.750,36
06:50:42.50000,1935.750,1
06:50:51.90200,1936.000,1
06:50:52.74600,1935.750,1
06:50:52.90200,1936.000,2
06:50:53.36300,1936.000,98
06:50:53.80400,1936.250,5
06:50:55.18700,1936.250,5
06:50:55.76100,1936.000,39
06:50:56.03100,1936.000,9
06:50:57.10100,1936.000,25
06:50:57.67500,1936.000,19
06:50:58.90600,1936.000,5
06:50:59.39800,1936.000,1
06:51:01.03900,1936.250,246
06:51:01.94100,1936.000,1
06:51:04.53100,1935.750,50
06:51:05.24600,1936.000,1
06:51:05.39000,1936.000,1
06:51:05.51500,1936.000,12
06:51:06.18300,1936.000,4
06:51:06.72200,1936.000,30
06:51:07.16700,1936.000,5
06:51:08.25000,1936.000,12
06:51:08.53900,1936.000,2
06:51:09.45300,1936.000,9
06:51:09.71800,1935.750,52
06:51:09.95300,1935.750,1
06:51:10.02700,1936.000,11
06:51:10.16000,1936.000,1
06:51:10.46800,1936.000,11
06:51:11.15200,1936.000,1
06:51:12.07400,1936.000,1
06:51:14.87500,1935.750,9
06:51:15.97200,1936.000,2
06:51:16.46000,1936.000,16
06:51:18.46400,1936.000,2
06:51:22.69900,1936.000,2
06:51:23.81200,1936.000,10
06:51:25.01100,1936.000,8
06:51:25.29600,1936.000,4
06:51:25.86700,1936.000,2
06:51:26.08900,1936.000,2
06:51:26.48800,1936.000,21
06:51:27.71400,1936.000,4
06:51:28.64800,1936.000,1
06:51:28.85500,1936.000,2
06:51:34.04200,1936.000,1
06:51:36.25000,1935.750,150
06:51:36.47600,1936.000,11
06:51:37.41700,1936.000,3
06:51:38.85100,1935.750,169
06:51:40.17500,1936.000,18
06:51:40.39800,1936.000,1
06:51:42.25700,1936.250,51
06:51:42.40200,1936.250,1
06:51:43.16000,1936.500,19
06:51:43.91000,1936.250,1
06:51:45.64000,1936.250,1
06:51:47.01900,1936.250,4
06:51:47.55000,1936.250,1
06:51:48.20700,1936.250,20
06:51:48.39000,1936.000,4
06:51:49.19500,1936.000,1
06:51:50.26100,1936.000,1
06:51:53.89800,1936.250,28
06:51:57.08200,1936.500,125
06:51:57.29200,1936.250,120
06:51:57.82400,1936.250,21
06:51:57.92500,1936.250,12
06:51:58.30000,1936.500,8
06:51:58.46000,1936.500,2
06:51:59.17500,1936.500,5
06:52:01.06600,1936.250,23
06:52:02.64400,1936.500,1
06:52:06.37800,1936.250,2
06:52:08.34300,1936.250,32
06:52:08.89800,1936.250,1
06:52:11.27700,1936.250,5
06:52:11.58500,1936.500,49
06:52:12.47600,1936.500,3
06:52:16.64000,1936.500,12
06:52:17.07400,1936.500,4
06:52:17.47600,1936.500,16
06:52:17.59300,1936.250,3
06:52:18.07000,1936.500,2
06:52:18.52700,1936.250,2
06:52:18.95300,1936.500,1
06:52:20.07400,1936.750,3
06:52:21.50000,1936.500,16
06:52:23.02300,1936.500,1
06:52:24.94900,1936.500,4
06:52:28.55400,1936.250,1
06:52:29.41400,1936.250,1
06:52:33.45300,1936.250,1
06:52:34.60100,1936.500,38
06:52:36.10900,1936.500,1
06:52:37.70700,1936.500,1
06:52:38.78100,1936.500,1
06:52:40.83900,1936.500,5
06:52:41.85100,1936.500,7
06:52:42.01100,1936.500,3
06:52:44.19100,1936.500,35
06:52:44.19900,1936.500,5
06:52:49.79600,1936.750,163
06:52:50.03900,1936.500,5
06:52:50.88600,1936.750,41
06:52:51.22200,1936.750,4
06:52:56.29200,1936.500,57
06:52:56.83500,1936.500,24
06:52:57.59700,1936.500,17
06:52:58.03500,1936.500,1
06:53:01.83200,1936.500,2
06:53:08.48800,1936.500,32
06:53:09.33200,1936.500,1
06:53:12.85100,1936.500,1
06:53:13.14800,1936.500,1
06:53:14.33200,1936.500,30
06:53:14.49200,1936.250,13
06:53:18.04200,1936.250,5
06:53:19.35500,1936.500,1
06:53:20.16700,1936.500,1
06:53:25.04200,1936.500,12
06:53:27.19100,1936.500,12
06:53:31.32000,1936.500,6
06:53:33.23400,1936.500,6
06:53:35.30800,1936.500,16
06:53:37.27300,1936.500,11
06:53:38.91700,1936.500,1
06:53:39.12500,1936.500,1
06:53:40.83500,1936.750,9
06:53:41.15200,1936.500,6
06:53:41.82000,1936.500,18
06:53:43.35100,1936.750,2
06:53:46.76500,1936.500,2
06:53:50.19100,1936.750,2
06:53:51.45700,1936.500,2
06:53:51.84700,1936.500,5
06:53:55.94900,1936.750,2
06:53:57.75000,1936.500,36
06:53:59.63600,1936.250,1
06:54:08.93700,1936.500,26
06:54:09.77700,1936.500,6
06:54:10.10500,1936.500,4
06:54:10.74600,1936.500,21
06:54:11.25700,1936.500,1
06:54:12.75300,1936.500,1
06:54:18.59700,1936.500,33
06:54:22.19500,1936.250,4
06:54:23.93300,1936.250,5
06:54:24.55400,1936.250,3
06:54:25.03100,1936.250,1
06:54:25.57400,1936.500,21
06:54:25.67500,1936.500,8
06:54:26.82400,1936.250,2
06:54:29.10100,1936.500,1
06:54:36.29600,1936.500,6
06:54:41.39000,1936.750,42
06:54:45.73400,1936.750,29
06:54:46.16700,1936.750,2
06:54:47.00700,1936.500,1
06:54:49.78900,1936.750,77
06:54:49.80000,1937.000,7
06:54:51.91000,1937.000,158
06:54:53.66400,1937.000,11
06:54:54.71000,1937.000,62
06:54:54.88600,1937.000,1
06:54:55.20700,1937.000,1
06:54:55.69100,1936.750,24
06:54:58.18300,1937.000,28
06:54:59.67500,1936.750,10
06:55:00.58200,1936.750,92
06:55:00.80800,1936.750,4
06:55:01.79200,1937.000,3
06:55:05.23800,1937.000,1
06:55:11.16000,1936.750,6
06:55:12.96000,1936.750,14
06:55:13.76500,1936.750,7
06:55:15.96800,1936.750,11
06:55:17.84300,1937.000,1
06:55:19.07800,1937.000,1
06:55:19.71000,1936.750,19
06:55:20.24200,1936.750,5
06:55:22.13600,1936.750,9
06:55:22.32800,1936.750,10
06:55:23.61300,1936.750,4
06:55:25.23000,1936.750,7
06:55:26.82800,1936.750,6
06:55:31.70300,1936.750,12
06:55:32.96000,1936.750,1
06:55:34.75300,1936.500,1
06:55:44.01100,1936.500,3
06:55:50.06600,1936.500,5
06:55:50.63600,1936.750,86
06:55:50.70700,1936.500,6
06:55:51.15600,1936.500,4
06:55:51.94100,1936.500,2
06:55:52.62100,1936.500,5
06:55:57.33200,1936.500,3
06:55:57.66400,1936.500,24
06:56:01.61300,1936.250,30
06:56:05.29600,1936.250,1
06:56:06.80000,1936.500,1
06:56:08.70300,1936.500,5
06:56:14.64800,1936.250,3
06:56:15.83500,1936.250,1
06:56:21.60100,1936.250,27
06:56:22.36700,1936.500,1
06:56:24.50300,1936.250,1
06:56:25.62100,1936.250,1
06:56:27.21000,1936.500,1
06:56:28.08200,1936.250,1
06:56:28.52700,1936.250,5
06:56:29.51500,1936.250,35
06:56:31.49200,1936.250,1
06:56:33.01100,1936.000,6
06:56:33.89800,1936.000,1
06:56:37.86300,1936.500,41
06:56:38.07800,1936.500,26
06:56:38.96000,1936.250,1
06:56:45.42900,1936.250,1
06:56:46.91000,1936.250,1
06:56:48.01100,1936.250,23
06:56:48.21000,1936.000,7
06:56:50.31200,1936.000,1
06:56:50.78900,1936.250,4
06:56:51.16400,1936.250,1
06:56:53.74600,1936.250,15
06:56:54.33900,1936.250,3
06:56:56.64000,1936.250,1
06:57:05.87100,1936.250,12
06:57:05.95700,1936.250,1
06:57:07.47200,1936.250,18
06:57:09.82400,1936.250,7
06:57:10.08200,1936.250,3
06:57:10.35900,1936.000,3
06:57:16.66700,1936.250,41
06:57:17.67900,1936.250,2
06:57:18.68300,1936.250,5
06:57:20.94900,1936.250,1
06:57:28.87100,1936.000,52
06:57:29.40200,1936.000,7
06:57:32.26500,1936.250,3
06:57:44.03500,1936.000,1
06:57:44.22600,1936.000,2
06:57:44.92100,1936.000,1
06:57:45.92500,1936.000,2
06:57:46.16400,1936.000,2
06:57:46.24600,1936.250,1
06:57:46.38600,1936.000,25
06:57:46.78100,1936.000,5
06:57:46.87800,1936.000,15
06:57:47.39800,1936.000,1
06:57:50.36300,1936.000,13
06:57:53.36700,1936.000,8
06:57:54.26100,1936.000,10
06:57:58.32000,1936.000,13
06:58:02.00300,1936.000,2
06:58:02.46800,1936.250,33
06:58:02.71800,1936.500,2
06:58:04.27700,1936.250,1
06:58:05.25700,1936.500,20
06:58:05.26500,1936.500,9
06:58:05.45700,1936.500,3
06:58:06.91400,1936.750,24
06:58:08.68300,1936.750,51
06:58:10.03100,1936.500,78
06:58:12.32800,1936.500,2
06:58:13.71800,1936.750,39
06:58:14.87100,1936.500,42
06:58:15.05400,1936.500,11
06:58:15.75700,1936.750,1
06:58:16.50700,1936.500,1
06:58:17.61700,1936.500,2
06:58:17.89400,1936.500,7
06:58:18.96000,1936.750,2
06:58:20.60100,1936.500,6
06:58:20.75300,1936.500,1
06:58:20.94900,1936.500,5
06:58:22.48000,1936.500,9
06:58:23.01100,1936.250,4
06:58:23.20700,1936.500,8
06:58:25.57800,1936.500,2
06:58:30.31600,1936.750,1
06:58:30.92900,1936.500,2
06:58:33.39400,1936.500,2
06:58:33.52700,1936.500,12
06:58:34.71400,1936.500,2
06:58:34.94900,1936.500,10
06:58:36.04600,1936.500,12
06:58:41.76100,1936.500,8
06:58:45.12800,1936.500,5
06:58:48.42100,1936.500,1
06:58:48.90600,1936.500,22
06:58:50.66700,1936.500,8
06:58:51.89000,1936.500,1
06:58:55.95700,1936.500,31
06:59:11.38200,1936.750,217
06:59:11.94100,1936.750,1
06:59:12.75300,1936.750,7
06:59:18.64000,1936.500,1
06:59:20.01500,1936.500,8
06:59:24.01100,1936.500,4
06:59:27.67100,1936.750,83
06:59:27.87800,1936.750,8
06:59:28.94500,1936.750,5
06:59:29.18700,1936.750,8
06:59:36.01100,1936.500,6
06:59:37.36700,1936.500,10
06:59:44.68700,1936.750,1
06:59:48.48400,1936.500,1
06:59:55.60900,1936.500,1
06:59:55.89000,1936.500,2
06:59:56.50700,1936.500,96
06:59:56.93700,1936.500,1
06:59:57.61300,1936.500,28
07:00:00.17900,1936.250,0
07:00:03.66400,1936.250,13
07:00:04.19900,1936.250,20
07:00:05.33900,1936.250,1
07:00:07.64800,1936.250,1
07:00:08.45700,1936.500,1
07:00:09.83900,1936.250,28
07:00:10.79600,1936.250,22
07:00:11.60500,1936.000,105
07:00:13.53100,1936.250,9
07:00:20.01500,1936.000,1
07:00:21.58500,1936.000,10
07:00:22.76100,1936.250,42
07:00:25.23000,1936.250,1
07:00:25.77700,1936.250,1
07:00:25.97200,1936.250,5
07:00:26.39000,1936.500,1
07:00:27.56600,1936.250,23
07:00:28.88600,1936.250,1
07:00:29.29200,1936.250,1
07:00:30.03100,1936.250,2
07:00:32.64000,1936.000,1
07:00:33.83500,1936.250,1
07:00:35.00700,1936.000,4
07:00:46.42900,1936.250,3
07:00:47.96000,1936.250,27
07:00:50.18700,1936.250,10
07:00:51.68300,1936.250,1
07:00:51.89400,1936.250,1
07:00:52.87500,1936.250,1
07:00:54.00700,1936.250,1
07:00:55.08500,1936.250,3
07:00:59.00000,1936.250,1
07:00:59.78900,1936.000,1
07:01:02.42900,1936.250,4
07:01:03.48400,1936.250,78
07:01:06.34300,1936.250,4
07:01:07.45300,1936.500,21
07:01:07.73000,1936.250,3
07:01:09.17500,1936.250,1
07:01:09.78900,1936.250,12
07:01:10.44100,1936.500,1
07:01:11.18700,1936.250,1
07:01:12.10900,1936.250,2
07:01:12.32800,1936.250,2
07:01:13.28500,1936.250,1
07:01:17.00700,1936.000,9
07:01:22.68700,1936.000,3
07:01:23.24600,1936.000,5
07:01:23.70300,1936.250,10
07:01:28.67500,1936.250,2
07:01:28.80000,1936.000,5
07:01:29.42100,1936.250,2
07:01:30.79600,1936.000,1
07:01:32.90600,1936.000,1
07:01:33.53500,1936.000,2
07:01:41.00000,1936.000,1
07:01:41.46800,1936.250,1
07:01:42.48000,1936.000,1
07:01:44.35500,1936.000,1
07:01:44.71000,1936.000,1
07:01:45.67500,1936.000,1
07:01:50.45700,1936.250,1
07:01:50.76900,1936.000,1
07:01:51.17900,1936.000,57
07:01:51.42500,1935.750,6
07:01:51.82800,1935.750,1
07:01:52.18700,1935.750,3
07:01:52.35100,1936.000,2
07:01:54.36700,1936.000,1
07:01:56.63200,1936.000,1
07:01:56.81600,1935.750,1
07:01:58.27700,1936.000,64
07:01:58.38600,1936.000,5
07:02:04.82800,1936.000,107
07:02:05.38600,1936.000,8
07:02:07.46000,1936.000,7
07:02:08.33900,1936.000,42
07:02:09.31200,1935.750,1
07:02:10.30000,1936.000,2
07:02:10.43300,1936.000,1
07:02:10.96000,1936.000,3
07:02:11.46800,1936.000,3
07:02:16.89800,1935.750,1
07:02:17.11700,1935.750,1
07:02:19.94100,1935.750,1
07:02:21.01100,1935.750,7
07:02:21.43300,1936.000,17
07:02:22.77300,1936.000,1
07:02:24.57400,1936.000,1
07:02:28.63600,1936.000,6
07:02:30.24200,1936.000,38
07:02:32.72600,1936.000,1
07:02:40.96800,1935.750,17
07:02:43.88200,1935.750,1
07:02:45.13200,1935.750,49
07:02:50.57400,1935.750,1
07:03:04.05800,1935.500,130
07:03:04.13600,1935.500,7
07:03:04.32000,1935.500,1
07:03:05.08900,1935.250,3
07:03:05.55800,1935.250,115
07:03:09.48800,1935.250,1
07:03:09.76500,1935.250,41
07:03:10.48400,1935.250,1
07:03:11.35100,1935.250,20
07:03:11.45300,1935.250,9
07:03:11.60500,1935.250,6
07:03:13.07400,1935.250,5
07:03:14.40200,1935.250,3
07:03:15.12100,1935.250,1
07:03:15.41000,1935.250,9
07:03:15.71800,1935.250,10
07:03:18.36300,1935.250,4
07:03:18.90600,1935.250,4
07:03:19.71800,1935.250,11
07:03:20.83900,1935.250,1
07:03:22.71400,1935.250,7
07:03:22.85500,1935.250,1
07:03:25.01500,1935.250,1
07:03:26.74200,1935.250,2
07:03:29.52300,1935.250,3
07:03:29.67500,1935.250,1
07:03:30.05800,1935.250,2
07:03:30.92900,1935.250,2
07:03:31.66000,1935.000,57
07:03:31.93300,1935.000,7
07:03:32.14000,1935.250,3
07:03:32.94500,1935.000,4
07:03:33.20300,1935.000,237
07:03:33.21400,1935.000,4
07:03:33.31200,1935.250,22
07:03:33.55800,1935.000,7
07:03:33.71400,1935.000,1
07:03:34.00700,1935.000,7
07:03:34.96000,1935.000,2
07:03:35.87100,1935.000,2
07:03:36.91000,1935.250,46
07:03:37.01500,1935.250,5
07:03:38.00000,1935.250,1
07:03:39.66000,1935.250,7
07:03:40.15200,1935.250,10
07:03:40.37100,1935.250,4
07:03:41.48400,1935.250,2
07:03:43.56600,1935.250,2
07:03:45.08500,1935.000,284
07:03:45.38600,1935.000,35
07:03:45.88600,1935.000,1
07:03:47.65200,1935.000,3
07:03:48.13600,1935.250,25
07:03:48.76500,1935.250,1
07:03:50.55800,1935.500,152
07:03:51.71000,1935.500,2
07:03:53.73400,1935.250,2
07:03:55.57800,1935.250,1
07:03:58.65200,1935.250,1
07:04:18.60500,1935.250,3
07:04:20.22200,1935.250,1
07:04:25.64800,1935.250,1
07:04:34.77300,1935.500,50
07:04:39.84700,1935.750,2
07:04:43.70700,1935.750,1
07:04:44.13600,1935.750,1
07:04:46.86300,1935.250,163
07:04:46.95700,1935.250,2
07:04:49.32000,1935.250,1
07:04:50.26500,1935.250,4
07:04:51.73800,1935.500,1
07:04:56.26500,1935.250,7
07:04:57.64000,1935.250,1
07:05:05.50300,1935.250,5
07:05:06.01500,1935.500,2
07:05:06.45700,1935.250,1
07:05:07.81200,1935.250,1
07:05:10.22200,1935.500,1
07:05:13.72600,1935.250,37
07:05:14.04200,1935.250,2
07:05:14.32400,1935.250,1
07:05:14.70300,1935.500,1
07:05:17.69900,1935.250,2
07:05:18.49600,1935.250,1
07:05:21.00700,1935.250,2
07:05:21.30000,1935.250,6
07:05:22.21400,1935.250,1
07:05:22.60100,1935.250,1
07:05:27.19500,1935.500,1
07:05:28.50700,1935.250,1
07:05:28.60900,1935.250,99
07:05:36.56200,1935.250,3
07:05:38.83200,1935.500,1
07:05:40.77300,1935.250,5
07:05:43.00700,1935.250,1
07:05:45.78100,1935.250,1
07:05:54.77300,1935.250,63
07:05:55.75000,1935.250,1
07:05:59.68700,1935.250,1
07:06:06.00700,1935.000,3
07:06:09.35500,1935.000,1
07:06:10.82400,1935.000,226
07:06:10.82400,1935.000,39
07:06:13.80800,1934.750,1
07:06:16.80800,1935.000,51
07:06:17.44100,1935.000,1
07:06:19.13600,1935.000,1
07:06:21.03100,1935.000,49
07:06:22.51100,1934.750,7
07:06:22.78100,1935.000,9
07:06:27.42900,1935.000,1
07:06:28.42500,1935.000,1
07:06:33.00700,1935.000,2
07:06:34.61300,1935.000,5
07:06:36.85900,1935.000,6
07:06:40.59700,1935.000,34
07:06:41.71400,1935.000,4
07:06:42.83500,1935.000,5
07:06:43.57400,1935.000,1
07:06:53.01100,1934.750,2
07:06:57.82000,1935.000,1
07:07:02.74600,1934.750,9
07:07:03.09700,1934.750,1
07:07:03.48800,1935.000,1
07:07:09.68300,1935.000,38
07:07:11.67900,1935.250,4
07:07:15.44100,1935.250,109
07:07:15.55800,1935.250,1
07:07:15.84300,1935.250,1
07:07:19.29200,1935.500,2
07:07:20.08200,1935.500,1
07:07:22.86700,1935.500,53
07:07:24.90600,1935.250,13
07:07:34.01100,1935.250,2
07:07:37.21800,1935.500,30
07:07:38.07800,1935.000,215
07:07:41.23000,1935.250,2
07:07:42.11300,1935.250,6
07:07:44.89000,1935.250,1
07:07:46.40200,1935.000,7
07:07:47.44500,1935.000,32
07:07:48.28900,1935.000,23
07:07:55.41700,1935.000,29
07:07:55.69500,1935.000,5
07:07:58.30800,1935.000,10
07:07:59.01900,1934.750,5
07:08:05.45700,1934.750,15
07:08:07.28900,1934.750,2
07:08:10.19100,1935.000,21
07:08:10.32800,1935.000,2
07:08:13.16400,1935.000,1
07:08:13.62100,1935.000,1
07:08:18.76900,1935.000,4
07:08:20.09300,1935.000,2
07:08:22.36300,1935.000,3
07:08:23.48000,1935.250,109
07:08:23.76100,1935.250,3
07:08:25.53100,1935.250,6
07:08:26.03500,1935.250,1
07:08:26.69500,1935.250,18
07:08:27.10100,1935.250,2
07:08:27.26900,1935.250,1
07:08:29.12800,1935.000,1
07:08:31.35900,1935.000,1
07:08:34.01100,1935.000,5
07:08:34.36700,1935.000,5
07:08:41.62500,1935.250,3
07:08:48.75300,1935.000,1
07:08:51.95700,1935.000,3
07:08:54.84300,1935.250,105
07:08:55.82400,1935.250,1
07:09:05.72200,1935.250,130
07:09:13.20300,1935.000,5
07:09:14.42100,1935.000,1
07:09:16.52700,1935.000,1
07:09:21.02700,1935.250,2
07:09:24.19100,1935.250,1
07:09:25.94900,1935.000,1
07:09:27.26500,1935.000,68
07:09:27.85500,1935.000,1
07:09:27.94100,1935.000,1
07:09:32.63200,1934.750,2
07:09:35.90200,1934.750,1
07:09:39.89400,1934.750,184
07:09:40.01500,1934.750,27
07:09:40.84300,1934.750,1
07:09:42.81200,1934.750,27
07:09:44.79600,1934.750,1
07:09:45.05800,1934.750,1
07:09:46.09700,1935.000,1
07:09:50.52700,1934.750,1
07:09:50.85900,1934.750,5
07:09:53.00700,1934.750,1
07:10:01.29200,1935.000,2
07:10:01.83200,1935.000,173
07:10:02.95700,1935.000,1
07:10:05.59300,1935.000,2
07:10:06.74200,1934.750,6
07:10:12.51100,1934.750,1
07:10:12.73800,1935.000,1
07:10:13.13600,1935.250,79
07:10:18.46400,1935.250,1
07:10:20.78500,1935.250,2
07:10:21.00700,1935.000,4
07:10:22.64000,1935.000,2
07:10:24.44500,1935.000,1
07:10:26.14800,1935.000,1
07:10:26.27300,1935.000,1
07:10:26.47200,1935.000,2
07:10:29.01100,1934.750,53
07:10:33.41700,1935.000,4
07:10:36.25700,1935.000,6
07:10:36.31600,1935.000,22
07:10:37.53900,1935.000,4
07:10:39.86300,1935.000,11
07:10:40.92100,1935.000,5
07:10:41.21800,1935.000,1
07:10:42.12100,1935.000,13
07:10:43.31600,1935.000,10
07:10:43.54600,1935.000,1
07:10:44.06600,1935.000,5
07:10:50.00700,1934.750,5
07:10:56.48400,1935.000,42
07:10:56.50700,1935.000,5
07:10:57.60100,1934.750,1
07:10:57.74200,1935.000,1
07:11:02.37500,1935.000,24
07:11:03.16700,1935.000,3
07:11:03.48800,1935.000,10
07:11:03.93300,1935.000,1
07:11:04.92500,1935.000,14
07:11:05.44500,1935.000,3
07:11:05.74200,1935.000,2
07:11:09.90200,1935.000,28
07:11:10.39800,1934.750,13
07:11:11.49200,1934.750,46
07:11:12.44900,1934.750,4
07:11:13.33900,1934.750,13
07:11:20.05000,1934.500,21
07:11:20.12800,1934.500,4
07:11:20.53900,1934.500,15
07:11:21.01100,1934.500,5
07:11:21.38600,1934.750,25
07:11:23.22600,1934.500,1
07:11:24.12500,1934.500,3
07:11:25.16700,1934.750,6
07:11:25.42900,1934.750,28
07:11:25.94500,1934.750,6
07:11:31.73800,1934.750,30
07:11:34.73400,1934.750,1
07:11:35.85100,1934.500,3
07:11:38.01100,1934.500,4
07:11:38.43700,1934.500,6
07:11:39.33900,1934.500,3
07:11:41.06600,1934.750,1
07:11:42.44100,1934.500,3
07:11:46.58200,1934.500,3
07:11:46.95300,1934.500,3
07:11:48.69500,1934.750,9
07:11:53.13600,1934.500,2
07:11:53.52300,1934.750,4
07:11:53.66400,1934.500,1
07:11:55.07800,1934.500,249
07:11:55.08500,1934.500,3
07:11:58.20300,1934.500,4
07:12:01.63600,1934.250,11
07:12:01.82400,1934.250,5
07:12:06.16700,1934.250,1
07:12:07.09700,1934.250,1
07:12:10.40200,1934.500,19
07:12:11.21000,1934.250,1
07:12:12.37800,1934.250,2
07:12:12.46400,1934.250,1
07:12:13.60900,1934.500,2
07:12:16.01500,1934.500,1
07:12:16.89000,1934.500,15
07:12:20.01100,1934.250,3
07:12:20.58500,1934.250,1
07:12:21.14000,1934.250,1
07:12:26.21000,1934.500,1
07:12:27.30800,1934.500,15
07:12:32.44900,1934.500,57
07:12:34.23000,1934.500,1
07:12:34.91700,1934.250,1
07:12:35.53900,1934.500,7
07:12:37.72200,1934.500,2
07:12:37.93300,1934.250,1
07:12:41.10100,1934.500,1
07:12:46.27700,1934.500,22
07:12:46.66400,1934.500,71
07:12:46.93700,1934.500,2
07:12:47.73000,1934.250,1
07:12:48.63600,1934.250,101
07:12:53.17100,1934.250,6
07:12:59.41400,1934.250,25
07:13:00.85900,1934.500,30
07:13:01.22600,1934.250,1
07:13:02.76500,1934.500,1
07:13:03.59300,1934.500,1
07:13:04.67900,1934.250,2
07:13:05.15600,1934.500,1
07:13:07.35100,1934.500,1
07:13:07.82000,1934.250,1
07:13:08.91000,1934.500,6
07:13:09.45300,1934.500,1
07:13:11.11300,1934.500,8
07:13:11.52300,1934.500,70
07:13:11.55800,1934.500,1
07:13:12.10900,1934.500,1
07:13:13.80400,1934.500,1
07:13:14.67900,1934.250,213
07:13:14.82000,1934.250,19
07:13:14.89000,1934.250,3
07:13:15.10900,1934.250,42
07:13:16.12800,1934.250,1
07:13:21.33200,1934.500,1
07:13:23.19900,1934.250,5
07:13:27.40600,1934.250,2
07:13:32.80000,1934.250,10
07:13:35.58200,1934.250,1
07:13:38.01100,1934.250,6
07:13:38.50000,1934.500,11
07:13:39.66000,1934.500,40
07:13:40.89400,1934.500,1
07:13:41.75700,1934.500,1
07:13:42.39800,1934.500,2
07:13:43.64000,1934.500,67
07:13:45.57400,1934.500,10
07:13:46.89400,1934.500,11
07:13:48.14400,1934.500,69
07:13:50.92500,1934.500,10
07:13:51.34700,1934.250,20
07:13:59.03900,1934.500,23
07:14:02.00700,1934.500,3
07:14:04.86300,1934.250,5
07:14:08.01100,1934.250,5
07:14:08.92500,1934.250,1
07:14:13.94900,1934.250,1
07:14:17.94100,1934.250,1
07:14:25.10900,1934.250,1
07:14:28.10500,1934.250,69
07:14:28.12100,1934.250,1
07:14:29.12500,1934.250,1
07:14:38.43700,1934.250,1
07:14:41.52700,1934.250,4
07:14:44.79600,1934.250,1
07:14:49.00700,1934.250,4
07:14:50.37500,1934.500,1
07:14:52.43700,1934.500,5
07:14:58.05800,1934.250,4
07:15:00.61300,1934.500,59
07:15:01.27700,1934.500,1
07:15:04.71800,1935.000,97
07:15:05.41400,1935.000,8
07:15:05.76500,1934.750,68
07:15:06.87100,1935.000,1
07:15:07.94900,1935.000,16
07:15:08.60100,1935.000,10
07:15:09.70300,1935.000,1
07:15:10.85100,1934.750,22
07:15:12.36300,1935.000,2
07:15:15.93700,1935.000,1
07:15:19.62100,1934.750,1
07:15:23.34300,1935.000,1
07:15:24.11300,1935.000,2
07:15:25.95700,1934.750,1
07:15:27.13600,1934.750,1
07:15:29.66700,1935.000,1
07:15:30.34700,1934.750,2
07:15:34.50700,1935.000,1
07:15:36.01100,1935.000,1
07:15:37.23800,1934.750,1
07:15:37.89000,1935.000,1
07:15:38.21000,1935.000,1
07:15:39.19100,1935.000,2
07:15:39.51100,1935.000,1
07:15:39.67500,1935.000,1
07:15:48.27700,1934.750,110
07:15:48.37500,1934.500,1
07:15:48.73400,1934.500,5
07:15:49.30800,1934.750,5
07:15:50.71800,1934.750,2
07:15:51.53500,1934.500,2
07:16:01.69500,1934.750,42
07:16:01.87800,1934.750,3
07:16:02.08500,1934.750,2
07:16:04.12100,1935.000,1
07:16:15.38600,1935.000,1
07:16:18.26500,1934.750,1
07:16:22.50300,1934.750,1
07:16:26.19500,1934.750,1
07:16:28.50000,1934.750,1
07:16:29.10500,1934.750,94
07:16:29.30800,1934.750,98
07:16:30.26500,1934.750,3
07:16:30.57400,1934.500,1
07:16:32.79600,1934.750,5
07:16:34.06200,1934.750,1
07:16:34.53900,1934.500,1
07:16:35.76900,1934.750,1
07:16:51.10500,1934.500,1
07:16:54.39000,1934.500,85
07:16:55.05800,1934.500,3
07:16:55.24600,1934.750,1
07:16:56.79200,1934.500,1
07:17:02.87100,1934.500,16
07:17:06.20700,1934.500,1
07:17:06.30400,1934.500,2
07:17:06.67500,1934.500,1
07:17:08.05800,1934.500,9
07:17:09.39800,1934.250,51
07:17:09.71000,1934.250,1
07:17:10.96800,1934.500,14
07:17:11.12800,1934.500,4
07:17:21.13800,1934.500,1
07:17:21.13800,1934.500,1
07:17:21.13800,1934.750,1
07:17:21.13800,1934.500,3
07:17:21.16400,1934.500,1
07:17:22.55000,1934.750,4
07:17:22.67100,1934.500,13
07:17:24.68700,1934.750,135
07:17:25.72200,1934.750,17
07:17:26.63600,1934.750,4
07:17:27.85100,1934.750,1
07:17:28.65200,1935.000,1
07:17:33.64400,1935.000,2
07:17:34.13200,1935.000,26
07:17:34.72200,1935.000,2
07:17:35.27300,1935.000,10
07:17:36.24200,1935.000,2
07:17:37.25000,1935.250,5
07:17:37.33500,1935.250,1
07:17:38.21800,1935.000,62
07:17:45.22200,1934.750,1
07:17:48.60900,1934.750,1
07:17:49.30000,1934.750,48
07:17:50.09700,1934.750,1
07:17:52.79600,1934.750,3
07:17:53.51500,1934.750,17
07:17:56.95700,1935.000,100
07:17:58.92900,1934.750,1
07:18:03.26900,1935.000,108
07:18:04.71800,1934.750,1
07:18:05.13600,1935.000,1
07:18:08.00700,1934.750,1
07:18:10.89800,1935.000,141
07:18:11.85100,1935.000,1
07:18:22.08700,1935.000,49
07:18:22.08700,1935.000,3
07:18:22.08700,1935.000,80
07:18:22.08700,1934.750,4
07:18:22.08700,1935.000,1
07:18:22.08700,1935.000,15
07:18:26.22200,1934.750,128
07:18:27.10100,1934.750,18
07:18:28.69900,1934.500,1
07:18:29.14800,1934.750,3
07:18:30.00700,1934.500,2
07:18:37.26100,1934.500,1
07:18:37.50300,1934.500,3
07:18:42.22600,1934.750,113
07:18:43.29600,1934.750,1
07:18:44.59300,1934.750,2
07:18:44.92900,1934.500,1
07:18:51.34700,1934.500,2
07:18:54.33200,1934.750,1
07:18:57.82800,1934.750,2
07:18:58.08900,1934.500,164
07:19:15.24200,1934.250,5
07:19:17.79600,1934.500,2
07:19:17.85500,1934.500,1
07:19:23.11300,1934.500,1
07:19:28.61300,1934.250,4
07:19:32.60500,1934.250,1
07:19:34.13200,1934.250,2
07:19:34.82800,1934.250,157
07:19:35.55000,1934.250,3
07:19:36.35900,1934.250,8
07:19:37.80000,1934.250,1
07:19:38.04200,1934.250,1
07:19:40.19100,1934.250,18
07:19:40.91400,1934.000,2
07:19:42.30000,1934.250,5
07:19:42.93300,1934.000,3
07:19:43.47600,1934.000,3
07:19:44.07800,1934.250,5
07:19:45.44900,1934.000,1
07:19:45.58200,1934.250,2
07:19:47.01900,1934.250,2
07:19:48.72600,1934.250,32
07:19:49.21000,1934.000,1
07:19:49.86300,1934.250,1
07:19:50.08900,1934.000,2
07:19:50.91400,1934.250,2
07:19:51.90200,1934.250,1
07:19:52.87100,1934.000,3
07:19:53.93700,1934.000,1
07:19:56.52700,1934.000,2
07:19:56.75300,1934.000,3
07:19:59.83900,1934.000,6
07:20:00.94100,1934.250,4
07:20:01.14800,1934.250,1
07:20:01.85500,1934.250,1
07:20:02.23400,1934.250,1
07:20:03.54200,1934.250,48
07:20:04.36700,1934.250,3
07:20:04.87100,1934.250,6
07:20:05.60100,1934.250,9
07:20:06.16000,1934.250,1
07:20:06.34700,1934.250,6
07:20:06.45700,1934.250,1
07:20:08.29600,1934.250,2
07:20:10.60500,1934.250,1
07:20:13.46400,1934.250,3
07:20:14.46800,1934.250,1
07:20:14.95300,1934.250,1
07:20:17.14400,1934.250,1
07:20:17.71400,1934.000,2
07:20:20.70700,1934.250,1
07:20:23.62800,1934.250,45
07:20:23.87800,1934.250,6
07:20:25.21800,1934.250,71
07:20:26.43300,1934.250,1
07:20:28.31200,1934.250,5
07:20:29.67100,1934.250,6
07:20:31.30800,1934.250,1
07:20:31.55800,1934.250,15
07:20:31.77300,1934.250,1
07:20:33.09300,1934.250,31
07:20:33.29200,1934.250,1
07:20:38.08200,1934.250,5
07:20:44.22600,1934.250,31
07:20:44.64000,1934.250,1
07:20:45.79600,1934.250,1
07:20:46.30000,1934.250,21
07:20:46.67100,1934.250,1
07:20:56.25000,1934.250,1
07:20:59.80400,1934.250,57
07:21:05.00000,1934.250,18
07:21:05.06600,1934.250,5
07:21:05.77300,1934.000,4
07:21:08.30400,1934.250,1
07:21:09.53500,1934.250,1
07:21:12.57000,1934.250,1
07:21:12.78900,1934.250,1
07:21:14.62500,1934.000,3
07:21:17.71000,1934.000,4
07:21:22.00700,1934.000,619
07:21:24.24200,1934.250,84
07:21:30.01500,1934.250,3
07:21:32.75000,1934.500,1
07:21:34.75000,1934.250,5
07:21:35.16400,1934.250,2
07:21:39.25000,1934.500,16
07:21:41.26100,1934.500,10
07:21:46.90200,1934.250,3
07:21:50.20300,1934.500,1
07:21:51.85500,1934.500,1
07:21:54.47200,1934.250,63
07:21:54.64800,1934.000,3
07:22:04.83200,1934.250,36
07:22:04.91000,1934.250,1
07:22:06.80800,1934.250,1
07:22:07.71000,1934.250,1
07:22:13.32800,1934.250,8
07:22:17.95300,1934.250,1
07:22:18.41000,1934.250,5
07:22:18.89800,1934.250,1
07:22:20.17100,1934.500,5
07:22:21.33900,1934.250,1
07:22:24.17100,1934.500,43
07:22:24.56200,1934.500,4
07:22:25.10900,1934.500,1
07:22:25.43300,1934.500,35
07:22:26.64800,1934.750,2
07:22:28.82000,1934.750,1
07:22:29.42900,1934.750,1
07:22:31.35900,1934.750,76
07:22:32.15600,1934.750,1
07:22:38.31200,1934.750,1
07:22:38.42900,1934.750,40
07:22:38.55000,1934.750,25
07:22:39.00700,1934.750,22
07:22:41.19900,1934.750,54
07:22:41.25000,1934.750,1
07:22:41.47600,1934.750,9
07:22:41.75000,1934.750,6
07:22:42.20300,1934.750,20
07:22:42.69500,1934.750,2
07:22:43.83200,1934.750,1
07:22:46.66400,1934.750,1
07:22:49.81600,1935.000,55
07:22:53.82000,1934.750,19
07:22:55.23400,1934.750,1
07:22:57.01100,1934.750,3
07:23:07.57000,1934.750,27
07:23:14.45300,1934.750,13
07:23:21.22600,1934.750,8
07:23:22.47200,1935.000,20
07:23:22.93300,1934.750,10
07:23:24.04200,1935.000,2
07:23:26.96800,1935.250,160
07:23:27.30400,1935.250,2
07:23:28.69500,1935.250,1
07:23:29.32400,1935.250,5
07:23:36.64400,1935.250,117
07:23:37.17500,1935.250,1
07:23:38.03500,1935.250,1
07:23:38.11300,1935.250,164
07:23:41.39000,1935.250,1
07:23:42.53500,1935.000,24
07:23:43.07400,1935.000,7
07:23:44.85900,1935.250,1
07:23:46.01500,1935.000,17
07:23:51.40200,1935.250,1
07:23:52.30000,1935.250,1
07:23:54.59300,1935.250,10
07:23:55.14400,1935.000,120
07:23:55.14800,1935.000,1
07:23:55.39000,1935.000,18
07:23:55.86700,1935.250,2
07:23:57.12800,1935.250,29
07:23:59.13200,1935.250,8
07:23:59.75300,1935.250,14
07:24:01.23000,1935.500,10
07:24:02.85900,1935.250,5
07:24:03.34700,1935.250,6
07:24:04.21400,1935.250,5
07:24:05.64800,1935.250,1
07:24:08.29600,1935.000,37
07:24:09.51500,1935.000,1
07:24:09.87500,1935.000,50
07:24:15.27300,1935.250,64
07:24:15.36300,1935.250,4
07:24:17.54600,1935.250,1
07:24:18.86300,1935.250,8
07:24:24.76100,1935.000,1
07:24:28.87500,1935.250,3
07:24:29.05400,1935.000,9
07:24:32.75300,1935.000,2
07:24:35.47200,1935.250,1
07:24:35.95300,1935.000,11
07:24:36.78900,1935.000,1
07:24:38.17900,1935.250,25
07:24:38.21000,1935.250,8
07:24:38.59300,1935.250,1
07:24:39.18700,1935.500,2
07:24:39.44100,1935.250,6
07:24:40.68300,1935.250,1
07:24:45.42100,1935.000,36
07:24:45.71800,1935.000,6
07:24:47.71800,1935.000,4
07:24:48.39000,1934.750,5
07:24:49.45700,1934.750,1
07:24:52.11700,1934.750,10
07:24:58.40600,1935.000,1
07:24:59.72600,1935.000,41
07:25:01.30000,1935.000,27
07:25:02.20700,1935.000,6
07:25:02.37100,1935.000,2
07:25:02.56200,1935.000,1
07:25:03.24600,1934.750,10
07:25:11.35500,1934.750,6
07:25:15.55000,1934.750,29
07:25:17.11700,1934.750,5
07:25:17.38600,1934.750,2
07:25:21.79600,1935.000,5
07:25:33.43300,1935.000,2
07:25:38.16700,1935.000,1
07:25:39.56600,1935.000,1
07:25:39.80400,1935.000,1
07:25:43.62800,1934.750,4
07:25:43.85100,1934.750,5
07:25:49.64400,1934.750,2
07:25:50.20700,1935.000,2
07:25:52.82400,1935.000,7
07:25:53.85900,1935.000,1
07:25:57.29600,1935.000,39
07:25:59.12800,1935.000,1
07:26:07.48000,1935.000,9
07:26:09.02300,1935.000,3
07:26:13.89800,1934.750,1
07:26:22.01100,1934.750,9
07:26:22.87800,1935.000,1
07:26:25.94100,1934.750,4
07:26:27.07000,1935.000,5
07:26:27.36700,1935.000,1
07:26:27.54600,1935.000,1
07:26:30.39400,1935.000,5
07:26:34.03100,1934.750,1
07:26:35.38600,1935.000,31
07:26:35.51500,1935.000,6
07:26:36.07000,1935.250,2
07:26:37.08500,1935.000,1
07:26:37.26500,1935.000,1
07:26:39.31600,1935.000,5
07:26:40.63600,1935.000,10
07:26:44.05800,1935.000,11
07:26:44.31200,1935.000,1
07:26:55.42500,1935.000,7
07:26:55.61700,1935.000,5
07:26:55.67500,1935.000,4
07:26:58.39800,1935.000,1
07:27:04.74200,1935.000,6
07:27:06.35900,1935.250,96
07:27:06.52300,1935.250,6
07:27:06.59700,1935.250,6
07:27:06.66700,1935.250,4
07:27:15.53500,1935.250,3
07:27:17.33900,1935.250,144
07:27:18.67500,1935.500,118
07:27:19.02300,1935.500,1
07:27:21.28900,1935.500,6
07:27:21.85500,1935.500,1
07:27:27.12500,1935.500,2
07:27:27.92900,1935.250,26
07:27:28.65200,1935.000,5
07:27:30.25300,1935.250,1
07:27:31.13200,1935.000,1
07:27:34.75300,1935.000,1
07:27:35.00700,1935.000,1
07:27:36.63200,1935.250,1
07:27:43.64400,1935.250,1
07:27:46.57000,1935.250,1
07:27:47.36300,1935.250,20
07:27:48.21400,1935.250,8
07:27:58.18300,1935.500,1
07:27:59.92500,1935.500,1
07:28:01.07400,1935.500,26
07:28:03.76500,1935.500,10
07:28:06.68700,1935.500,1
07:28:07.91700,1935.500,19
07:28:10.49200,1935.250,29
07:28:10.78100,1935.250,1
07:28:14.01100,1935.000,1
07:28:16.67500,1935.000,2
07:28:17.59300,1935.000,26
07:28:18.85900,1935.000,3
07:28:22.84300,1934.750,1
07:28:25.30000,1935.000,1
07:28:29.96800,1934.750,35
07:28:30.28900,1934.750,19
07:28:31.32000,1934.500,1
07:28:31.90200,1934.500,5
07:28:34.14800,1934.750,11
07:28:34.72600,1934.750,25
07:28:34.94900,1935.000,1
07:28:35.79600,1934.750,4
07:28:36.95300,1934.750,3
07:28:37.61700,1934.500,100
07:28:37.97200,1934.750,1
07:28:39.00000,1934.750,15
07:28:40.12800,1934.750,1
07:28:45.91400,1935.000,20
07:29:00.42900,1934.500,22
07:29:01.66700,1934.750,6
07:29:02.30000,1934.750,2
07:29:02.68700,1934.750,5
07:29:04.36300,1934.750,23
07:29:04.94100,1934.750,19
07:29:06.42100,1934.750,13
07:29:09.70700,1935.000,1
07:29:12.91400,1935.000,1
07:29:14.26100,1935.000,32
07:29:14.53900,1935.000,9
07:29:15.17500,1934.750,1
07:29:16.67900,1934.750,5
07:29:17.43700,1935.000,59
07:29:19.33200,1935.000,4
07:29:19.71000,1935.000,1
07:29:27.70700,1935.000,1
07:29:28.04200,1935.000,5
07:29:33.85500,1935.000,1
07:29:34.42100,1935.000,36
07:29:36.62100,1935.250,54
07:29:37.14000,1935.250,2
07:29:41.73000,1935.000,18
07:29:42.59300,1935.000,13
07:29:43.38200,1935.000,3
07:29:45.28100,1935.000,3
07:29:49.57800,1935.000,6
07:29:55.50700,1935.000,2
07:29:55.94100,1935.000,1
07:29:57.73800,1935.000,4
07:29:58.11300,1935.000,1
07:29:59.31600,1934.750,1
07:30:00.96000,1934.750,12
07:30:03.06600,1935.000,9
07:30:05.47600,1935.000,1
07:30:06.31600,1935.000,1
07:30:10.81200,1935.000,1
07:30:11.39800,1935.000,13
07:30:14.85500,1935.000,2
07:30:15.24600,1935.000,5
07:30:16.35500,1935.000,12
07:30:20.88600,1935.250,1
07:30:26.35500,1935.000,1
07:30:29.43300,1935.000,2
07:30:30.01900,1935.000,25
07:30:32.68700,1935.000,1
07:30:38.75000,1935.000,1
07:30:39.48800,1935.000,1
07:30:43.28100,1935.000,29
07:30:50.00700,1935.000,1
07:30:52.50700,1935.000,1
07:30:56.12500,1935.250,1
07:30:57.45300,1935.250,35
07:30:58.60900,1935.000,1
07:31:01.68700,1935.250,15
07:31:01.85500,1935.500,1
07:31:02.80800,1935.250,4
07:31:03.09300,1935.250,2
07:31:04.09700,1935.250,33
07:31:05.52300,1935.250,1
07:31:05.94900,1935.000,8
07:31:08.41700,1935.250,3
07:31:12.24600,1935.000,5
07:31:17.46400,1935.000,2
07:31:21.41000,1935.250,1
07:31:22.17100,1935.250,1
07:31:23.09300,1935.250,1
07:31:23.93300,1935.250,1
07:31:31.55400,1935.250,2
07:31:33.05400,1935.000,95
07:31:33.14400,1935.000,17
07:31:33.74600,1935.250,56
07:31:33.93300,1935.000,2
07:31:34.04200,1935.000,1
07:31:37.57800,1935.250,1
07:31:38.00700,1935.000,4
07:31:39.32800,1935.000,15
07:31:39.64800,1935.000,3
07:31:40.53100,1935.000,3
07:31:42.04600,1935.000,7
07:31:42.50300,1935.000,30
07:31:45.29200,1935.000,15
07:31:48.58200,1935.000,9
07:31:51.34300,1935.000,13
07:31:51.93700,1935.000,2
07:31:55.80800,1935.000,20
07:31:56.02300,1935.000,1
07:32:03.34300,1935.000,245
07:32:05.17900,1935.000,14
07:32:06.53100,1935.250,9
07:32:11.07400,1935.000,4
07:32:16.01900,1935.000,167
07:32:17.38600,1935.000,3
07:32:20.87500,1935.000,4
07:32:24.71000,1935.250,17
07:32:25.90600,1935.250,12
07:32:26.78900,1935.250,12
07:32:34.08200,1935.250,31
07:32:36.81200,1935.250,3
07:32:41.01100,1935.000,4
07:32:41.63200,1935.000,1
07:32:42.44900,1935.250,5
07:32:42.60100,1935.000,4
07:32:43.94900,1935.000,1
07:32:46.26900,1935.000,2
07:32:50.42100,1935.000,1
07:32:51.01900,1935.250,1
07:32:52.88600,1935.250,8
07:32:53.26500,1935.250,9
07:32:53.86700,1935.250,10
07:32:54.39400,1935.250,29
07:32:55.92100,1935.250,6
07:32:56.05000,1935.250,1
07:33:04.01500,1935.250,2
07:33:04.30800,1935.250,2
07:33:09.66400,1935.250,124
07:33:11.57000,1935.250,10
07:33:13.78500,1935.250,2
07:33:15.00700,1935.000,3
07:33:18.48800,1935.000,1
07:33:23.21400,1935.000,4
07:33:23.47600,1935.000,68
07:33:28.82000,1935.000,2
07:33:33.39800,1934.750,100
07:33:39.28900,1934.750,125
07:33:43.46400,1934.750,25
07:33:48.40600,1934.750,28
07:33:49.26900,1935.000,3
07:33:49.68700,1935.000,74
07:33:50.95300,1934.750,129
07:33:56.60100,1934.500,1
07:33:59.56600,1934.500,1
07:34:06.05800,1934.750,2
07:34:06.46400,1934.500,61
07:34:06.84300,1934.500,9
07:34:09.53100,1934.500,31
07:34:09.67500,1934.500,1
07:34:10.76100,1934.500,2
07:34:12.03500,1934.500,2
07:34:13.29600,1934.250,2
07:34:13.43300,1934.500,13
07:34:14.23000,1934.500,7
07:34:16.30000,1934.500,10
07:34:18.10100,1934.500,16
07:34:18.86700,1934.500,16
07:34:20.03100,1934.500,1
07:34:21.11300,1934.500,1
07:34:23.70700,1934.500,23
07:34:24.05800,1934.500,1
07:34:24.56200,1934.500,2
07:34:26.53100,1934.500,1
07:34:33.40200,1934.250,1
07:34:34.26100,1934.250,1
07:34:34.62500,1934.250,76
07:34:35.45700,1934.000,139
07:34:35.55400,1934.000,3
07:34:35.78500,1934.250,1
07:34:38.62500,1934.000,4
07:34:45.00700,1934.250,25
07:34:45.23400,1934.250,16
07:34:45.81200,1934.500,1
07:34:46.67500,1934.250,12
07:34:46.85500,1934.250,2
07:34:47.66700,1934.500,5
07:34:48.14400,1934.250,2
07:34:49.36700,1934.250,1
07:34:50.02700,1934.250,1
07:34:54.10100,1934.250,10
07:34:54.58500,1934.250,2
07:34:55.80800,1934.250,1
07:34:57.22200,1934.250,3
07:34:58.47600,1934.500,1
07:34:59.13600,1934.000,33
07:35:00.27300,1934.000,5
07:35:00.71000,1934.250,2
07:35:02.51500,1934.250,5
07:35:02.71000,1934.000,1
07:35:05.73000,1934.000,1
07:35:09.67900,1934.000,1
07:35:12.07000,1934.000,3
07:35:13.36700,1934.000,1
07:35:13.61700,1934.000,1
07:35:16.15200,1934.250,51
07:35:19.08900,1934.250,25
07:35:19.53900,1934.250,23
07:35:20.43700,1934.250,11
07:35:24.19900,1934.000,67
07:35:27.47200,1934.000,1
07:35:28.77300,1934.250,2
07:35:31.07000,1934.000,1
07:35:32.57400,1934.250,246
07:35:33.30000,1934.500,1
07:35:35.07800,1934.250,1
07:35:38.79200,1934.250,3
07:35:40.69100,1934.250,16
07:35:41.35900,1934.250,11
07:35:43.65200,1934.250,16
07:35:44.80400,1934.000,41
07:35:45.39400,1934.250,1
07:35:47.59300,1934.000,1
07:35:48.29200,1934.000,36
07:35:49.01900,1934.000,1
07:35:53.01100,1934.000,19
07:35:53.27300,1934.000,8
07:35:53.96800,1934.000,1
07:35:54.77700,1934.000,1
07:35:55.12100,1934.000,1
07:35:56.60100,1934.000,10
07:35:57.01900,1934.000,17
07:35:57.15600,1934.000,2
07:35:57.34700,1934.000,2
07:35:58.69100,1934.000,2
07:36:00.48000,1934.000,24
07:36:00.70700,1933.750,1
07:36:00.89000,1933.750,5
07:36:01.06600,1933.750,1
07:36:01.38200,1933.750,1
07:36:01.75000,1934.000,2
07:36:01.85100,1933.750,1
07:36:03.81200,1934.000,20
07:36:04.56200,1934.000,2
07:36:05.19100,1934.000,25
07:36:05.45700,1934.000,1
07:36:06.13600,1934.000,16
07:36:07.00700,1934.000,6
07:36:10.05000,1933.750,1
07:36:11.48000,1933.750,2
07:36:11.86300,1934.000,7
07:36:13.44500,1934.000,55
07:36:19.22200,1934.000,2
07:36:20.71000,1934.250,2
07:36:21.32400,1934.000,10
07:36:31.09300,1934.000,118
07:36:34.56600,1933.750,2
07:36:35.96800,1934.000,153
07:36:37.12500,1934.000,11
07:36:37.78500,1934.000,1
07:36:44.53100,1934.250,1
07:36:45.00700,1934.000,55
07:36:45.08500,1934.000,54
07:36:45.50000,1934.000,4
07:36:46.24200,1934.000,2
07:36:47.64000,1934.000,1
07:36:48.12800,1934.000,20
07:36:48.53500,1934.000,1
07:36:48.86700,1934.000,31
07:36:51.58500,1934.000,1
07:36:51.87800,1934.000,1
07:36:55.34700,1934.000,2
07:36:57.01900,1934.250,1
07:36:57.21800,1934.000,45
07:36:57.23000,1934.000,8
07:36:57.28500,1934.000,1
07:37:06.29200,1933.750,6
07:37:08.17500,1933.750,1
07:37:09.44100,1934.000,1
07:37:11.47600,1933.750,1
07:37:16.82000,1933.750,1
07:37:18.00700,1934.000,1
07:37:22.26900,1934.000,1
07:37:28.51100,1934.000,1
07:37:29.88200,1933.750,1
07:37:31.81600,1933.750,1
07:37:32.00700,1933.750,2
07:37:40.18700,1933.750,36
07:37:40.18700,1933.750,9
07:37:40.18700,1933.750,2
07:37:40.18700,1933.750,1
07:37:40.18700,1933.750,1
07:37:40.18700,1933.500,157
07:37:43.11300,1933.500,2
07:37:43.22600,1933.750,1
07:37:43.70300,1933.750,1
07:37:44.30000,1933.500,2
07:37:45.26900,1933.500,1
07:37:46.41000,1933.500,1
07:37:47.34300,1933.500,3
07:37:48.26500,1933.750,1
07:37:50.16000,1933.500,6
07:37:59.83500,1933.750,1
07:38:02.66400,1933.750,72
07:38:03.01100,1933.750,4
07:38:03.83900,1933.500,15
07:38:04.50700,1933.750,5
07:38:04.69100,1933.500,1
07:38:05.01900,1933.500,1
07:38:05.32800,1933.750,71
07:38:05.82000,1933.500,8
07:38:06.29200,1933.750,1
07:38:06.51100,1933.750,1
07:38:09.41700,1933.500,1
07:38:11.11300,1933.750,79
07:38:11.59300,1933.750,17
07:38:12.10500,1933.750,3
07:38:12.63600,1933.750,3
07:38:13.55400,1933.750,34
07:38:13.70300,1933.750,6
07:38:13.89800,1933.750,3
07:38:14.78500,1933.500,4
07:38:16.74200,1933.500,24
07:38:18.69500,1933.500,1
07:38:20.46800,1933.500,1
07:38:21.92900,1933.500,34
07:38:22.06200,1933.500,8
07:38:22.26500,1933.500,4
07:38:22.55400,1933.250,252
07:38:22.64000,1933.250,9
07:38:22.71400,1933.250,4
07:38:23.45300,1933.250,1
07:38:25.16400,1933.250,10
07:38:25.26900,1933.250,6
07:38:25.42900,1933.250,3
07:38:27.18300,1933.500,1
07:38:28.26100,1933.250,2
07:38:34.80000,1933.500,41
07:38:38.53900,1933.250,1
07:38:38.74600,1933.500,28
07:38:41.02300,1933.500,18
07:38:41.23800,1933.500,1
07:38:44.48400,1933.500,1
07:38:45.27700,1933.500,19
07:38:45.66000,1933.500,1
07:38:46.25000,1933.750,1
07:38:49.78100,1933.500,7
07:38:49.86300,1933.500,2
07:38:52.32400,1933.750,2
07:38:53.06600,1933.500,2
07:38:54.60900,1933.500,1
07:38:56.96400,1933.500,3
07:38:57.05800,1933.500,2
07:38:59.93700,1933.750,1
07:39:03.49600,1933.750,3
07:39:04.16000,1933.750,1
07:39:04.61300,1933.750,1
07:39:04.80000,1933.750,1
07:39:07.96000,1933.750,1
07:39:11.29600,1933.500,1
07:39:15.68700,1933.500,2
07:39:26.11700,1933.500,5
07:39:26.75700,1933.500,1
07:39:28.67100,1933.500,1
07:39:32.20700,1933.500,67
07:39:32.33900,1933.500,4
07:39:32.84700,1933.500,27
07:39:33.40200,1933.500,5
07:39:36.49200,1933.500,4
07:39:38.60900,1933.500,1
07:39:38.85900,1933.500,1
07:39:39.56600,1933.500,4
07:39:40.73000,1933.500,16
07:39:46.68300,1933.500,14
07:39:47.01100,1933.750,2
07:39:50.35100,1933.500,1
07:39:51.94900,1933.750,2
07:39:54.40200,1933.750,1
07:39:54.84700,1933.750,1
07:39:56.73400,1933.500,86
07:40:02.30000,1933.000,447
07:40:02.62100,1933.000,1
07:40:02.93300,1933.250,1
07:40:03.49600,1933.000,2
07:40:04.76100,1933.000,1
07:40:05.73000,1933.250,1
07:40:07.91700,1933.000,15
07:40:10.82000,1933.000,1
07:40:11.08200,1933.250,1
07:40:11.12100,1933.250,25
07:40:11.87800,1933.500,2
07:40:12.66000,1933.250,1
07:40:13.40600,1933.500,1
07:40:14.31200,1933.500,3
07:40:15.10500,1933.250,1
07:40:19.68300,1933.500,3
07:40:22.56200,1933.500,1
07:40:22.89800,1933.500,1
07:40:23.05000,1933.500,1
07:40:23.56600,1933.500,1
07:40:24.05400,1933.500,1
07:40:26.39800,1933.500,88
07:40:26.66400,1933.500,24
07:40:26.88600,1933.500,36
07:40:27.14000,1933.750,2
07:40:27.27700,1933.500,2
07:40:28.14000,1933.500,15
07:40:30.19100,1933.500,6
07:40:30.52700,1933.500,2
07:40:31.38200,1933.500,1
07:40:32.87500,1933.250,5
07:40:34.01500,1933.500,1
07:40:38.64800,1933.500,1
07:40:40.44100,1933.500,1
07:40:41.47200,1933.500,1
07:40:43.57800,1933.500,57
07:40:44.30000,1933.250,29
07:40:44.58900,1933.500,1
07:40:50.08200,1933.500,8
07:40:59.84300,1933.750,1
07:41:02.01500,1933.500,2
07:41:02.25300,1933.500,1
07:41:02.79600,1933.500,1
07:41:02.92100,1933.500,3
07:41:05.10900,1933.500,1
07:41:06.91400,1933.500,1
07:41:07.55000,1933.500,40
07:41:08.30800,1933.500,5
07:41:08.93700,1933.500,1
07:41:09.95700,1933.500,4
07:41:10.39000,1933.500,11
07:41:10.66700,1933.500,1
07:41:11.46400,1933.500,6
07:41:12.05800,1933.500,2
07:41:12.28500,1933.500,4
07:41:14.25000,1933.500,5
07:41:15.60500,1933.500,6
07:41:16.95700,1933.500,1
07:41:17.77700,1933.500,48
07:41:20.49200,1933.500,26
07:41:20.66400,1933.500,1
07:41:22.17900,1933.500,3
07:41:23.24600,1933.500,18
07:41:24.01100,1933.500,2
07:41:24.18300,1933.500,18
07:41:27.45300,1933.750,1
07:41:27.87500,1933.500,7
07:41:28.51500,1933.500,4
07:41:29.72600,1933.500,2
07:41:30.58200,1933.500,1
07:41:31.92500,1933.500,2
07:41:32.47200,1933.500,1
07:41:34.80400,1933.500,5
07:41:35.70300,1933.500,2
07:41:35.94100,1933.500,5
07:41:36.93700,1933.500,10
07:41:42.00000,1933.500,1
07:41:43.61700,1933.500,2
07:41:48.84300,1933.500,15
07:41:49.85100,1933.500,1
07:41:52.17900,1933.750,1
07:41:52.52700,1933.500,1
07:41:54.17100,1933.500,8
07:41:54.84700,1933.500,1
07:41:57.43300,1933.500,26
07:41:57.73400,1933.500,39
07:41:59.01500,1933.750,1
07:42:06.29200,1933.500,7
07:42:07.32800,1933.750,1
07:42:15.19500,1933.750,1
07:42:18.40600,1933.500,32
07:42:24.10100,1933.500,50
07:42:26.67900,1933.250,13
07:42:27.16700,1933.250,43
07:42:28.12800,1933.250,1
07:42:28.92100,1933.250,2
07:42:29.62100,1933.250,11
07:42:36.06200,1933.250,1
07:42:36.26100,1933.250,1
07:42:36.58500,1933.250,60
07:42:41.21000,1933.250,2
07:42:41.57800,1933.500,6
07:42:42.35500,1933.500,20
07:42:43.68300,1933.250,1
07:42:46.29600,1933.250,15
07:42:47.15600,1933.500,5
07:42:52.19500,1933.500,6
07:42:54.70700,1933.500,1
07:42:58.38600,1933.250,1
07:43:02.31600,1933.500,76
07:43:04.57000,1933.500,40
07:43:04.95700,1933.500,2
07:43:05.18700,1933.500,1
07:43:06.48400,1933.500,2
07:43:06.60900,1933.500,13
07:43:07.43700,1933.500,2
07:43:09.16400,1933.500,6
07:43:10.47600,1933.500,2
07:43:11.84700,1933.250,10
07:43:21.83200,1933.250,4
07:43:22.76900,1933.250,1
07:43:23.76100,1933.250,68
07:43:25.17100,1933.250,41
07:43:25.42900,1933.250,2
07:43:33.07000,1933.250,1
07:43:33.19500,1933.250,40
07:43:33.55800,1933.250,1
07:43:34.61700,1933.250,1
07:43:37.28900,1933.250,6
07:43:39.34700,1933.250,2
07:43:40.66700,1933.250,9
07:43:41.46000,1933.250,20
07:43:43.63200,1933.000,2
07:43:44.55400,1933.250,7
07:43:46.60900,1933.250,7
07:43:47.01100,1933.250,1
07:43:47.16700,1933.000,1
07:43:48.85500,1933.250,3
07:43:49.34700,1933.250,3
07:43:50.24200,1933.500,3
07:43:55.71000,1933.500,1
07:44:04.26100,1933.250,10
07:44:04.42900,1933.250,2
07:44:05.35500,1933.250,6
07:44:05.45300,1933.250,5
07:44:06.85900,1933.250,3
07:44:08.26100,1933.250,5
07:44:09.18700,1933.250,6
07:44:18.41000,1933.250,1
07:44:22.12500,1933.000,1
07:44:22.71000,1933.250,3
07:44:29.11300,1933.250,1
07:44:30.03900,1933.250,119
07:44:33.12500,1933.250,9
07:44:33.94100,1933.250,7
07:44:34.23000,1933.250,3
07:44:35.95700,1933.500,1
07:44:36.43300,1933.250,3
07:44:37.02700,1933.250,3
07:44:39.63600,1933.250,11
07:44:39.91000,1933.000,1
07:44:40.59300,1933.250,30
07:44:40.86700,1933.250,3
07:44:45.64800,1933.250,10
07:44:46.16400,1933.250,12
07:44:46.61300,1933.000,1
07:44:48.14400,1933.250,65
07:44:48.64000,1933.250,1
07:44:54.05800,1933.000,3
07:44:54.83500,1933.000,143
07:44:57.32400,1933.000,1
07:44:58.18700,1932.750,2
07:44:58.64400,1932.750,203
07:44:58.91700,1932.750,4
07:45:00.75700,1932.750,123
07:45:00.77300,1932.750,39
07:45:01.24600,1932.750,6
07:45:02.43700,1933.000,48
07:45:03.30400,1933.000,13
07:45:03.81200,1933.000,1
07:45:06.91400,1932.750,40
07:45:07.05400,1932.750,14
07:45:07.06600,1932.750,2
07:45:08.20700,1932.750,14
07:45:09.92500,1932.750,12
07:45:11.97200,1932.750,20
07:45:12.59700,1932.750,1
07:45:14.27700,1932.750,57
07:45:14.36300,1932.750,2
07:45:14.49600,1932.500,1
07:45:15.68300,1932.750,1
07:45:16.30000,1932.750,51
07:45:16.41700,1932.750,31
07:45:17.13200,1933.000,1
07:45:19.06600,1933.000,5
07:45:20.71000,1932.750,1
07:45:21.10500,1933.000,1
07:45:21.39400,1932.750,1
07:45:21.65200,1933.000,1
07:45:24.21400,1932.750,2
07:45:25.58900,1933.000,1
07:45:26.53900,1932.750,2
07:45:27.12500,1932.750,1
07:45:28.25300,1932.750,19
07:45:28.68700,1932.750,2
07:45:29.12800,1933.000,1
07:45:31.14000,1932.750,1
07:45:32.16700,1933.000,5
07:45:33.15600,1932.750,5
07:45:33.32800,1932.750,3
07:45:34.33200,1932.750,3
07:45:37.23800,1932.750,1
07:45:43.14000,1932.750,17
07:45:43.71800,1932.750,1
07:45:44.63200,1932.750,29
07:45:45.28500,1932.750,36
07:45:46.01500,1932.750,19
07:45:51.26100,1933.000,172
07:45:54.89800,1933.000,2
07:45:55.21400,1933.000,50
07:45:58.28500,1933.000,13
07:45:58.58500,1933.000,16
07:46:00.82400,1933.000,1
07:46:03.59300,1933.000,100
07:46:08.12100,1933.000,1
07:46:10.83500,1933.000,25
07:46:12.80000,1933.000,15
07:46:14.53100,1933.250,2
07:46:18.33500,1933.250,47
07:46:20.18300,1933.500,1
07:46:20.63600,1933.250,4
07:46:20.90200,1933.000,4
07:46:21.60100,1933.250,10
07:46:23.75300,1933.250,4
07:46:25.19100,1933.250,15
07:46:25.30000,1933.250,1
07:46:27.59700,1933.000,5
07:46:29.76900,1933.250,2
07:46:30.91700,1933.250,1
07:46:32.09700,1933.250,1
07:46:34.30400,1933.250,56
07:46:34.96800,1933.000,10
07:46:38.10900,1933.250,4
07:46:39.37800,1933.250,1
07:46:40.68700,1933.000,4
07:46:48.68300,1933.250,36
07:46:50.70300,1933.250,1
07:46:51.21400,1933.000,1
07:46:56.73000,1933.250,24
07:46:59.84300,1933.000,8
07:47:08.69900,1933.250,3
07:47:13.82800,1933.250,5
07:47:16.48400,1933.000,10
07:47:18.29600,1933.000,10
07:47:18.38200,1933.000,23
07:47:19.41400,1933.000,4
07:47:19.87500,1932.750,2
07:47:20.79200,1933.000,1
07:47:22.67100,1933.000,15
07:47:26.03500,1933.000,1
07:47:30.69900,1933.000,5
07:47:33.25700,1933.000,69
07:47:35.14400,1933.000,8
07:47:36.44900,1933.000,17
07:47:39.85100,1933.000,4
07:47:41.23000,1933.250,1
07:47:51.48800,1933.000,24
07:47:54.32800,1933.000,1
07:47:54.75700,1933.000,3
07:47:57.20700,1933.000,30
07:47:58.19900,1933.000,3
07:47:58.46400,1933.000,2
07:48:01.37100,1933.000,4
07:48:02.87500,1933.000,2
07:48:03.63600,1932.750,1
07:48:04.38600,1933.000,1
07:48:10.94900,1933.250,22
07:48:11.82000,1933.000,3
07:48:13.53500,1933.250,2
07:48:14.46000,1933.000,5
07:48:20.50000,1933.000,1
07:48:25.86700,1933.000,2
07:48:26.07000,1933.000,6
07:48:26.87100,1933.000,1
07:48:29.46000,1933.000,3
07:48:33.80800,1933.250,1
07:48:35.39000,1933.000,49
07:48:38.65200,1933.000,9
07:48:40.25000,1933.000,1
07:48:40.62500,1933.000,1
07:48:43.24600,1933.000,9
07:48:44.93300,1933.000,26
07:48:46.10500,1933.000,3
07:48:47.89400,1932.750,1
07:48:49.47600,1933.000,1
07:48:50.55400,1933.000,1
07:48:51.30400,1932.750,1
07:48:51.66700,1933.000,4
07:48:53.61700,1933.000,14
07:48:54.56200,1933.000,1
07:48:58.45700,1933.000,1
07:49:05.67100,1933.000,22
07:49:06.93700,1932.750,12
07:49:07.45300,1932.750,10
07:49:07.94900,1932.750,4
07:49:08.46000,1932.750,4
07:49:15.21800,1933.000,5
07:49:17.70300,1933.000,10
07:49:20.78900,1932.750,1
07:49:23.75700,1933.000,1
07:49:25.70700,1932.750,3
07:49:27.09700,1932.750,60
07:49:27.17900,1932.750,17
07:49:28.17900,1932.500,6
07:49:32.36700,1932.750,4
07:49:32.55800,1932.750,26
07:49:34.30400,1932.750,1
07:49:38.08500,1933.000,14
07:49:43.00300,1933.000,1
07:49:51.89800,1933.000,70
07:49:53.46400,1933.000,6
07:49:54.12500,1933.000,4
07:49:54.39400,1933.000,2
07:50:00.64000,1933.000,7
07:50:00.71800,1933.250,2
07:50:01.17500,1933.250,4
07:50:04.53500,1933.250,1
07:50:05.22200,1933.250,55
07:50:05.28100,1933.250,1
07:50:09.21000,1933.250,1
07:50:09.57400,1933.500,1
07:50:13.81200,1933.500,15
07:50:15.56600,1933.500,1
07:50:16.01500,1933.500,1
07:50:17.92500,1933.500,2
07:50:22.30000,1933.500,1
07:50:30.44100,1933.250,30
07:50:33.80800,1933.250,1
07:50:38.30800,1933.250,1
07:50:40.10500,1933.250,16
07:50:42.38600,1933.250,1
07:50:42.95300,1933.250,1
07:50:47.18700,1933.250,3
07:50:47.44500,1933.250,2
07:50:50.05400,1933.250,5
07:50:50.68300,1933.250,5
07:50:52.48800,1933.250,3
07:50:53.51900,1933.250,7
07:50:53.87100,1933.500,6
07:50:57.12500,1933.250,12
07:50:57.96000,1933.500,1
07:51:10.85500,1933.500,21
07:51:12.97200,1933.500,41
07:51:13.00300,1933.500,5
07:51:13.32000,1933.500,5
07:51:14.32800,1933.500,2
07:51:14.78100,1933.500,5
07:51:15.02300,1933.500,2
07:51:15.82000,1933.500,31
07:51:20.81200,1933.500,2
07:51:25.96800,1933.750,62
07:51:26.21400,1933.750,1
07:51:27.89400,1933.500,2
07:51:28.19100,1933.500,2
07:51:28.47200,1933.750,1
07:51:33.32400,1933.750,1
07:51:39.23400,1933.750,8
07:51:51.34700,1933.500,79
07:51:51.74200,1933.500,13
07:51:53.43300,1933.500,9
07:51:54.35500,1933.500,9
07:51:55.93700,1933.250,22
07:51:56.09300,1933.250,1
07:51:56.20300,1933.250,57
07:52:03.58900,1933.250,5
07:52:09.91000,1933.500,9
07:52:10.42900,1933.500,1
07:52:18.64400,1933.250,1
07:52:20.24600,1933.500,17
07:52:20.32400,1933.500,11
07:52:21.55000,1933.500,6
07:52:22.91000,1933.500,6
07:52:26.24200,1933.500,7
07:52:26.67900,1933.500,3
07:52:31.07800,1933.500,2
07:52:31.88600,1933.750,3
07:52:36.00000,1933.500,22
07:52:38.66400,1933.500,2
07:52:43.14400,1933.500,1
07:52:49.80000,1933.500,3
07:52:50.54200,1933.500,16
07:52:50.73800,1933.500,12
07:52:51.86700,1933.250,241
07:52:52.05400,1933.500,72
07:52:56.37100,1933.500,1
07:52:58.28900,1933.500,1
07:53:01.32400,1933.250,28
07:53:01.57000,1933.500,2
07:53:02.55400,1933.500,4
07:53:03.10100,1933.500,20
07:53:04.39000,1933.500,1
07:53:08.78100,1933.500,4
07:53:09.41400,1933.750,21
07:53:09.91400,1933.750,6
07:53:16.62100,1933.500,1
07:53:16.88200,1933.750,5
07:53:17.43300,1933.750,2
07:53:18.27300,1933.750,4
07:53:20.04600,1933.500,10
07:53:34.02300,1933.500,1
07:53:36.45700,1933.750,1
07:53:41.96800,1933.750,1
07:53:44.62100,1933.500,1
07:53:47.14000,1933.750,2
07:53:53.03500,1933.500,10
07:53:55.62100,1933.500,1
07:54:05.32400,1933.500,42
07:54:05.47200,1933.500,2
07:54:06.33500,1933.500,15
07:54:06.64000,1933.250,1
07:54:12.13200,1933.500,1
07:54:23.51900,1933.500,2
07:54:29.24600,1933.500,5
07:54:31.63200,1933.500,7
07:54:32.21400,1933.500,1
07:54:33.41000,1933.500,1
07:54:38.90600,1933.500,5
07:54:39.25700,1933.500,2
07:54:39.59700,1933.500,3
07:54:43.10100,1933.500,1
07:54:45.53500,1933.500,1
07:54:46.48800,1933.500,1
07:54:47.13600,1933.500,1
07:54:47.53500,1933.500,1
07:54:48.10900,1933.250,1
07:54:48.35900,1933.250,1
07:54:52.61300,1933.500,1
07:54:53.27700,1933.500,20
07:54:58.50700,1933.500,20
07:54:59.13200,1933.500,1
07:54:59.32400,1933.500,14
07:55:09.72600,1933.250,2
07:55:13.50300,1933.500,62
07:55:19.79600,1933.500,46
07:55:21.42900,1933.500,6
07:55:22.18300,1933.500,2
07:55:22.94100,1933.500,1
07:55:25.12500,1933.500,1
07:55:30.34700,1933.500,1
07:55:32.42100,1933.750,3
07:55:38.90200,1933.500,19
07:55:45.67900,1933.500,10
07:55:45.89400,1933.500,5
07:55:47.74600,1933.500,4
07:55:50.76900,1933.500,5
07:55:57.87800,1933.750,25
07:56:07.92500,1933.750,85
07:56:08.64000,1933.500,66
07:56:08.96400,1933.500,11
07:56:09.60900,1933.500,4
07:56:09.83200,1933.500,5
07:56:10.47200,1933.500,2
07:56:10.94900,1933.500,7
07:56:14.41400,1933.500,11
07:56:14.96400,1933.500,4
07:56:16.68700,1933.500,2
07:56:20.52700,1933.250,53
07:56:20.58900,1933.250,1
07:56:26.18700,1933.250,42
07:56:27.11700,1933.250,3
07:56:27.37100,1933.250,3
07:56:28.91400,1933.250,8
07:56:29.24600,1933.000,6
07:56:30.33500,1933.250,4
07:56:31.18300,1933.250,12
07:56:32.37100,1933.250,6
07:56:33.66400,1933.250,1
07:56:36.58500,1933.250,3
07:56:40.46000,1933.250,1
07:56:42.77300,1933.250,11
07:56:42.96800,1933.250,7
07:56:43.07000,1933.250,2
07:56:44.12100,1933.500,3
07:56:44.44100,1933.250,6
07:56:46.33500,1933.250,5
07:56:48.92500,1933.000,1
07:56:50.10900,1933.250,28
07:56:52.76900,1933.500,6
07:56:53.81600,1933.250,15
07:56:54.41700,1933.250,4
07:56:55.48800,1933.500,6
07:56:55.71400,1933.250,3
07:56:56.82800,1933.250,1
07:56:57.44900,1933.500,6
07:57:04.89400,1933.250,19
07:57:06.13600,1933.250,23
07:57:11.25000,1933.250,1
07:57:18.05000,1933.250,2
07:57:20.36300,1933.000,2
07:57:21.20700,1933.250,2
07:57:23.63600,1933.250,2
07:57:24.65600,1933.250,1
07:57:25.25300,1933.250,2
07:57:34.48400,1933.500,31
07:57:35.02300,1933.500,1
07:57:35.21000,1933.500,10
07:57:37.30400,1933.750,59
07:57:37.78100,1933.750,1
07:57:38.23800,1933.750,4
07:57:38.42100,1933.750,1
07:57:39.57800,1933.750,2
07:57:40.16700,1934.000,7
07:57:40.46800,1934.000,1
07:57:40.86700,1933.750,17
07:57:41.33500,1933.750,13
07:57:41.54200,1933.750,7
07:57:43.12800,1934.000,1
07:57:46.68700,1933.750,1
07:57:47.06600,1933.750,13
07:57:48.37500,1934.000,1
07:57:53.19500,1934.000,1
07:57:53.55000,1934.000,50
07:57:53.81200,1933.750,1
07:57:54.03500,1933.750,1
07:57:54.57800,1934.000,1
07:57:57.48000,1933.750,6
07:57:58.08500,1934.000,1
07:58:15.49200,1933.750,2
07:58:16.23400,1934.000,1
07:58:16.50300,1934.000,1
07:58:20.83900,1934.000,1
07:58:21.91700,1933.750,4
07:58:27.66400,1933.750,2
07:58:29.24600,1933.750,5
07:58:29.79200,1934.000,10
07:58:30.41400,1933.750,2
07:58:31.83900,1933.750,1
07:58:32.20300,1933.750,1
07:58:39.89800,1934.000,2
07:58:40.00000,1934.000,1
07:58:44.71800,1934.000,1
07:58:45.05800,1934.000,1
07:58:47.01500,1934.000,1
07:58:47.72200,1934.000,1
07:58:52.18300,1933.750,2
07:58:52.87500,1934.000,1
07:58:54.66400,1934.000,1
07:58:55.87100,1933.750,48
07:58:56.16400,1933.750,9
07:58:57.55800,1933.750,20
07:59:01.05800,1933.750,23
07:59:01.28100,1933.500,1
07:59:01.92500,1933.750,1
07:59:03.13200,1933.500,4
07:59:04.27300,1933.500,1
07:59:06.87100,1933.750,1
07:59:07.48800,1933.750,75
07:59:08.83200,1933.750,1
07:59:08.95700,1934.000,1
07:59:11.12800,1933.750,5
07:59:11.55800,1933.750,35
07:59:11.72200,1933.750,2
07:59:13.57000,1933.750,8
07:59:15.19500,1933.750,1
07:59:15.37800,1934.000,1
07:59:20.39800,1933.750,9
07:59:21.35100,1933.750,1
07:59:23.16700,1934.000,2
07:59:25.14400,1933.750,3
07:59:27.20700,1933.750,1
07:59:27.93700,1934.000,2
07:59:30.40600,1934.000,3
07:59:31.22600,1934.000,1
07:59:38.71800,1934.000,116
07:59:42.11700,1934.000,6
07:59:42.89400,1934.250,3
07:59:43.73000,1934.500,513
07:59:43.81200,1934.500,5
07:59:44.16000,1934.500,1
07:59:45.13200,1934.250,1
07:59:51.72600,1934.500,20
07:59:52.44900,1934.500,1
07:59:52.62500,1934.500,1
07:59:52.85900,1934.500,1
07:59:54.85100,1934.250,5
07:59:55.13200,1934.250,163
07:59:56.24600,1934.500,1
07:59:56.94500,1934.250,1
07:59:57.86300,1934.500,1
08:00:00.19500,1934.250,0
08:00:00.34700,1934.250,4
08:00:00.70300,1934.250,50
08:00:01.07800,1934.250,26
08:00:01.45700,1934.500,10
08:00:02.09700,1934.500,3
08:00:03.92900,1934.250,8
08:00:05.26100,1934.500,2
08:00:09.12500,1934.500,47
08:00:09.16400,1934.500,5
08:00:09.22200,1934.500,3
08:00:09.51100,1934.500,18
08:00:10.54200,1934.250,1
08:00:11.41000,1934.500,1
08:00:11.73800,1934.500,1
08:00:12.03900,1934.500,1
08:00:12.35500,1934.250,64
08:00:12.56200,1934.250,3
08:00:12.82400,1934.250,3
08:00:12.87500,1934.000,1
08:00:15.15600,1934.000,2
08:00:15.49200,1934.000,1
08:00:15.73000,1934.250,1
08:00:16.95300,1934.500,20
08:00:17.43300,1934.250,18
08:00:18.47600,1934.250,1
08:00:19.26900,1934.500,6
08:00:19.80800,1934.250,2
08:00:23.58500,1934.250,2
08:00:23.67500,1934.250,1
08:00:24.76900,1934.250,41
08:00:28.41700,1934.000,167
08:00:28.53100,1934.250,28
08:00:28.60100,1934.000,2
08:00:28.80000,1934.000,42
08:00:29.25000,1934.000,5
08:00:30.14800,1934.000,1
08:00:30.76100,1934.000,2
08:00:32.43300,1934.250,1
08:00:35.56200,1934.500,55
08:00:35.75000,1934.500,24
08:00:35.96400,1934.500,1
08:00:36.45700,1934.500,25
08:00:39.82000,1934.750,1
08:00:41.86700,1934.500,17
08:00:42.46400,1934.500,6
08:00:43.63200,1934.250,4
08:00:44.44500,1934.250,60
08:00:44.71800,1934.250,12
08:00:44.84300,1934.500,2
08:00:46.14800,1934.500,1
08:00:46.89400,1934.250,2
08:00:47.45300,1934.250,4
08:00:47.80000,1934.500,353
08:00:47.85100,1934.500,13
08:00:48.37800,1934.500,1
08:00:50.47200,1934.500,2
08:00:53.73000,1934.750,26
08:00:54.10500,1934.750,2
08:00:54.69100,1934.750,49
08:00:54.91700,1934.750,1
08:00:57.85900,1934.750,1
08:00:58.53500,1934.750,30
08:00:59.03900,1934.750,10
08:00:59.83500,1934.750,15
08:01:04.04200,1935.000,338
08:01:04.11700,1935.000,24
08:01:04.54200,1935.000,23
08:01:05.84300,1935.000,29
08:01:06.09300,1935.000,3
08:01:07.51100,1935.000,22
08:01:07.83900,1935.000,23
08:01:08.51100,1935.000,1
08:01:08.87100,1935.000,1
08:01:09.58500,1934.750,1
08:01:09.94100,1935.000,1
08:01:10.62500,1934.750,20
08:01:12.15600,1934.750,74
08:01:12.46400,1934.750,1
08:01:12.53500,1934.750,7
08:01:12.75300,1934.750,6
08:01:13.26500,1934.500,113
08:01:15.30800,1934.750,1
08:01:18.73000,1934.500,15
08:01:19.22200,1934.500,1
08:01:20.06600,1934.500,1
08:01:20.73800,1934.500,17
08:01:20.76500,1934.500,9
08:01:20.89000,1934.500,5
08:01:21.22600,1934.500,1
08:01:22.82800,1934.500,1
08:01:23.67500,1934.500,65
08:01:23.77700,1934.250,1
08:01:24.03100,1934.500,1
08:01:24.71000,1934.250,27
08:01:24.82800,1934.250,4
08:01:26.04600,1934.250,6
08:01:27.40200,1934.000,1
08:01:30.66400,1934.000,1
08:01:30.90600,1934.250,1
08:01:32.43700,1934.250,1
08:01:36.56200,1934.250,2
08:01:42.48400,1934.000,1
08:01:43.62100,1934.250,15
08:01:47.59700,1934.250,25
08:01:54.09300,1934.250,10
08:01:55.68300,1934.250,5
08:01:56.30800,1934.000,1
08:01:58.14400,1934.250,5
08:02:01.80000,1934.250,98
08:02:02.11300,1934.000,10
08:02:04.92900,1934.250,6
08:02:08.33500,1934.250,2
08:02:09.00700,1934.250,1
08:02:10.44500,1934.250,6
08:02:18.87100,1934.250,17
08:02:19.17100,1934.250,12
08:02:19.20300,1934.250,1
08:02:28.74600,1934.500,17
08:02:29.25000,1934.250,5
08:02:35.70700,1934.500,31
08:02:36.06200,1934.500,5
08:02:37.56600,1934.250,1
08:02:38.39800,1934.500,9
08:02:47.75300,1934.500,35
08:02:48.44500,1934.500,3
08:02:48.90600,1934.250,1
08:02:49.65600,1934.500,3
08:02:50.04200,1934.500,1
08:02:50.75000,1934.500,18
08:02:50.89800,1934.500,5
08:02:52.26900,1934.500,13
08:02:53.07000,1934.250,1
08:02:53.75000,1934.250,3
08:02:54.71400,1934.500,1
08:02:55.11700,1934.250,24
08:02:55.61700,1934.250,3
08:02:56.47600,1934.000,1
08:02:58.04200,1934.250,5
08:02:59.00300,1934.250,1
08:03:05.83200,1934.250,24
08:03:06.32000,1934.250,5
08:03:07.34300,1934.250,5
08:03:07.89000,1934.250,21
08:03:07.95700,1934.250,3
08:03:14.40600,1934.250,1
08:03:17.10100,1934.250,8
08:03:17.84700,1934.250,1
08:03:21.76900,1934.250,1
08:03:26.22200,1934.250,1
08:03:28.48000,1934.250,23
08:03:29.08200,1934.250,14
08:03:35.77300,1934.250,35
08:03:35.94100,1934.250,7
08:03:36.24600,1934.250,1
08:03:37.47200,1934.000,1
08:03:40.31600,1934.250,51
08:03:41.45700,1934.250,10
08:03:44.50000,1934.250,5
08:03:45.12100,1934.250,1
08:03:49.28100,1934.250,1
08:03:51.50000,1934.500,51
08:03:51.50000,1934.500,2
08:03:51.84300,1934.500,6
08:03:56.51100,1934.250,145
08:03:57.58900,1934.250,22
08:03:59.03100,1934.250,1
08:04:04.05400,1934.250,60
08:04:04.42500,1934.250,3
08:04:05.20700,1934.500,2
08:04:06.48800,1934.250,22
08:04:07.46400,1934.250,6
08:04:09.23400,1934.250,14
08:04:09.64000,1934.250,1
08:04:11.19500,1934.250,49
08:04:11.43700,1934.250,3
08:04:11.78500,1934.000,1
08:04:13.44500,1934.250,63
08:04:14.22200,1934.250,5
08:04:15.51900,1934.250,5
08:04:20.34300,1934.250,1
08:04:20.82000,1934.250,1
08:04:21.17900,1934.250,1
08:04:24.02300,1934.250,1
08:04:26.59700,1934.500,38
08:04:26.94100,1934.500,6
08:04:29.25000,1934.500,5
08:04:35.69500,1934.750,216
08:04:35.71000,1934.750,1
08:04:36.29600,1934.750,1
08:04:38.35100,1934.750,35
08:04:42.50300,1935.000,2
08:04:52.92900,1934.750,36
08:04:53.47200,1935.000,2
08:04:54.69500,1934.750,1
08:04:55.48400,1934.750,1
08:04:58.11700,1934.750,1
08:04:59.28500,1934.750,1
08:05:00.73400,1935.000,2
08:05:02.75300,1934.750,1
08:05:03.00700,1934.750,13
08:05:03.82000,1934.750,2
08:05:05.72200,1934.750,1
08:05:06.30400,1934.750,1
08:05:07.32400,1934.750,1
08:05:08.91000,1934.750,1
08:05:12.56200,1934.750,1
08:05:14.12800,1935.000,1
08:05:14.79200,1934.750,2
08:05:18.45700,1934.750,1
08:05:20.57400,1935.000,1
08:05:20.69500,1934.750,1
08:05:23.72200,1935.000,2
08:05:26.82400,1935.000,129
08:05:27.32800,1935.000,1
08:05:29.03100,1935.250,10
08:05:29.09300,1935.000,4
08:05:30.34700,1935.250,10
08:05:30.70700,1935.250,10
08:05:30.96400,1935.250,10
08:05:31.15200,1935.000,1
08:05:31.65200,1935.000,65
08:05:31.71000,1934.750,1
08:05:32.25300,1935.000,2
08:05:33.27700,1935.000,43
08:05:34.34700,1935.000,36
08:05:34.49600,1935.000,6
08:05:34.96400,1935.000,1
08:05:35.85900,1935.000,1
08:05:39.19100,1935.000,14
08:05:39.67900,1935.000,1
08:05:43.17100,1935.500,424
08:05:43.40600,1935.500,8
08:05:43.50000,1935.250,1
08:05:43.77700,1935.500,3
08:05:44.60100,1935.250,3
08:05:45.26900,1935.250,2
08:05:45.46000,1935.500,42
08:05:47.09700,1935.500,1
08:05:47.74200,1935.750,25
08:05:48.00300,1935.750,115
08:05:48.26900,1935.750,1
08:05:48.85500,1936.000,19
08:05:49.15200,1935.750,1
08:05:49.31600,1936.000,3
08:05:50.59300,1936.000,1
08:05:51.03500,1936.000,2
08:05:51.16400,1935.750,1
08:05:51.30800,1935.750,1
08:05:51.69500,1936.000,41
08:05:51.76900,1936.000,3
08:05:52.21000,1935.750,76
08:05:52.43700,1935.750,1
08:05:52.74600,1935.750,1
08:05:52.82800,1935.750,2
08:05:53.17500,1935.750,13
08:05:53.72200,1935.500,2
08:05:54.51900,1935.750,5
08:05:54.75000,1935.750,1
08:05:54.84300,1935.500,1
08:05:55.45300,1935.500,1
08:05:56.48400,1935.750,2
08:05:56.63600,1935.500,2
08:05:56.93300,1935.750,1
08:05:57.94900,1935.750,58
08:05:58.39800,1935.750,5
08:05:58.86700,1935.750,17
08:05:59.08500,1935.750,1
08:06:00.58500,1935.750,10
08:06:01.82000,1935.750,12
08:06:02.20300,1935.750,4
08:06:04.79200,1935.750,1
08:06:04.91700,1935.750,33
08:06:05.08200,1935.750,1
08:06:05.16000,1935.750,13
08:06:05.35100,1935.750,101
08:06:05.36300,1935.750,11
08:06:06.39000,1935.500,18
08:06:06.89800,1935.750,1
08:06:10.23000,1935.750,1
08:06:12.16400,1935.750,1
08:06:12.75700,1935.500,5
08:06:13.01500,1935.500,1
08:06:13.21400,1935.500,1
08:06:14.03900,1935.500,2
08:06:14.82400,1935.750,4
08:06:15.51900,1935.500,2
08:06:16.02300,1935.500,15
08:06:16.86700,1935.500,75
08:06:17.24200,1935.500,2
08:06:17.61300,1935.500,14
08:06:18.17500,1935.500,1
08:06:18.24200,1935.500,6
08:06:19.25700,1935.500,5
08:06:20.65200,1935.500,2
08:06:22.64800,1935.500,4
08:06:24.45300,1935.500,1
08:06:24.73400,1935.500,1
08:06:27.04200,1935.750,49
08:06:27.16000,1935.750,24
08:06:27.24600,1935.750,1
08:06:27.64800,1935.750,6
08:06:29.25000,1935.750,5
08:06:29.35500,1935.750,27
08:06:30.30400,1935.750,1
08:06:31.31600,1935.750,1
08:06:31.87500,1935.750,1
08:06:32.82400,1935.500,5
08:06:32.82400,1935.500,1
08:06:34.79200,1935.750,1
08:06:35.91700,1935.500,8
08:06:36.50000,1935.500,3
08:06:37.08200,1935.500,2
08:06:37.51900,1935.500,29
08:06:40.10100,1935.500,3
08:06:40.85100,1935.250,25
08:06:41.07400,1935.500,1
08:06:43.10900,1935.500,1
08:06:44.07800,1935.500,1
08:06:46.46400,1935.500,1
08:06:47.79200,1935.500,2
08:06:50.56200,1935.500,1
08:06:51.10100,1935.500,3
08:06:51.39000,1935.250,2
08:06:55.32400,1935.250,3
08:06:55.50000,1935.500,1
08:06:56.16700,1935.500,95
08:06:56.21400,1935.500,8
08:06:59.61300,1935.750,146
08:06:59.68700,1935.750,52
08:07:00.74200,1935.750,2
08:07:02.69100,1936.000,2
08:07:03.63600,1936.000,3
08:07:06.54600,1935.750,46
08:07:06.96800,1935.750,2
08:07:07.18700,1935.750,14
08:07:08.80000,1936.000,70
08:07:08.81600,1935.750,15
08:07:09.02300,1936.000,1
08:07:10.25000,1936.000,10
08:07:10.53500,1936.000,3
08:07:10.82000,1936.000,4
08:07:13.45700,1935.750,56
08:07:15.89000,1936.000,1
08:07:16.76900,1935.750,10
08:07:17.91700,1935.750,20
08:07:18.82000,1935.750,2
08:07:19.20700,1935.750,5
08:07:19.88600,1936.000,155
08:07:19.89400,1936.000,9
08:07:20.30800,1936.000,3
08:07:21.29600,1936.000,40
08:07:22.16700,1936.000,2
08:07:23.07000,1936.000,1
08:07:23.71400,1936.000,7
08:07:23.78100,1936.000,1
08:07:23.85500,1936.000,5
08:07:24.12800,1936.000,11
08:07:24.46800,1936.250,3
08:07:24.92100,1936.000,39
08:07:25.16000,1936.000,1
08:07:25.23400,1935.750,3
08:07:25.38200,1936.000,4
08:07:25.65600,1936.000,1
08:07:26.17500,1935.750,1
08:07:26.51100,1936.000,4
08:07:26.75000,1936.000,12
08:07:27.90600,1936.000,16
08:07:28.09300,1936.000,4
08:07:28.69500,1936.000,5
08:07:30.60100,1935.750,53
08:07:30.82000,1935.750,3
08:07:31.27700,1935.750,2
08:07:31.62500,1936.000,144
08:07:31.75000,1936.000,57
08:07:32.01500,1936.000,36
08:07:32.13600,1936.000,1
08:07:33.05400,1936.000,2
08:07:33.31200,1936.000,2
08:07:35.62500,1936.000,1
08:07:36.22200,1936.000,1
08:07:37.76500,1936.000,1
08:07:39.50300,1936.000,1
08:07:40.81200,1936.000,1
08:07:42.08500,1936.250,224
08:07:42.40600,1936.250,7
08:07:42.75700,1936.500,142
08:07:42.85900,1936.250,190
08:07:42.92500,1936.500,4
08:07:43.62100,1936.500,5
08:07:43.73800,1936.500,5
08:07:43.80400,1936.500,11
08:07:43.92500,1936.250,1
08:07:45.00000,1936.250,8
08:07:45.94100,1936.500,1
08:07:46.35100,1936.500,1
08:07:46.60100,1936.250,2
08:07:47.00700,1936.750,458
08:07:47.06600,1936.500,11
08:07:47.13200,1936.500,4
08:07:47.41400,1936.500,1
08:07:48.00000,1936.750,1
08:07:48.59300,1936.500,5
08:07:49.06200,1936.500,1
08:07:49.27700,1936.750,120
08:07:50.18300,1936.500,1
08:07:51.08200,1936.500,2
08:07:51.53900,1936.750,115
08:07:51.72200,1936.750,4
08:07:51.83900,1936.750,120
08:07:52.80800,1936.500,38
08:07:53.26900,1936.500,37
08:07:53.39000,1936.500,3
08:07:53.66400,1936.750,5
08:07:54.53500,1936.500,1
08:07:55.93700,1936.750,5
08:07:56.35500,1936.500,1
08:07:57.96400,1936.500,11
08:07:58.84300,1936.500,1
08:07:59.48800,1936.500,1
08:08:00.28500,1936.750,3
08:08:01.14800,1936.500,5
08:08:02.19900,1936.500,5
08:08:02.37500,1936.500,1
08:08:03.21400,1936.500,1
08:08:03.74200,1936.750,1
08:08:03.88600,1936.500,15
08:08:04.45300,1936.250,8
08:08:05.36300,1936.500,90
08:08:05.83200,1936.500,3
08:08:06.03900,1936.500,2
08:08:06.22600,1936.500,4
08:08:07.48000,1936.500,2
08:08:07.91000,1936.500,1
08:08:08.26100,1936.500,2
08:08:08.58200,1936.500,1
08:08:09.67100,1936.500,1
08:08:09.88600,1936.500,1
08:08:10.29600,1936.750,2
08:08:10.36700,1936.500,1
08:08:10.86700,1936.500,1
08:08:11.16000,1936.500,1
08:08:12.21000,1936.500,1
08:08:12.68700,1936.500,7
08:08:12.93300,1936.500,13
08:08:13.29600,1936.500,2
08:08:14.36700,1936.500,3
08:08:14.50000,1936.500,1
08:08:16.53500,1936.500,1
08:08:18.95700,1936.750,1
08:08:20.91700,1936.500,2
08:08:21.25700,1936.750,1
08:08:22.03100,1936.500,1
08:08:24.96400,1936.750,57
08:08:26.14000,1936.500,67
08:08:26.71400,1936.500,27
08:08:27.23000,1936.500,1
08:08:29.25000,1936.250,6
08:08:32.75300,1936.250,42
08:08:33.20700,1936.250,12
08:08:35.35500,1936.250,6
08:08:35.71000,1936.250,29
08:08:35.91700,1936.250,1
08:08:36.13600,1936.000,2
08:08:36.25000,1936.000,1
08:08:36.36300,1936.000,1
08:08:37.84300,1936.250,2
08:08:39.65600,1936.000,3
08:08:40.87100,1936.000,1
08:08:41.33500,1936.000,1
08:08:42.22600,1936.000,2
08:08:43.19900,1936.000,7
08:08:44.52300,1936.000,1
08:08:44.65600,1936.000,1
08:08:44.76500,1936.000,1
08:08:48.80800,1936.000,86
08:08:49.01100,1936.000,4
08:08:49.51900,1936.000,2
08:08:50.36700,1936.000,2
08:08:51.17900,1936.250,6
08:08:53.34300,1936.000,3
08:08:54.24600,1936.000,5
08:08:56.36300,1936.000,1
08:08:58.08900,1936.000,5
08:08:59.58500,1936.000,1
08:09:01.03100,1936.000,134
08:09:01.39000,1936.000,1
08:09:03.61700,1936.000,1
08:09:05.42500,1936.000,6
08:09:06.23400,1936.250,3
08:09:06.32800,1936.250,2
08:09:06.40200,1936.000,1
08:09:08.41000,1936.000,1
08:09:09.17900,1936.000,1
08:09:17.15200,1936.000,2
08:09:17.38200,1936.250,3
08:09:17.62100,1936.250,28
08:09:18.29200,1936.250,8
08:09:18.74600,1936.250,69
08:09:24.13200,1936.250,1
08:09:25.17500,1936.000,36
08:09:25.70300,1936.250,1
08:09:26.25700,1936.000,5
08:09:26.89800,1936.000,2
08:09:27.13200,1936.000,16
08:09:27.43700,1936.000,14
08:09:28.33900,1936.000,5
08:09:30.41400,1936.000,1
08:09:36.00700,1936.000,1
08:09:40.25700,1936.250,2
08:09:50.40200,1936.250,1
08:09:51.52300,1936.250,1
08:09:54.49200,1936.000,32
08:09:55.60100,1936.000,5
08:09:58.56200,1936.000,2
08:09:58.69900,1936.000,1
08:09:59.23800,1936.000,15
08:09:59.44900,1936.000,2
08:10:00.86300,1936.000,9
08:10:01.23800,1936.000,3
08:10:01.74200,1936.000,3
08:10:01.89400,1936.250,1
08:10:02.66700,1936.000,1
08:10:03.44900,1936.000,7
08:10:03.89800,1936.250,4
08:10:05.35500,1936.250,71
08:10:05.80000,1936.250,3
08:10:06.09300,1936.500,1
08:10:06.66000,1936.500,1
08:10:07.18300,1936.500,2
08:10:07.60100,1936.500,2
08:10:08.31600,1936.250,1
08:10:11.42100,1936.250,1
08:10:14.86300,1936.250,20
08:10:16.20700,1936.250,7
08:10:16.37500,1936.250,1
08:10:16.92100,1936.250,1
08:10:17.67100,1936.250,10
08:10:18.26100,1936.250,1
08:10:19.62500,1936.250,9
08:10:21.59700,1936.250,5
08:10:23.14400,1936.250,12
08:10:27.93300,1936.250,11
08:10:29.25000,1936.250,6
08:10:31.50300,1936.250,1
08:10:31.76500,1936.250,4
08:10:31.85900,1936.250,5
08:10:32.32400,1936.000,1
08:10:36.39000,1936.000,10
08:10:36.68700,1936.000,4
08:10:37.46400,1936.000,22
08:10:41.57000,1936.000,3
08:10:42.74200,1936.000,3
08:10:43.39400,1936.000,7
08:10:43.84700,1936.000,40
08:10:44.06600,1936.000,1
08:10:45.62100,1936.250,8
08:10:49.73000,1936.250,1
08:10:51.32000,1936.250,1
08:10:53.91400,1936.250,1
08:10:58.75000,1936.000,6
08:11:02.53900,1936.500,11
08:11:02.60500,1936.500,80
08:11:02.86700,1936.500,4
08:11:05.49600,1936.250,5
08:11:07.25700,1936.250,1
08:11:10.83500,1936.250,93
08:11:14.50000,1936.250,1
08:11:18.69500,1936.000,2
08:11:20.70300,1936.250,8
08:11:24.58500,1936.250,4
08:11:24.65600,1936.250,1
08:11:26.63600,1936.000,4
08:11:32.55000,1936.250,1
08:11:32.95700,1936.000,64
08:11:33.61300,1936.000,30
08:11:37.52700,1936.000,20
08:11:39.18700,1936.250,1
08:11:40.28100,1936.000,1
08:11:44.84300,1936.000,1
08:11:47.87500,1936.000,2
08:11:49.47200,1936.000,2
08:11:57.78100,1935.750,80
08:11:59.38200,1935.750,1
08:12:00.05400,1935.750,41
08:12:00.11700,1935.750,3
08:12:04.52300,1935.750,7
08:12:04.72600,1935.750,1
08:12:06.09700,1935.750,13
08:12:08.10500,1935.750,1
08:12:09.76900,1935.750,5
08:12:11.91000,1935.500,71
08:12:12.03900,1935.500,1
08:12:12.87500,1935.500,5
08:12:15.87100,1935.750,61
08:12:17.48400,1935.500,40
08:12:18.11700,1935.500,1
08:12:23.00000,1935.750,4
08:12:25.01100,1935.500,4
08:12:25.88600,1935.500,1
08:12:26.58500,1935.500,1
08:12:29.00700,1935.500,1
08:12:29.25000,1935.500,6
08:12:29.50300,1935.500,48
08:12:29.73000,1935.500,4
08:12:29.83500,1935.500,13
08:12:30.77700,1935.500,1
08:12:31.30000,1935.500,7
08:12:31.73000,1935.500,1
08:12:32.50300,1935.500,12
08:12:32.85900,1935.250,19
08:12:33.71800,1935.500,1
08:12:36.91700,1935.250,7
08:12:37.48800,1935.250,1
08:12:39.95700,1935.250,1
08:12:40.38200,1935.500,98
08:12:40.65200,1935.500,1
08:12:40.78500,1935.500,1
08:12:42.00300,1935.500,3
08:12:45.05400,1935.500,156
08:12:45.66700,1935.500,13
08:12:46.16700,1935.500,3
08:12:47.17500,1935.500,4
08:12:48.95700,1935.500,18
08:12:49.32800,1935.250,1
08:12:54.10900,1935.250,1
08:12:54.71800,1935.500,1
08:12:55.56200,1935.250,4
08:12:56.50000,1935.500,1
08:12:59.07000,1935.500,10
08:12:59.22200,1935.500,17
08:12:59.87500,1935.500,9
08:13:00.80400,1935.500,20
08:13:01.62100,1935.750,1
08:13:02.21000,1935.750,52
08:13:05.73000,1935.750,1
08:13:10.46400,1935.500,18
08:13:12.95700,1935.500,1
08:13:13.34300,1935.500,16
08:13:15.12500,1935.500,3
08:13:16.46000,1935.500,9
08:13:16.71400,1935.500,4
08:13:18.41700,1935.500,3
08:13:18.60900,1935.500,1
08:13:20.42100,1935.500,2
08:13:21.14800,1935.500,9
08:13:22.60500,1935.500,1
08:13:24.14800,1935.500,4
08:13:27.22200,1935.500,1
08:13:28.12800,1935.500,7
08:13:30.25700,1935.250,1
08:13:36.05400,1935.500,1
08:13:38.46400,1935.250,2
08:13:39.46800,1935.250,4
08:13:40.34300,1935.500,1
08:13:42.36700,1935.500,12
08:13:44.68700,1935.250,2
08:13:50.43300,1935.250,155
08:13:52.88600,1935.000,3
08:13:54.40600,1935.000,1
08:13:56.41400,1935.000,5
08:13:57.73400,1935.000,1
08:13:58.16000,1935.000,1
08:13:58.39400,1935.000,1
08:13:58.97200,1935.000,3
08:14:05.00700,1935.250,2
08:14:05.57400,1935.000,4
08:14:06.33500,1935.000,5
08:14:06.51100,1935.000,1
08:14:06.67500,1935.000,1
08:14:08.83200,1935.000,1
08:14:10.88200,1935.000,2
08:14:13.37100,1935.250,3
08:14:15.81600,1935.000,2
08:14:16.08900,1935.250,2
08:14:19.90600,1935.250,44
08:14:23.84300,1935.250,4
08:14:24.31200,1935.250,17
08:14:25.07800,1935.250,1
08:14:25.26100,1935.250,1
08:14:26.19900,1935.250,11
08:14:26.44900,1935.250,10
08:14:28.69900,1935.250,1
08:14:28.84700,1935.250,10
08:14:29.25000,1935.250,5
08:14:30.08500,1935.000,1
08:14:30.83900,1935.250,2
08:14:33.53500,1935.250,1
08:14:34.06600,1935.250,6
08:14:36.38200,1935.500,22
08:14:36.48000,1935.250,6
08:14:39.42900,1935.500,6
08:14:40.10100,1935.500,5
08:14:40.19100,1935.500,2
08:14:41.39400,1935.500,7
08:14:42.37800,1935.500,12
08:14:44.16400,1935.250,96
08:14:44.16400,1935.250,40
08:14:46.95700,1935.000,2
08:14:47.21800,1935.250,1
08:14:47.66000,1935.000,8
08:14:48.49600,1935.000,3
08:14:49.31200,1935.250,1
08:14:52.57000,1934.750,113
08:14:53.12100,1934.750,5
08:14:55.20300,1934.750,65
08:14:55.30000,1934.750,49
08:14:57.88600,1935.000,2
08:14:58.39800,1935.000,1
08:15:02.75700,1935.000,2
08:15:03.76900,1934.750,1
08:15:05.83200,1934.750,5
08:15:07.85500,1934.750,5
08:15:09.43300,1935.000,70
08:15:09.85500,1935.000,1
08:15:12.35100,1935.250,1
08:15:12.63600,1935.250,27
08:15:13.96400,1935.250,33
08:15:14.63200,1935.250,7
08:15:15.63600,1935.250,14
08:15:17.30000,1935.000,15
08:15:17.65600,1935.000,1
08:15:17.96000,1935.250,7
08:15:20.27300,1935.250,1
08:15:23.05400,1935.250,3
08:15:24.25000,1935.250,10
08:15:25.62500,1935.250,4
08:15:25.76900,1935.250,7
08:15:35.58900,1935.250,8
08:15:35.82800,1935.250,1
08:15:36.24600,1935.250,7
08:15:38.87800,1935.250,16
08:15:40.87100,1935.250,7
08:15:46.15600,1935.250,10
08:15:48.79600,1935.250,4
08:15:50.62800,1935.250,15
08:15:51.48800,1935.250,27
08:15:53.92900,1935.250,8
08:15:56.65600,1935.250,2
08:15:58.00300,1935.250,1
08:16:03.47200,1935.000,9
08:16:04.43300,1935.250,9
08:16:04.92100,1935.250,8
08:16:10.34700,1935.250,1
08:16:17.67100,1935.000,5
08:16:28.55000,1935.250,27
08:16:29.32800,1935.250,24
08:16:30.25700,1935.250,8
08:16:30.82800,1935.250,6
08:16:32.87100,1935.250,2
08:16:35.67900,1935.250,1
08:16:37.61300,1935.250,1
08:16:39.80000,1935.250,15
08:16:39.83900,1935.250,4
08:16:39.93300,1935.250,1
08:16:40.56600,1935.250,2
08:16:42.71800,1935.000,128
08:16:46.08200,1935.000,10
08:16:48.30800,1935.000,10
08:16:48.50000,1934.750,4
08:16:49.35100,1934.750,6
08:16:52.10500,1935.000,1
08:16:53.85100,1934.750,1
08:16:57.05400,1935.000,3
08:16:57.79200,1934.750,1
08:17:00.82800,1935.000,4
08:17:03.54200,1934.750,1
08:17:04.96400,1935.000,63
08:17:06.92100,1935.000,4
08:17:07.05000,1935.000,1
08:17:10.54200,1935.000,1
08:17:10.92100,1935.000,1
08:17:17.07800,1935.250,59
08:17:17.21000,1935.000,8
08:17:21.39800,1935.000,1
08:17:21.51100,1935.000,25
08:17:22.86700,1935.000,5
08:17:24.76900,1935.000,2
08:17:30.93300,1935.000,1
08:17:38.18700,1935.250,36
08:17:38.23400,1935.250,9
08:17:41.10900,1935.250,11
08:17:47.00300,1935.250,4
08:17:48.39000,1935.250,18
08:17:48.52700,1935.250,27
08:17:48.90600,1935.250,1
08:18:00.64800,1935.250,5
08:18:02.21800,1935.500,6
08:18:02.60900,1935.250,1
08:18:04.03900,1935.500,1
08:18:04.64000,1935.500,49
08:18:06.91700,1935.500,1
08:18:07.65200,1935.750,3
08:18:07.70700,1935.750,49
08:18:08.08900,1935.750,2
08:18:10.01900,1936.000,5
08:18:11.21000,1936.000,1
08:18:12.10900,1935.500,13
08:18:12.19900,1935.750,8
08:18:12.33200,1935.750,16
08:18:14.17500,1936.000,2
08:18:16.21000,1935.750,1
08:18:18.65600,1935.750,2
08:18:20.32000,1935.750,23
08:18:20.55800,1935.750,4
08:18:21.10100,1935.750,2
08:18:21.35100,1936.000,15
08:18:21.50000,1936.000,19
08:18:21.74200,1935.750,1
08:18:23.17900,1935.750,5
08:18:27.04200,1935.750,1
08:18:28.72200,1935.750,1
08:18:29.25000,1936.000,6
08:18:35.11300,1936.000,4
08:18:35.63600,1936.000,1
08:18:36.83500,1936.000,2
08:18:44.59700,1936.000,1
08:18:45.46400,1935.750,15
08:18:46.84700,1935.750,1
08:18:49.59700,1935.750,2
08:18:50.83200,1935.750,40
08:18:51.21800,1935.750,1
08:18:55.00300,1935.500,1
08:18:56.10100,1935.500,3
08:19:05.59700,1935.750,3
08:19:06.02700,1935.750,17
08:19:08.63600,1935.750,1
08:19:11.30800,1935.500,2
08:19:11.81200,1935.500,2
08:19:15.58900,1935.500,2
08:19:18.23800,1935.750,1
08:19:32.17500,1935.500,1
08:19:35.96000,1935.500,1
08:19:40.85500,1935.750,1
08:19:41.32800,1935.750,65
08:19:41.50000,1936.000,215
08:19:41.74600,1936.000,1
08:19:42.51100,1935.750,1
08:19:42.68300,1935.750,15
08:19:43.13200,1935.750,3
08:19:43.28100,1935.750,2
08:19:43.48000,1935.750,7
08:19:53.50300,1935.500,11
08:19:53.62500,1935.500,6
08:19:56.89800,1935.500,2
08:20:01.33500,1935.500,2
08:20:02.75300,1935.500,10
08:20:02.92900,1935.500,44
08:20:03.11300,1935.500,1
08:20:08.93700,1935.750,1
08:20:14.83900,1935.500,1
08:20:18.76900,1935.750,66
08:20:19.82800,1935.500,133
08:20:20.37100,1935.500,1
08:20:21.22600,1935.500,6
08:20:22.95700,1935.500,1
08:20:23.25000,1935.500,7
08:20:25.00000,1935.500,1
08:20:29.25000,1935.500,6
08:20:33.50300,1935.500,10
08:20:33.92100,1935.500,1
08:20:35.91000,1935.500,5
08:20:36.70300,1935.500,5
08:20:36.94900,1935.500,160
08:20:37.03100,1935.500,5
08:20:37.13200,1935.500,1
08:20:38.02300,1935.500,12
08:20:41.69100,1935.500,19
08:20:42.34700,1935.500,5
08:20:42.93700,1935.500,1
08:20:45.52700,1935.750,77
08:20:46.59700,1935.750,3
08:20:46.76900,1935.750,15
08:20:47.20700,1935.750,1
08:20:47.60900,1935.750,14
08:20:47.87500,1935.750,2
08:20:53.74200,1935.500,88
08:20:53.81200,1935.750,67
08:20:54.88600,1935.750,7
08:20:55.35900,1935.750,1
08:20:55.76500,1935.750,1
08:20:57.01100,1935.750,6
08:20:57.32400,1935.750,14
08:20:58.54600,1935.750,1
08:21:00.60100,1935.750,11
08:21:01.18700,1935.500,13
08:21:05.75700,1935.500,1
08:21:07.20300,1935.500,11
08:21:08.36700,1935.500,1
08:21:08.54600,1935.250,1
08:21:11.05400,1935.250,107
08:21:12.32000,1935.250,2
08:21:12.52700,1935.250,1
08:21:13.66400,1935.250,35
08:21:14.72200,1935.250,10
08:21:15.80400,1935.250,2
08:21:15.96000,1935.250,2
08:21:17.16700,1935.250,1
08:21:22.34300,1935.250,47
08:21:24.30400,1935.000,3
08:21:27.82400,1935.000,130
08:21:27.93300,1935.000,1
08:21:28.42500,1935.000,2
08:21:28.96000,1935.000,1
08:21:30.44100,1935.250,35
08:21:30.57000,1935.250,25
08:21:33.42900,1935.000,9
08:21:34.00000,1935.000,11
08:21:34.29200,1935.000,3
08:21:35.33500,1935.000,1
08:21:39.70300,1934.750,10
08:21:39.82400,1934.750,5
08:21:40.32800,1935.000,1
08:21:41.50300,1934.750,3
08:21:45.01500,1934.750,1
08:21:45.09300,1934.750,1
08:21:47.29200,1934.750,3
08:21:49.35900,1934.750,1
08:21:49.67100,1934.750,8
08:21:52.85500,1934.750,1
08:21:53.78500,1935.000,6
