18:00:01.76100,1914.000,0
18:00:01.78100,1914.000,1
18:00:02.09300,1914.000,4
18:00:02.28100,1913.750,2
18:00:02.42100,1914.250,3
18:00:02.76900,1914.000,3
18:00:03.29600,1913.750,1
18:00:03.53900,1914.000,1
18:00:04.21400,1913.750,2
18:00:05.21400,1914.250,11
18:00:06.10900,1914.000,12
18:00:06.12500,1914.000,1
18:00:06.82000,1913.750,11
18:00:07.27300,1914.000,2
18:00:07.58900,1914.250,9
18:00:08.07800,1913.750,1
18:00:08.68300,1913.750,10
18:00:09.09300,1914.000,1
18:00:09.62800,1914.000,1
18:00:10.31200,1914.000,1
18:00:11.55800,1914.000,9
18:00:12.23000,1913.750,1
18:00:12.62500,1914.000,1
18:00:13.96800,1914.000,2
18:00:14.73400,1914.000,5
18:00:15.25000,1914.000,8
18:00:16.26500,1914.250,1
18:00:16.35100,1914.250,1
18:00:16.45700,1914.000,1
18:00:17.78900,1914.000,15
18:00:21.91700,1914.000,11
18:00:22.11700,1914.250,1
18:00:22.85900,1914.250,4
18:00:25.32000,1914.250,1
18:00:27.03900,1914.250,32
18:00:27.42900,1914.250,4
18:00:27.70700,1914.500,2
18:00:28.05400,1914.250,2
18:00:28.48400,1914.500,7
18:00:28.54600,1914.500,1
18:00:28.73800,1914.500,2
18:00:29.03900,1914.500,1
18:00:29.85900,1914.500,1
18:00:30.70700,1914.500,1
18:00:32.68700,1914.250,4
18:00:33.22600,1914.500,1
18:00:35.00000,1914.500,1
18:00:35.37500,1914.250,15
18:00:36.07800,1914.250,16
18:00:36.26900,1914.500,2
18:00:36.75700,1914.250,7
18:00:36.90600,1914.250,1
18:00:37.07400,1914.250,1
18:00:37.22600,1914.250,1
18:00:37.34700,1914.500,1
18:00:38.19500,1914.250,1
18:00:39.07400,1914.250,4
18:00:42.79600,1914.500,1
18:00:42.87100,1914.000,50
18:00:43.75300,1914.250,1
18:00:45.52300,1914.250,1
18:00:46.13600,1914.250,2
18:00:50.23000,1914.000,8
18:00:51.24200,1914.000,4
18:00:52.35900,1914.000,5
18:00:52.82800,1914.000,10
18:00:54.41000,1914.000,4
18:00:57.32000,1914.000,1
18:00:59.61700,1914.000,10
18:01:00.84300,1913.750,8
18:01:01.40200,1914.000,1
18:01:02.43700,1913.750,1
18:01:07.76900,1913.750,1
18:01:09.49200,1913.750,37
18:01:10.64400,1913.750,1
18:01:11.17500,1913.750,3
18:01:12.80000,1914.000,1
18:01:13.38600,1913.750,5
18:01:14.03900,1913.750,1
18:01:14.58500,1914.000,1
18:01:15.19900,1914.000,1
18:01:15.44100,1913.750,2
18:01:20.33900,1913.750,1
18:01:20.51900,1914.000,20
18:01:20.83500,1913.750,10
18:01:22.66700,1913.500,279
18:01:22.73400,1913.500,3
18:01:23.72600,1913.500,1
18:01:23.87500,1913.750,15
18:01:23.96800,1913.750,4
18:01:24.07000,1913.750,1
18:01:24.23400,1913.750,2
18:01:27.41700,1913.750,26
18:01:27.61700,1913.750,2
18:01:34.52300,1913.750,1
18:01:36.29600,1913.500,1
18:01:38.93700,1913.750,1
18:01:41.10500,1913.750,3
18:01:41.33900,1913.500,1
18:01:47.29200,1913.750,2
18:01:49.75000,1913.750,3
18:01:51.95300,1913.750,2
18:01:52.70300,1913.750,1
18:01:52.94900,1913.750,15
18:01:53.48800,1913.750,1
18:01:53.58500,1913.750,4
18:01:53.74200,1913.750,8
18:01:54.42900,1913.750,203
18:01:55.49600,1913.500,1
18:01:56.08900,1913.750,1
18:01:56.51100,1913.750,2
18:01:57.11300,1913.750,9
18:01:58.26100,1913.750,1
18:01:59.97200,1913.750,1
18:02:02.01500,1914.000,2
18:02:02.92100,1913.750,20
18:02:03.82800,1914.000,1
18:02:20.44100,1914.000,20
18:02:21.96800,1914.000,7
18:02:26.91700,1914.000,6
18:02:29.66700,1914.000,4
18:02:32.23800,1913.750,1
18:02:33.95300,1914.000,1
18:02:34.42100,1913.750,106
18:02:34.64400,1914.000,1
18:02:36.90200,1913.750,1
18:02:40.19100,1914.000,1
18:02:43.25000,1914.000,1
18:02:45.94100,1914.000,1
18:02:47.03100,1913.750,4
18:02:48.34700,1914.000,4
18:02:58.46000,1913.750,8
18:02:58.79600,1913.750,22
18:03:01.63200,1913.750,34
18:03:02.02700,1913.750,5
18:03:03.10500,1913.500,1
18:03:04.64800,1913.750,15
18:03:05.32400,1913.750,102
18:03:07.66400,1913.750,1
18:03:07.87500,1913.750,1
18:03:08.33200,1913.750,1
18:03:08.91700,1913.750,3
18:03:09.69900,1913.750,7
18:03:11.08200,1913.750,2
18:03:11.61300,1913.750,1
18:03:11.76100,1913.750,1
18:03:12.18300,1913.750,5
18:03:15.27700,1913.750,11
18:03:16.47200,1913.750,5
18:03:16.71400,1913.750,6
18:03:18.83500,1913.750,102
18:03:20.51100,1914.000,20
18:03:22.00000,1913.750,3
18:03:23.32800,1913.750,1
18:03:28.80000,1914.000,2
18:03:30.01100,1914.000,4
18:03:31.05400,1913.750,1
18:03:42.70300,1914.000,1
18:03:47.67900,1913.500,62
18:03:48.68300,1913.750,1
18:03:53.71800,1913.750,2
18:03:54.38200,1913.750,1
18:03:55.56600,1913.750,4
18:03:59.61300,1913.750,1
18:04:08.16400,1913.750,4
18:04:16.03100,1913.750,1
18:04:20.58500,1913.750,2
18:04:24.76500,1913.750,1
18:04:35.90200,1914.000,1
18:04:37.47200,1914.000,1
18:04:43.21800,1913.750,3
18:04:44.11300,1914.000,2
18:04:46.54200,1914.000,2
18:04:49.61300,1914.000,1
18:04:50.32000,1914.000,5
18:05:00.71000,1914.000,2
18:05:10.61700,1913.750,1
18:05:15.08200,1914.000,3
18:05:15.62100,1914.000,1
18:05:17.05400,1914.000,1
18:05:17.26500,1914.000,1
18:05:20.70300,1914.000,1
18:05:22.32000,1914.000,1
18:05:37.44500,1914.000,1
18:05:40.46800,1913.750,1
18:05:46.85100,1914.000,1
18:05:51.86300,1913.750,1
18:05:52.64000,1914.000,1
18:05:57.26500,1913.750,1
18:06:02.79200,1914.000,28
18:06:04.37800,1913.750,2
18:06:05.01500,1913.750,53
18:06:07.73000,1913.750,5
18:06:09.38600,1913.750,3
18:06:09.53500,1913.500,1
18:06:11.70300,1913.500,1
18:06:19.64400,1913.500,22
18:06:20.78500,1913.500,1
18:06:21.01900,1913.750,1
18:06:21.83900,1913.500,21
18:06:23.02300,1913.500,1
18:06:29.28500,1913.750,2
18:06:31.52700,1913.500,5
18:06:31.92900,1913.500,2
18:06:33.62100,1913.500,3
18:06:35.73000,1913.500,1
18:06:39.84300,1913.500,1
18:06:57.02700,1913.750,3
18:07:07.39800,1913.750,2
18:07:14.02300,1913.750,6
18:07:24.12800,1913.750,1
18:07:25.39800,1914.000,1
18:07:30.93700,1914.000,5
18:07:33.73800,1913.750,30
18:07:34.39800,1913.750,2
18:07:35.72600,1913.750,2
18:07:36.86700,1913.750,2
18:07:38.56200,1913.750,2
18:07:40.31200,1914.000,13
18:07:46.12500,1913.750,1
18:07:49.82000,1913.750,1
18:08:03.75000,1913.500,21
18:08:04.26100,1913.750,1
18:08:15.08200,1913.500,2
18:08:19.55800,1913.500,1
18:08:25.96400,1913.750,1
18:08:30.37500,1913.500,3
18:08:36.45700,1913.500,1
18:08:39.77300,1913.500,2
18:08:44.82800,1913.750,1
18:09:21.30000,1913.750,8
18:09:28.86300,1913.750,1
18:09:40.39400,1913.500,6
18:09:47.33200,1913.500,1
18:09:49.42900,1913.500,1
18:09:52.52700,1913.750,1
18:09:59.83900,1913.750,1
18:10:08.89000,1913.500,11
18:10:11.11300,1913.750,33
18:10:14.87800,1913.500,3
18:10:19.68300,1913.500,1
18:10:21.46400,1913.750,1
18:10:24.82800,1913.500,1
18:10:26.28900,1913.500,1
18:10:26.46800,1913.750,1
18:10:31.66400,1913.750,1
18:10:35.80400,1913.750,1
18:10:52.72600,1913.500,78
18:10:55.75700,1913.500,3
18:11:19.53500,1913.750,16
18:11:31.62800,1913.500,18
18:11:32.33900,1913.500,13
18:11:41.33200,1913.250,8
18:11:44.22600,1913.250,1
18:11:46.20700,1913.500,1
18:11:48.14800,1913.250,3
18:11:59.16000,1913.500,10
18:12:06.39000,1913.250,9
18:12:07.45300,1913.500,1
18:12:22.25700,1913.250,2
18:12:22.54200,1913.250,30
18:12:30.17900,1913.500,3
18:12:32.17900,1913.250,66
18:12:32.32000,1913.250,1
18:12:33.60500,1913.250,9
18:12:36.23400,1913.250,2
18:12:45.10500,1913.250,1
18:12:45.50700,1913.250,4
18:12:46.09700,1913.250,7
18:12:50.08500,1913.500,3
18:12:50.68300,1913.250,1
18:12:55.77300,1913.250,1
18:13:20.48800,1913.250,2
18:13:25.75700,1913.250,40
18:13:29.31600,1913.500,2
18:13:31.26100,1913.250,1
18:13:47.03900,1913.250,1
18:13:51.32000,1913.500,1
18:13:58.53100,1913.250,1
18:14:10.34300,1913.500,2
18:14:11.31200,1913.250,1
18:14:15.31200,1913.500,1
18:14:16.67500,1913.250,1
18:14:22.89000,1913.250,1
18:14:38.58900,1913.250,3
18:14:50.12100,1913.250,5
18:14:50.75300,1913.500,1
18:14:51.52700,1913.250,2
18:14:51.60900,1913.500,1
18:14:58.03500,1913.500,1
18:15:06.09300,1913.500,19
18:15:08.50700,1913.500,34
18:15:10.71400,1913.500,1
18:15:11.71000,1913.500,8
18:15:12.46800,1913.500,3
18:15:13.12800,1913.500,41
18:15:17.45700,1913.500,1
18:15:18.46400,1913.500,1
18:15:33.61300,1913.500,1
18:15:33.87800,1913.750,1
18:15:36.16400,1913.750,83
18:15:39.42500,1913.750,1
18:15:39.91700,1913.750,1
18:15:40.12500,1913.750,1
18:15:42.66000,1913.750,21
18:15:42.94100,1913.750,1
18:15:45.96000,1913.750,6
18:15:47.91700,1913.750,2
18:15:53.09700,1914.000,5
18:15:57.00700,1913.750,1
18:16:07.52300,1914.000,10
18:16:07.88600,1914.000,1
18:16:09.38200,1913.750,3
18:16:09.92900,1914.000,1
18:16:15.23400,1914.000,1
18:16:20.12100,1914.000,1
18:16:34.85500,1913.750,27
18:16:35.94900,1913.500,2
18:16:38.07800,1913.750,1
18:16:39.88200,1913.750,20
18:16:42.46800,1913.750,9
18:16:51.33500,1914.000,2
18:16:51.91000,1913.750,1
18:16:58.32800,1913.750,9
18:16:59.60900,1913.750,8
18:17:11.38200,1913.750,4
18:17:15.32000,1913.750,1
18:17:17.06200,1913.750,9
18:17:18.13600,1913.500,2
18:17:18.77700,1913.750,1
18:17:23.19500,1913.750,1
18:17:24.90600,1913.750,2
18:17:28.30000,1913.500,1
18:17:31.82400,1913.750,4
18:17:38.52700,1913.750,1
18:17:39.53100,1913.750,9
18:17:46.89800,1913.750,10
18:17:52.50000,1913.750,5
18:17:57.14400,1913.750,9
18:17:58.65200,1913.750,1
18:17:59.91400,1913.750,1
18:18:33.77300,1914.000,20
18:18:46.48800,1914.000,14
18:18:59.80400,1914.000,1
18:19:14.72200,1914.000,103
18:19:16.95700,1914.250,3
18:19:19.68300,1914.250,72
18:19:20.53900,1914.250,3
18:19:20.65600,1914.250,4
18:19:21.15200,1914.250,4
18:19:22.42500,1914.500,5
18:19:23.80000,1914.500,1
18:19:24.46400,1914.500,2
18:19:25.17100,1914.250,5
18:19:29.05400,1914.500,2
18:19:30.80800,1914.500,3
18:19:31.46000,1914.500,5
18:19:37.66000,1914.250,26
18:19:38.85100,1914.250,1
18:19:39.25700,1914.250,28
18:19:44.71800,1914.250,2
18:19:51.08500,1914.250,1
18:19:52.14800,1914.250,2
18:19:58.52700,1914.250,2
18:19:59.88600,1914.500,1
18:20:01.64000,1914.250,2
18:20:02.09700,1914.500,1
18:20:03.74600,1914.250,4
18:20:04.57000,1914.250,1
18:20:07.07400,1914.250,1
18:20:07.54200,1914.250,1
18:20:09.39400,1914.500,1
18:20:20.13200,1914.250,1
18:20:20.49200,1914.500,1
18:20:23.46400,1914.500,1
18:20:30.51500,1914.250,1
18:20:31.36700,1914.250,2
18:20:33.19100,1914.250,1
18:20:34.07000,1914.250,1
18:20:34.30000,1914.250,1
18:20:39.43300,1914.250,1
18:20:40.44100,1914.250,1
18:20:41.21400,1914.500,12
18:20:45.15600,1914.250,13
18:20:49.51900,1914.000,1
18:20:51.07400,1914.000,10
18:21:10.67100,1914.000,109
18:21:13.75000,1914.250,1
18:21:20.87500,1914.000,2
18:21:37.62100,1914.000,1
18:21:44.31200,1914.250,3
18:21:50.52700,1914.000,2
18:21:53.71400,1914.250,50
18:21:56.26900,1914.250,1
18:21:57.24600,1914.250,3
18:21:58.63600,1914.250,1
18:21:59.38200,1914.250,57
18:22:02.33500,1914.000,7
18:22:10.30400,1914.250,1
18:22:16.13600,1914.250,1
18:22:17.01500,1914.250,5
18:22:20.86300,1914.000,1
18:22:31.82800,1914.000,1
18:22:34.76500,1914.250,2
18:22:38.12100,1914.000,1
18:22:46.95700,1914.000,1
18:22:50.05400,1914.250,1
18:22:57.45300,1914.250,1
18:23:08.19100,1914.250,11
18:23:12.27300,1914.250,2
18:23:31.76900,1914.000,1
18:23:33.20300,1914.000,2
18:23:34.76900,1914.000,3
18:23:35.71000,1914.000,1
18:23:36.25000,1914.250,1
18:23:44.00000,1914.000,35
18:23:45.03100,1914.000,10
18:23:45.25300,1914.000,4
18:23:45.53900,1914.000,33
18:23:46.41400,1913.750,1
18:23:55.28900,1914.000,8
18:23:57.21400,1913.750,1
18:24:02.93300,1913.750,2
18:24:06.09300,1914.000,3
18:24:07.00300,1913.750,1
18:24:13.48400,1914.000,1
18:24:14.24200,1914.000,3
18:24:16.18300,1914.000,2
18:24:19.51500,1913.750,1
18:24:24.10500,1914.000,6
18:24:26.48000,1913.750,20
18:24:31.52700,1913.750,12
18:24:31.76100,1914.000,15
18:24:36.23400,1913.750,5
18:24:44.51500,1913.750,3
18:24:47.43300,1914.000,1
18:24:50.05000,1914.000,1
18:25:19.74600,1913.750,21
18:25:25.03100,1913.750,10
18:25:29.19100,1913.750,10
18:25:29.40200,1913.750,1
18:25:31.93300,1913.750,1
18:25:33.53500,1913.750,10
18:25:35.42100,1913.750,1
18:25:41.17900,1913.750,14
18:25:44.46000,1913.750,10
18:25:46.35500,1913.750,50
18:25:48.19900,1913.750,10
18:25:49.41700,1913.750,1
18:25:53.93300,1913.750,53
18:25:58.39000,1913.750,3
18:25:58.80800,1914.000,1
18:25:59.21000,1913.750,5
18:26:05.82000,1914.000,2
18:26:30.82800,1913.750,14
18:26:35.47200,1913.750,25
18:26:40.32800,1913.750,1
18:26:42.71400,1913.750,1
18:26:44.16400,1913.750,1
18:26:55.16000,1913.750,1
18:26:58.40200,1913.750,1
18:26:58.77300,1913.750,2
18:27:14.95300,1914.000,3
18:27:15.40600,1913.750,1
18:27:15.59300,1913.750,1
18:27:29.55000,1913.750,2
18:27:38.58900,1914.000,4
18:27:43.01900,1914.000,1
18:27:47.93700,1914.000,75
18:27:48.19500,1914.250,1
18:28:05.78500,1914.250,4
18:28:06.14000,1914.250,1
18:28:49.36700,1914.250,2
18:29:16.75300,1914.000,2
18:29:18.32400,1914.000,1
18:29:34.47600,1914.250,1
18:29:41.50000,1914.250,1
18:29:46.53900,1914.000,1
18:29:53.42900,1914.250,1
18:29:59.06200,1914.250,15
18:30:00.54200,1914.250,3
18:30:00.70700,1914.250,2
18:30:03.32000,1914.250,2
18:30:03.96800,1914.250,10
18:30:05.28900,1914.250,3
18:30:06.29200,1914.250,2
18:30:15.25000,1914.250,28
18:30:25.82400,1914.250,1
18:30:37.36700,1914.500,1
18:30:37.83500,1914.500,1
18:30:41.60500,1914.250,1
18:30:52.52300,1914.250,1
18:30:52.96400,1914.500,1
18:31:08.21000,1914.500,13
18:31:11.38200,1914.500,2
18:31:24.54600,1914.500,1
18:31:25.92900,1914.500,2
18:31:34.08900,1914.500,1
18:31:34.74600,1914.500,2
18:31:50.00700,1914.500,1
18:31:52.30400,1914.500,15
18:31:54.37800,1914.500,19
18:31:55.23800,1914.500,1
18:31:57.93700,1914.500,33
18:32:03.61700,1914.750,12
18:32:08.53100,1914.750,10
18:32:09.25700,1914.750,2
18:32:10.02300,1914.500,12
18:32:12.01500,1914.750,10
18:32:18.60100,1914.500,2
18:32:20.93300,1914.500,6
18:32:24.81600,1914.500,1
18:32:29.60900,1914.500,11
18:32:32.49600,1914.750,50
18:32:32.56200,1914.500,1
18:32:32.62500,1914.500,1
18:32:32.88600,1914.500,1
18:32:33.21400,1914.750,11
18:32:34.91400,1914.750,5
18:32:39.04200,1914.500,18
18:32:40.96000,1914.750,8
18:32:41.64400,1914.750,1
18:32:41.80800,1914.750,1
18:32:46.29200,1914.750,1
18:32:49.45300,1914.750,30
18:32:51.60500,1914.750,1
18:32:53.74600,1914.750,2
18:32:56.60500,1914.750,1
18:32:59.36300,1914.750,1
18:33:06.60500,1914.750,20
18:33:10.21000,1914.750,3
18:33:11.26500,1914.750,4
18:33:15.19500,1914.500,3
18:33:16.22200,1914.750,5
18:33:24.19100,1914.750,1
18:33:27.56200,1914.750,1
18:33:31.90200,1914.500,2
18:33:34.21800,1914.750,1
18:33:46.69500,1914.750,1
18:33:59.44500,1914.750,2
18:34:02.63600,1914.750,3
18:34:03.35100,1914.750,10
18:34:03.57800,1914.750,2
18:34:06.30000,1914.500,2
18:34:11.94900,1914.750,1
18:34:16.42500,1914.500,1
18:34:27.22600,1914.750,5
18:34:35.63600,1914.500,3
18:34:36.97200,1914.750,2
18:34:46.63600,1914.500,10
18:34:49.60900,1914.500,15
18:34:54.16700,1914.500,38
18:35:03.35900,1914.500,4
18:35:06.07400,1914.500,13
18:35:12.47200,1914.500,1
18:35:14.30800,1914.500,1
18:35:14.42900,1914.500,1
18:35:17.64400,1914.250,6
18:35:18.45700,1914.500,1
18:35:24.82000,1914.500,2
18:35:26.83900,1914.250,1
18:35:27.68300,1914.500,3
18:35:35.42100,1914.500,11
18:35:56.75300,1914.250,1
18:35:59.46000,1914.500,11
18:36:00.74600,1914.500,4
18:36:03.35900,1914.500,3
18:36:04.96400,1914.500,7
18:36:09.07000,1914.500,1
18:36:13.38600,1914.750,53
18:36:14.96400,1914.500,5
18:36:16.91000,1914.500,3
18:36:23.11300,1914.750,2
18:36:38.42100,1914.750,1
18:36:41.27300,1914.750,4
18:36:41.41700,1914.750,4
18:36:50.87800,1914.750,1
18:36:55.51500,1914.750,2
18:37:06.85900,1914.750,14
18:37:07.39000,1914.750,1
18:37:10.64800,1914.750,3
18:37:19.73800,1914.500,1
18:37:33.35900,1914.500,2
18:37:47.75300,1914.750,1
18:38:06.50300,1914.750,13
18:38:08.09300,1914.750,1
18:38:12.79600,1914.750,1
18:38:21.56200,1914.750,1
18:38:23.19100,1914.750,2
18:38:31.85900,1914.750,4
18:38:42.23800,1915.000,17
18:38:43.51100,1915.000,2
18:38:56.84300,1914.750,1
18:39:21.07800,1914.750,9
18:39:30.70700,1914.750,24
18:39:35.09300,1915.000,1
18:39:42.50700,1915.000,1
18:39:46.96000,1915.000,1
18:39:53.12800,1914.750,1
18:39:53.91000,1915.000,5
18:39:56.17500,1914.750,1
18:40:04.21800,1914.750,5
18:40:10.55000,1915.000,1
18:40:23.58200,1915.000,1
18:40:26.46800,1914.750,12
18:40:34.83500,1914.750,1
18:40:49.54600,1915.000,1
18:40:59.69100,1915.000,1
18:41:06.37100,1915.000,2
18:41:11.59300,1915.000,1
18:41:13.36300,1914.750,1
18:41:17.71000,1914.750,1
18:41:20.46800,1914.750,4
18:41:22.65200,1914.750,1
18:41:45.70700,1914.750,1
18:41:47.67500,1914.750,1
18:41:52.71400,1914.750,5
18:41:57.11700,1914.750,19
18:42:20.30000,1914.750,12
18:42:28.46400,1914.750,2
18:42:33.90200,1914.500,2
18:42:37.15600,1914.500,1
18:42:55.00300,1914.500,1
18:42:58.48800,1914.750,49
18:42:58.58200,1914.750,1
18:43:28.83900,1915.000,3
18:43:30.53500,1914.750,1
18:43:52.11300,1914.750,1
18:43:52.20300,1914.750,1
18:43:57.89000,1914.750,68
18:44:01.48400,1914.750,5
18:44:10.22200,1914.500,30
18:44:10.36700,1914.500,4
18:44:15.72200,1914.500,2
18:44:18.08200,1914.500,2
18:44:19.63600,1914.500,4
18:44:21.76100,1914.500,1
18:44:24.76900,1914.500,11
18:44:28.26100,1914.500,3
18:44:31.04600,1914.500,9
18:44:31.13200,1914.500,2
18:44:32.23800,1914.750,1
18:44:35.16000,1914.500,1
18:44:35.36700,1914.500,1
18:44:35.42500,1914.500,1
18:44:38.47600,1914.500,19
18:44:38.67500,1914.500,2
18:44:49.20300,1914.500,1
18:44:58.50000,1914.250,10
18:45:02.81600,1914.500,17
18:45:03.16700,1914.250,7
18:45:03.80800,1914.250,2
18:45:04.94100,1914.250,1
18:45:05.79200,1914.250,2
18:45:06.23000,1914.500,1
18:45:08.94500,1914.500,1
18:45:18.05400,1914.500,9
18:45:18.25000,1914.500,8
18:45:18.45300,1914.500,5
18:45:19.46800,1914.500,4
18:45:20.58200,1914.500,2
18:45:20.78100,1914.500,2
18:45:21.02700,1914.500,2
18:45:23.06200,1914.750,6
18:45:25.51500,1914.500,10
18:45:26.21800,1914.750,1
18:45:28.16700,1914.250,7
18:45:28.23800,1914.250,1
18:45:29.40200,1914.750,7
18:45:31.21400,1914.500,1
18:45:32.13600,1914.500,3
18:45:46.14000,1914.500,6
18:45:46.91400,1914.250,2
18:45:48.64400,1914.500,4
18:45:57.93700,1914.250,2
18:46:07.90200,1914.500,12
18:46:08.00700,1914.500,2
18:46:08.08500,1914.500,1
18:46:08.88200,1914.500,4
18:46:10.06200,1914.500,2
18:46:14.16000,1914.500,1
18:46:16.29600,1914.250,74
18:46:16.62800,1914.250,17
18:46:26.69900,1914.250,28
18:46:27.21400,1914.250,4
18:46:52.38600,1914.000,4
18:46:52.84700,1914.250,6
18:47:06.44900,1914.250,6
18:47:09.83500,1914.250,7
18:47:16.81200,1914.000,3
18:47:22.14400,1914.000,1
18:47:23.55000,1914.250,11
18:47:24.21800,1914.250,4
18:47:28.09700,1914.250,2
18:47:29.50700,1914.250,1
18:47:35.55800,1914.250,1
18:47:41.64000,1914.250,16
18:47:44.81200,1914.250,10
18:47:53.60500,1914.250,7
18:47:57.81200,1914.000,1
18:48:10.03900,1914.000,98
18:48:13.59300,1913.750,4
18:48:14.90600,1914.000,1
18:48:18.41400,1914.000,2
18:48:31.75000,1914.000,6
18:48:36.00300,1914.000,11
18:48:52.24200,1913.750,4
18:48:59.39000,1913.750,20
18:49:05.38600,1914.000,48
18:49:05.43300,1914.000,1
18:49:05.49600,1914.000,2
18:49:05.84300,1914.000,5
18:49:06.03100,1914.000,10
18:49:14.51100,1914.000,1
18:49:26.40200,1914.000,1
18:49:30.20300,1913.750,84
18:49:35.66000,1914.000,1
18:49:45.23400,1914.000,5
18:49:49.28900,1914.000,2
18:50:04.21800,1914.000,28
18:50:14.55800,1914.000,4
18:50:18.19100,1914.250,31
18:50:33.65600,1914.500,4
18:50:50.04200,1914.500,16
18:50:50.18700,1914.500,6
18:50:51.39800,1914.500,4
18:50:51.55800,1914.500,1
18:50:53.16000,1914.500,34
18:50:57.53100,1914.500,1
18:51:03.14800,1914.250,20
18:51:10.58200,1914.500,5
18:51:12.77300,1914.500,2
18:51:14.14400,1914.500,1
18:51:17.73000,1914.500,5
18:51:19.32400,1914.500,20
18:51:22.00300,1914.500,1
18:51:23.80800,1914.500,5
18:51:24.39800,1914.250,1
18:51:26.33200,1914.500,4
18:51:36.20700,1914.500,4
18:51:37.70700,1914.500,1
18:51:51.53100,1914.250,1
18:51:54.78900,1914.250,1
18:51:57.60100,1914.500,1
18:51:58.87800,1914.250,1
18:52:10.88600,1914.500,7
18:52:12.37500,1914.500,5
18:52:14.45300,1914.500,5
18:52:14.88600,1914.500,2
18:52:15.53100,1914.500,2
18:52:19.06600,1914.500,6
18:52:31.22200,1914.750,2
18:52:31.71800,1914.500,2
18:52:42.01900,1914.250,76
18:52:46.16400,1914.250,2
18:52:46.58200,1914.500,1
18:52:52.52700,1914.500,25
18:52:52.65200,1914.500,1
18:53:12.27700,1914.500,21
18:53:14.21800,1914.250,1
18:53:33.47200,1914.500,3
18:53:33.63600,1914.500,1
18:53:38.00300,1914.500,2
18:53:42.39800,1914.250,4
18:53:45.59700,1914.500,12
18:53:51.42500,1914.500,6
18:53:52.80800,1914.500,3
18:53:56.38600,1914.500,4
18:53:57.05800,1914.500,6
18:54:07.00300,1914.500,16
18:54:08.64800,1914.250,1
18:54:09.33900,1914.500,2
18:54:09.61300,1914.250,1
18:54:12.93700,1914.500,23
18:54:28.12500,1914.500,2
18:54:37.87800,1914.250,1
18:54:45.33900,1914.500,2
18:54:48.33900,1914.500,2
18:54:53.43700,1914.500,6
18:55:02.94100,1914.250,15
18:55:40.29200,1914.500,1
18:55:57.39400,1914.250,1
18:55:59.63200,1914.500,3
18:56:09.96400,1914.250,2
18:56:11.61300,1914.250,10
18:56:12.74200,1914.000,3
18:56:17.71800,1914.000,1
18:56:22.03500,1914.000,54
18:56:22.73800,1914.000,1
18:56:23.61300,1914.000,14
18:56:44.17100,1913.750,452
18:56:44.33200,1913.750,13
18:56:44.66700,1913.750,1
18:56:45.30000,1913.750,1
18:56:54.14000,1914.000,9
18:57:11.55800,1914.000,7
18:57:12.85500,1914.000,3
18:57:18.73400,1913.750,1
18:57:21.02300,1914.000,1
18:57:24.10900,1914.000,1
18:57:25.41400,1914.000,13
18:57:26.64400,1914.000,4
18:57:31.32400,1914.250,13
18:57:35.87800,1914.250,3
18:57:43.61700,1914.250,56
18:57:49.96400,1914.250,25
18:58:11.56200,1914.250,3
18:58:24.62500,1914.250,1
18:58:34.53500,1914.250,23
18:58:36.23400,1914.250,1
18:58:37.71800,1914.500,2
18:59:03.35500,1914.250,57
18:59:03.49600,1914.250,1
18:59:03.57400,1914.250,10
18:59:18.29600,1914.250,1
18:59:21.20300,1914.500,2
18:59:22.96000,1914.500,1
18:59:27.92100,1914.250,2
18:59:29.08900,1914.250,14
18:59:32.23400,1914.250,1
18:59:37.61300,1914.250,1
18:59:38.63200,1914.250,1
18:59:47.83900,1914.000,1
18:59:50.75000,1914.000,1
18:59:53.60900,1914.000,1
18:59:54.82400,1914.250,10
18:59:55.37500,1914.250,1
18:59:55.72600,1914.250,1
19:00:00.39000,1914.250,0
19:00:02.39400,1914.250,1
19:00:05.06200,1914.500,1
19:00:05.21400,1914.250,12
19:00:05.37800,1914.250,11
19:00:07.54600,1914.250,1
19:00:12.15200,1914.250,2
19:00:12.33500,1914.250,1
19:00:12.50300,1914.250,1
19:00:12.68700,1914.250,1
19:00:12.85100,1914.250,1
19:00:13.09700,1914.250,1
19:00:14.92900,1914.250,6
19:00:18.30000,1914.000,5
19:00:18.76900,1914.250,9
19:00:21.09300,1914.250,3
19:00:30.33900,1914.500,1
19:00:31.82000,1914.250,13
19:00:35.70300,1914.250,2
19:00:39.13200,1914.250,1
19:00:42.85100,1914.250,9
19:00:45.17500,1914.250,5
19:00:47.09700,1914.250,3
19:00:53.39400,1914.250,2
19:00:57.08900,1914.250,6
19:00:57.33500,1914.250,1
19:01:06.15200,1914.250,3
19:01:08.10500,1914.000,88
19:01:12.31600,1914.000,2
19:01:16.85900,1914.000,8
19:01:17.16000,1914.000,2
19:01:23.15600,1914.000,10
19:01:24.19500,1914.000,2
19:01:25.10900,1914.000,1
19:01:33.09700,1914.000,6
19:01:42.07400,1914.000,1
19:01:42.26500,1914.000,1
19:01:44.11700,1913.750,10
19:01:45.19100,1914.000,1
19:01:47.96000,1914.000,32
19:01:48.74600,1914.000,2
19:01:51.37800,1914.250,1
19:01:51.76900,1914.250,1
19:01:53.21400,1914.250,1
19:01:57.95700,1914.000,1
19:02:01.09700,1914.250,2
19:02:03.10100,1914.250,10
19:02:06.17100,1914.250,4
19:02:07.83200,1914.250,19
19:02:09.63200,1914.250,24
19:02:18.30000,1914.250,1
19:02:27.35100,1914.250,1
19:02:27.67100,1914.250,1
19:02:30.20700,1914.000,1
19:02:31.97200,1914.250,1
19:02:34.67100,1914.250,1
19:02:34.83500,1914.250,1
19:02:35.12500,1914.000,36
19:02:38.19900,1914.000,4
19:02:44.03900,1914.000,7
19:02:44.72600,1914.000,1
19:02:45.31600,1914.000,1
19:02:45.64800,1914.000,5
19:02:47.10500,1914.000,2
19:02:48.19900,1914.000,1
19:02:52.26900,1914.000,2
19:02:52.53900,1914.000,3
19:02:54.02700,1914.000,10
19:03:03.29600,1914.250,6
19:03:03.82000,1914.250,14
19:03:05.71400,1914.000,6
19:03:07.57400,1914.000,2
19:03:09.32000,1914.000,1
19:03:09.69900,1914.000,6
19:03:10.95700,1914.000,3
19:03:11.22600,1914.250,6
19:03:12.07800,1914.000,2
19:03:20.60100,1914.000,2
19:03:21.62100,1914.250,1
19:03:26.00000,1914.000,19
19:03:30.23400,1914.000,1
19:03:35.76900,1914.000,1
19:03:38.30800,1914.000,4
19:03:39.25000,1914.000,1
19:03:49.15200,1914.000,36
19:03:49.35100,1914.250,1
19:03:51.07400,1914.000,9
19:03:56.84700,1914.000,1
19:03:57.16000,1914.000,24
19:03:59.67900,1914.000,1
19:04:06.41700,1914.000,10
19:04:07.35100,1914.000,1
19:04:10.31200,1914.000,2
19:04:15.82000,1914.000,1
19:04:23.66700,1914.000,2
19:04:33.08500,1914.000,1
19:04:33.25000,1914.000,1
19:04:42.07400,1914.000,1
19:04:51.17100,1914.000,1
19:04:51.33900,1914.000,1
19:04:52.18300,1913.750,54
19:05:00.03100,1913.750,2
19:05:00.16000,1913.750,1
19:05:01.87800,1913.500,5
19:05:04.04200,1913.500,49
19:05:05.75000,1913.250,7
19:05:05.86300,1913.250,82
19:05:06.56600,1913.250,14
19:05:09.40200,1913.250,2
19:05:10.52700,1913.250,15
19:05:12.43700,1913.250,1
19:05:13.54200,1913.250,30
19:05:14.00700,1913.250,69
19:05:15.12500,1913.500,3
19:05:18.17100,1913.500,1
19:05:25.24600,1913.250,1
19:05:27.19500,1913.500,2
19:05:27.38600,1913.250,1
19:05:28.26100,1913.500,1
19:05:30.75300,1913.250,27
19:05:36.04200,1913.250,40
19:05:36.20700,1913.500,1
19:05:36.44500,1913.500,1
19:05:36.57000,1913.500,10
19:05:40.92100,1913.250,1
19:05:43.58900,1913.250,6
19:05:45.19900,1913.500,1
19:05:50.66000,1913.250,68
19:05:51.02300,1913.250,1
19:05:52.14800,1913.250,14
19:05:52.70700,1913.250,10
19:05:53.14800,1913.250,11
19:05:53.44100,1913.250,1
19:05:54.13600,1913.500,16
19:05:54.94900,1913.250,1
19:05:56.54200,1913.250,10
19:05:56.61300,1913.250,60
19:06:00.41700,1913.250,4
19:06:00.55000,1913.250,7
19:06:00.75300,1913.250,36
19:06:00.96800,1913.250,2
19:06:02.31200,1913.000,81
19:06:02.48400,1913.000,9
19:06:02.77300,1913.250,1
19:06:02.88600,1913.000,1
19:06:03.30400,1913.000,1
19:06:06.18700,1913.000,1
19:06:11.42500,1913.000,1
19:06:11.93300,1913.000,1
19:06:12.12500,1913.000,2
19:06:12.25300,1913.250,1
19:06:13.14000,1913.000,3
19:06:15.08200,1913.250,55
19:06:17.71400,1913.250,3
19:06:21.27700,1913.250,1
19:06:25.70700,1913.250,1
19:06:30.10100,1913.250,1
19:06:30.70300,1913.000,5
19:06:39.25000,1913.250,1
19:06:39.42100,1913.250,1
19:06:40.14000,1913.250,1
19:06:41.72600,1913.250,11
19:06:45.18300,1913.000,2
19:06:48.12100,1913.250,59
19:06:48.39000,1913.500,2
19:06:51.63600,1913.250,107
19:06:52.07000,1913.000,15
19:06:54.53100,1913.250,12
19:06:58.26100,1913.250,10
19:07:06.12500,1913.250,4
19:07:06.29600,1913.500,1
19:07:06.94500,1913.250,1
19:07:08.47600,1913.250,14
19:07:08.77700,1913.250,1
19:07:09.33200,1913.250,7
19:07:15.39400,1913.250,8
19:07:17.83900,1913.250,2
19:07:21.14800,1913.250,1
19:07:21.49600,1913.250,2
19:07:22.06600,1913.250,3
19:07:22.36700,1913.000,1
19:07:24.23000,1913.500,1
19:07:24.44900,1913.500,1
19:07:25.84700,1913.250,1
19:07:28.43300,1913.500,1
19:07:30.08500,1913.250,1
19:07:33.22200,1913.500,1
19:07:33.32000,1913.250,2
19:07:37.06200,1913.250,14
19:07:41.87100,1913.250,3
19:07:42.15200,1913.500,1
19:07:43.69900,1913.250,9
19:07:44.68300,1913.250,2
19:07:45.21400,1913.250,2
19:07:48.69100,1913.250,2
19:07:50.36300,1913.000,10
19:07:51.44500,1913.500,1
19:07:57.36700,1913.250,10
19:08:01.73800,1913.250,2
19:08:03.62800,1913.250,1
19:08:04.19900,1913.250,1
19:08:04.53900,1913.250,1
19:08:06.43300,1913.500,1
19:08:07.85500,1913.250,12
19:08:09.13200,1913.250,2
19:08:13.32400,1913.250,21
19:08:17.57800,1913.250,1
19:08:20.43700,1913.250,3
19:08:21.81200,1913.500,1
19:08:26.58200,1913.250,1
19:08:27.21800,1913.500,1
19:08:27.55000,1913.500,1
19:08:36.31600,1913.500,1
19:08:38.23000,1913.500,9
19:08:38.34700,1913.500,1
19:08:38.96400,1913.500,87
19:08:45.25000,1913.750,1
19:08:45.43700,1913.750,1
19:08:53.48800,1913.500,23
19:08:54.12800,1913.750,1
19:08:55.32000,1913.500,1
19:08:59.38200,1913.500,2
19:09:04.70700,1913.750,3
19:09:10.27700,1913.500,7
19:09:11.65200,1913.500,1
19:09:12.23800,1913.750,1
19:09:12.48000,1913.750,1
19:09:14.51100,1913.500,1
19:09:17.18300,1913.750,1
19:09:19.36300,1913.750,9
19:09:21.39000,1913.750,1
19:09:27.57800,1913.500,3
19:09:28.92900,1913.500,13
19:09:29.23400,1913.500,5
19:09:30.69900,1913.500,6
19:09:33.65600,1913.500,1
19:09:35.80400,1913.750,30
19:09:37.44500,1913.750,2
19:09:39.28900,1913.750,2
19:09:40.21400,1913.750,7
19:09:42.50700,1913.750,1
19:09:42.85500,1913.750,1
19:09:48.09700,1914.000,1
19:09:48.33500,1913.750,2
19:09:52.41000,1913.750,27
19:09:54.07800,1913.750,12
19:10:05.78500,1913.500,50
19:10:06.21000,1913.750,1
19:10:10.82000,1913.750,49
19:10:12.94900,1913.750,49
19:10:13.55400,1913.750,11
19:10:15.18300,1913.750,2
19:10:17.29200,1913.750,4
19:10:20.51900,1913.750,7
19:10:22.19100,1913.750,2
19:10:26.73800,1914.000,39
19:10:28.02300,1914.000,7
19:10:30.87800,1914.000,4
19:10:31.67100,1914.000,12
19:10:32.79200,1914.000,9
19:10:33.39800,1914.250,1
19:10:33.78500,1914.250,1
19:10:35.33500,1914.000,2
19:10:37.00000,1914.000,3
19:10:37.11700,1913.750,4
19:10:42.96800,1913.750,2
19:10:43.83900,1914.000,9
19:10:47.28100,1914.000,2
19:10:50.58500,1913.750,98
19:10:53.11300,1914.000,1
19:10:56.02300,1913.750,30
19:11:01.76500,1914.000,13
19:11:06.79200,1914.000,9
19:11:09.28500,1914.250,1
19:11:11.83200,1914.000,12
19:11:13.88200,1913.750,5
19:11:16.93700,1914.000,2
19:11:18.16400,1914.000,1
19:11:20.53100,1913.750,15
19:11:22.47600,1914.000,36
19:11:27.15200,1914.250,1
19:11:33.76500,1914.000,2
19:11:36.16700,1914.250,1
19:11:45.10100,1914.250,1
19:11:52.71400,1914.000,1
19:11:53.31600,1914.250,4
19:11:54.76100,1914.250,1
19:12:03.03500,1914.000,19
19:12:03.31200,1914.250,1
19:12:03.52700,1914.250,1
19:12:04.35100,1914.250,4
19:12:05.27300,1914.000,20
19:12:08.64000,1914.000,1
19:12:09.03900,1914.000,2
19:12:11.22600,1914.000,2
19:12:12.16400,1913.750,4
19:12:12.31600,1913.750,1
19:12:20.39400,1913.750,5
19:12:21.08900,1914.000,1
19:12:21.48400,1914.000,1
19:12:30.34700,1914.000,1
19:12:39.96000,1914.000,1
19:12:45.35100,1914.000,1
19:12:48.26900,1914.000,1
19:12:48.49200,1914.000,1
19:12:56.71800,1914.000,99
19:12:57.09700,1914.000,1
19:12:59.74200,1913.750,20
19:13:02.07400,1913.750,14
19:13:03.07400,1913.500,1
19:13:05.57800,1913.750,10
19:13:05.94100,1913.750,8
19:13:06.16400,1913.750,1
19:13:06.42900,1913.500,1
19:13:08.83200,1913.750,5
19:13:09.91700,1913.750,6
19:13:14.20300,1913.750,1
19:13:14.44500,1913.750,1
19:13:15.18300,1913.750,3
19:13:24.15600,1914.000,1
19:13:24.52700,1914.000,1
19:13:29.82800,1914.000,7
19:13:33.30400,1913.750,12
19:13:34.37800,1914.000,1
19:13:38.70700,1913.750,1
19:13:41.16400,1914.000,1
19:13:42.10100,1914.000,1
19:13:46.73800,1914.000,5
19:13:47.66400,1914.000,10
19:13:49.16000,1913.750,2
19:13:51.43700,1914.000,1
19:13:51.70300,1914.000,1
19:13:56.49600,1914.000,4
19:13:56.72200,1914.000,168
19:13:56.75700,1914.000,19
19:13:58.95300,1914.000,1
19:13:59.18700,1914.000,35
19:13:59.89800,1913.750,100
19:14:00.30800,1914.000,3
19:14:01.14000,1913.750,2
19:14:07.81200,1914.000,2
19:14:09.16400,1914.000,1
19:14:09.62800,1914.000,1
19:14:10.91000,1913.750,4
19:14:12.50700,1913.500,11
19:14:13.42900,1913.750,1
19:14:13.49600,1913.500,1
19:14:16.78900,1913.500,15
19:14:18.19500,1913.750,1
19:14:20.80400,1913.750,1
19:14:24.25300,1913.750,1
19:14:27.19500,1914.000,7
19:14:33.35900,1913.750,17
19:14:37.32000,1913.500,1
19:14:41.01100,1913.750,2
19:14:44.06600,1913.750,1
19:14:52.87100,1913.500,32
19:14:55.09300,1913.500,1
19:14:58.01500,1913.750,8
19:15:00.50700,1913.750,5
19:15:01.02700,1913.750,2
19:15:09.27300,1913.500,32
19:15:09.48000,1913.250,10
19:15:15.10100,1913.500,4
19:15:16.25000,1913.500,4
19:15:17.72600,1913.500,1
19:15:20.29600,1913.500,1
19:15:20.60100,1913.500,1
19:15:38.95700,1913.500,5
19:16:09.10900,1913.500,12
19:16:14.34700,1913.500,2
19:16:14.72200,1913.500,8
19:16:24.70300,1913.500,10
19:16:25.83500,1913.750,1
19:16:27.17500,1913.500,1
19:16:36.35100,1913.500,2
19:16:39.40600,1913.500,10
19:16:46.23400,1913.500,5
19:16:49.73800,1913.750,22
19:16:50.47600,1913.500,5
19:17:03.07400,1913.500,11
19:17:05.68300,1913.500,2
19:17:06.95700,1913.500,9
19:17:09.14400,1913.500,4
19:17:11.94100,1913.500,10
19:17:23.04200,1913.750,24
19:17:25.70300,1913.750,1
19:17:27.52300,1913.750,1
19:17:30.41700,1913.750,5
19:17:30.88200,1913.750,3
19:17:31.41700,1913.750,5
19:17:32.00300,1913.750,1
19:17:36.43300,1914.000,1
19:17:38.19100,1913.750,27
19:17:39.01100,1913.750,3
19:17:42.19900,1914.000,30
19:17:44.04200,1913.500,1
19:17:45.23400,1913.750,4
19:17:46.12800,1913.750,1
19:17:48.43300,1914.000,1
19:17:49.53500,1913.750,1
19:17:51.57400,1914.000,1
19:17:51.88600,1913.750,1
19:17:52.51100,1914.000,1
19:17:53.41400,1913.750,3
19:18:03.16700,1913.750,3
19:18:07.25700,1913.750,1
19:18:22.25000,1913.750,19
19:18:24.10500,1913.500,1
19:18:27.08500,1913.750,1
19:18:28.39800,1913.750,16
19:18:50.83200,1914.000,1
19:18:53.06200,1914.000,1
19:18:54.33900,1913.750,6
19:18:55.23000,1913.750,1
19:18:58.70300,1913.500,1
19:19:05.51100,1914.000,18
19:19:10.70700,1914.000,1
19:19:17.31200,1914.000,1
19:19:28.91000,1913.750,1
19:19:29.95300,1913.750,2
19:19:30.12100,1913.750,2
19:19:33.65600,1913.750,8
19:19:34.90600,1913.500,1
19:19:35.46000,1913.750,1
19:19:39.67100,1913.500,1
19:19:41.17500,1913.750,4
19:19:41.47600,1913.500,1
19:19:48.60900,1913.500,1
19:19:57.84700,1913.750,3
19:20:16.24600,1913.750,11
19:20:18.01100,1913.750,2
19:20:19.26500,1913.750,1
19:20:24.23800,1913.500,1
19:20:29.08200,1913.750,1
19:20:29.44500,1913.750,4
19:20:30.03900,1913.750,1
19:20:33.44900,1913.750,4
19:20:43.05400,1913.750,1
19:20:49.05800,1913.750,3
19:20:50.58200,1913.750,1
19:20:51.52300,1913.750,2
19:20:55.26500,1913.750,4
19:20:56.16000,1913.750,3
19:20:56.96400,1913.500,4
19:20:58.58900,1913.750,2
19:20:59.93300,1913.750,2
19:21:05.23400,1913.750,2
19:21:05.53500,1913.750,1
19:21:07.41700,1913.750,2
19:21:12.95700,1913.750,2
19:21:19.31600,1913.500,15
19:21:20.41400,1913.500,3
19:21:28.94900,1913.750,9
19:21:31.06600,1913.750,1
19:21:45.04600,1913.750,61
19:21:55.16400,1913.750,6
19:21:56.78500,1913.750,2
19:21:59.31200,1913.500,1
19:22:06.34700,1913.750,3
19:22:06.83200,1913.500,1
19:22:08.76900,1913.750,1
19:22:15.51900,1913.750,9
19:22:23.63600,1913.750,1
19:22:31.90600,1913.750,1
19:22:34.33900,1913.750,1
19:22:38.05000,1914.000,3
19:22:43.16700,1913.750,1
19:22:46.79200,1913.750,1
19:22:51.25300,1914.000,20
19:22:53.23000,1913.750,1
19:22:55.68700,1913.750,14
19:22:57.43700,1913.750,2
19:23:10.10900,1913.500,82
19:23:10.27700,1913.750,1
19:23:19.60900,1913.500,2
19:23:28.14800,1913.250,5
19:23:31.09300,1913.250,51
19:23:32.24200,1913.250,9
19:23:34.50700,1913.500,1
19:23:34.97200,1913.250,1
19:23:35.45700,1913.500,3
19:23:39.51500,1913.250,54
19:23:42.73800,1913.250,61
19:23:45.91700,1913.250,1
19:23:46.46800,1913.000,2
19:23:50.01100,1913.250,6
19:23:50.27300,1913.000,5
19:23:51.75300,1913.250,2
19:23:52.39000,1913.000,1
19:23:54.04600,1913.250,1
19:23:57.23400,1913.250,16
19:24:07.15200,1913.250,3
19:24:10.30800,1913.000,21
19:24:12.59700,1913.250,1
19:24:13.80400,1913.250,7
19:24:20.01100,1913.250,1
19:24:24.82000,1913.250,9
19:24:26.15600,1913.250,10
19:24:29.64400,1913.250,1
19:24:29.82000,1913.250,12
19:24:32.27700,1913.000,1
19:24:33.79600,1913.000,1
19:24:35.15600,1913.000,1
19:24:37.39800,1913.000,1
19:24:37.56200,1913.000,1
19:24:52.05800,1913.250,2
19:24:54.56200,1913.000,2
19:24:55.78900,1913.250,40
19:24:56.39000,1913.250,1
19:25:02.79600,1913.250,2
19:25:09.56200,1913.250,1
19:25:15.72200,1913.250,1
19:25:33.42100,1913.500,2
19:25:45.19900,1913.250,1
19:25:56.39000,1913.500,1
19:25:57.05000,1913.500,1
19:25:57.83500,1913.500,1
19:25:59.50700,1913.500,1
19:26:05.01100,1913.500,7
19:26:06.64400,1913.250,1
19:26:07.05000,1913.250,1
19:26:10.82400,1913.250,19
19:26:11.76900,1913.250,1
19:26:11.93700,1913.000,1
19:26:14.00700,1913.250,1
19:26:14.89000,1913.250,8
19:26:19.89000,1913.500,5
19:26:24.62100,1913.500,8
19:26:25.09700,1913.500,5
19:26:25.22600,1913.500,1
19:26:25.29600,1913.500,2
19:26:26.55400,1913.500,36
19:26:27.34300,1913.750,9
19:26:27.59300,1913.500,4
19:26:29.12800,1913.500,9
19:26:29.28500,1913.750,8
19:26:32.72600,1913.500,1
19:26:34.89000,1913.750,5
19:26:44.85500,1913.750,1
19:26:46.30800,1913.750,1
19:26:49.89000,1913.750,5
19:26:54.79200,1913.750,1
19:26:55.63600,1913.750,1
19:26:59.29200,1913.750,1
19:26:59.46400,1913.500,1
19:27:06.32800,1913.750,24
19:27:09.09700,1913.750,1
19:27:12.38200,1913.750,10
19:27:12.67500,1913.750,1
19:27:13.26900,1913.750,3
19:27:14.03900,1914.000,2
19:27:19.89000,1914.000,5
19:27:20.48400,1913.750,9
19:27:20.78100,1913.750,3
19:27:27.67900,1914.000,4
19:27:33.73800,1913.750,1
19:27:34.60500,1913.750,2
19:27:36.77700,1914.000,1
19:27:37.32400,1913.750,3
19:27:37.81200,1913.750,3
19:27:38.47200,1913.750,8
19:27:39.68300,1913.500,1
19:27:39.96000,1913.500,5
19:27:43.39000,1913.750,1
19:27:44.01500,1913.750,17
19:27:45.64000,1913.750,55
19:27:48.08500,1913.750,1
19:27:48.43300,1913.750,2
19:27:49.24600,1913.750,5
19:27:56.10900,1914.000,1
19:28:14.96000,1913.750,4
19:28:38.00700,1913.750,4
19:28:57.04600,1914.000,1
19:29:01.33900,1913.750,2
19:29:04.78900,1914.000,2
19:29:05.78100,1913.750,30
19:29:06.49600,1913.750,5
19:29:07.10500,1913.750,10
19:29:09.00700,1913.750,1
19:29:13.37100,1913.750,1
19:29:13.51100,1913.750,1
19:29:13.59300,1913.750,1
19:29:14.51900,1913.500,1
19:29:15.89800,1913.750,1
19:29:16.28500,1913.750,1
19:29:18.95700,1913.500,1
19:29:19.46800,1913.750,1
19:29:22.08900,1913.500,1
19:29:27.11300,1913.750,2
19:29:32.65600,1913.750,1
19:29:37.22200,1913.750,8
19:29:37.41400,1913.500,1
19:29:37.57000,1914.000,7
19:29:38.68300,1913.750,2
19:29:40.17100,1913.750,2
19:29:40.25000,1913.500,1
19:29:40.43300,1913.500,1
19:29:46.93300,1913.500,2
19:29:53.36300,1913.750,11
19:30:00.50700,1914.000,2
19:30:06.44900,1914.000,4
19:30:08.52700,1913.750,3
19:30:10.88200,1913.750,1
19:30:18.27700,1913.750,1
19:30:19.74600,1913.500,3
19:30:20.50300,1913.500,7
19:30:35.82400,1913.750,21
19:30:36.45300,1913.750,4
19:30:44.21000,1913.500,1
19:30:46.30400,1913.500,5
19:30:46.42100,1913.500,2
19:30:56.41700,1913.500,3
19:31:15.37100,1913.750,26
19:31:19.68300,1913.750,5
19:31:20.34300,1913.500,1
19:31:20.44100,1913.500,2
19:31:23.78100,1913.750,1
19:31:24.00700,1913.750,1
19:31:24.21000,1913.750,3
19:31:24.82800,1913.500,1
19:31:37.64800,1913.750,10
19:31:50.08500,1913.750,8
19:31:50.28900,1913.750,3
19:31:50.35100,1913.750,7
19:32:03.62500,1913.500,29
19:32:04.79200,1913.250,3
19:32:11.16700,1913.500,11
19:32:11.74200,1913.500,1
19:32:17.00700,1913.500,9
19:32:28.82400,1913.500,2
19:32:29.58200,1913.500,1
19:32:30.26900,1913.500,1
19:32:35.20700,1913.750,3
19:32:38.08900,1913.500,12
19:32:38.43300,1913.500,8
19:32:39.25700,1913.500,3
19:32:39.74600,1913.500,1
19:32:54.83500,1913.750,14
19:32:55.47600,1913.750,3
19:32:56.10900,1914.000,8
19:33:04.84700,1913.750,10
19:33:05.45700,1913.750,1
19:33:10.00700,1913.750,1
19:33:13.96400,1913.750,5
19:33:20.46000,1913.500,4
19:33:35.94100,1913.500,2
19:33:38.76500,1913.500,2
19:33:40.80400,1913.500,1
19:33:41.95300,1913.750,6
19:33:45.68300,1913.750,1
19:34:06.03900,1913.750,11
19:34:07.42900,1913.750,1
19:34:10.34300,1914.000,2
19:34:10.80000,1913.750,1
19:34:12.26100,1913.750,2
19:34:13.76900,1913.500,1
19:34:15.71800,1913.750,2
19:34:18.02300,1913.750,1
19:34:19.37800,1913.750,1
19:34:21.44500,1913.750,5
19:34:22.19100,1913.750,1
19:34:22.82800,1913.750,1
19:34:24.03900,1913.750,1
19:34:26.26900,1913.750,1
19:34:28.66700,1913.750,1
19:34:28.83900,1913.750,1
19:34:30.83200,1913.500,1
19:34:39.92500,1914.000,1
19:34:42.66700,1913.750,26
19:34:45.66700,1913.750,9
19:34:49.86700,1913.500,2
19:34:53.41000,1913.750,3
19:34:53.84300,1913.750,1
19:34:56.14400,1913.750,1
19:35:00.41700,1913.750,4
19:35:00.87100,1913.750,1
19:35:02.82400,1913.750,1
19:35:06.09300,1913.750,1
19:35:10.00700,1913.750,5
19:35:16.24600,1913.750,3
19:35:17.10500,1914.000,8
19:35:17.33900,1914.000,41
19:35:19.00700,1914.000,3
19:35:21.46800,1914.000,1
19:35:22.69500,1914.000,4
19:35:23.87100,1914.000,4
19:35:34.60500,1913.750,1
19:35:42.38600,1914.000,9
19:35:49.00700,1914.000,1
19:35:50.42100,1914.000,2
19:35:51.59700,1913.750,2
19:35:54.08200,1914.000,21
19:35:54.58900,1914.000,5
19:35:57.56200,1914.000,1
19:35:58.41700,1914.000,1
19:36:07.53100,1914.000,6
19:36:09.55000,1913.750,1
19:36:15.68300,1914.000,4
19:36:20.23000,1913.750,2
19:36:20.48400,1914.000,6
19:36:21.51100,1914.000,1
19:36:22.07400,1914.000,1
19:36:37.81200,1913.750,10
19:36:40.42900,1913.750,31
19:36:41.09700,1913.750,1
19:36:46.10100,1913.500,1
19:36:50.35100,1913.750,92
19:37:20.44500,1913.750,12
19:37:27.62800,1913.750,1
19:37:31.59700,1913.750,1
19:37:32.35500,1914.000,1
19:37:39.37500,1913.750,1
19:37:52.34300,1913.750,12
19:37:52.82800,1913.500,1
19:38:17.72600,1913.750,7
19:38:20.44500,1913.500,4
19:38:27.15200,1913.750,1
19:38:33.21000,1913.500,40
19:38:38.67500,1913.750,18
19:38:38.74600,1914.000,19
19:38:39.07400,1913.750,1
19:38:39.20700,1914.000,14
19:38:39.52300,1914.000,42
19:38:39.76100,1914.000,3
19:38:40.08500,1914.000,1
19:38:40.19900,1914.000,16
19:38:42.27300,1914.000,4
19:38:43.05800,1914.000,1
19:38:48.29600,1914.000,1
19:38:48.85100,1914.250,8
19:38:49.14400,1914.250,8
19:38:49.28500,1914.250,30
19:38:49.34700,1914.500,8
19:38:49.83500,1914.500,5
19:38:50.95700,1914.250,13
19:38:51.16700,1914.250,2
19:38:51.24200,1914.500,8
19:38:51.64000,1914.500,2
19:38:51.82000,1914.500,6
19:38:58.65600,1914.500,1
19:38:59.41000,1914.500,1
19:39:01.49600,1914.500,54
19:39:02.26100,1914.250,3
19:39:06.00000,1914.500,7
19:39:06.41000,1914.500,8
19:39:07.03100,1914.500,1
19:39:08.07800,1914.250,1
19:39:11.14000,1914.250,1
19:39:14.48800,1914.500,1
19:39:15.64800,1914.500,1
19:39:17.07000,1914.250,3
19:39:17.26500,1914.250,1
19:39:18.21800,1914.000,1
19:39:18.94900,1914.250,1
19:39:19.29200,1914.250,7
19:39:21.64400,1914.250,6
19:39:22.17900,1914.250,1
19:39:24.27300,1914.250,1
19:39:25.40200,1914.000,1
19:39:29.44500,1914.000,1
19:39:32.89000,1914.250,5
19:39:34.44100,1914.250,1
19:39:34.76500,1914.000,1
19:39:55.00000,1914.000,1
19:39:58.32400,1914.000,1
19:39:59.39400,1914.250,59
19:39:59.73000,1914.250,3
19:40:02.15600,1914.250,2
19:40:03.43700,1914.000,10
19:40:09.00300,1914.250,2
19:40:13.41700,1914.250,1
19:40:13.75700,1914.250,4
19:40:18.48000,1914.000,1
19:40:20.41700,1914.000,6
19:40:25.47200,1914.000,1
19:40:27.64800,1914.000,20
19:40:28.20700,1914.000,1
19:40:35.30000,1914.000,2
19:40:39.21800,1914.000,17
19:40:49.11700,1914.250,1
19:41:07.25000,1914.500,33
19:41:07.67100,1914.500,6
19:41:10.61300,1914.500,1
19:41:18.61300,1914.500,5
19:41:21.05000,1914.750,18
19:41:21.55800,1914.500,1
19:41:23.05400,1914.500,1
19:41:37.18300,1914.750,4
19:41:38.37500,1914.750,1
19:41:40.09700,1914.500,1
19:41:41.14000,1914.750,2
19:41:43.26100,1914.500,1
19:41:44.61300,1914.750,1
19:41:45.75300,1914.500,20
19:41:46.72600,1914.500,5
19:41:47.82400,1914.500,3
19:41:48.29200,1914.500,3
19:41:50.88600,1914.250,1
19:41:52.87500,1914.250,19
19:41:52.94100,1914.500,1
19:41:54.41700,1914.250,1
19:41:56.50000,1914.500,20
19:41:56.79600,1914.500,1
19:41:57.80000,1914.250,1
19:41:59.26500,1914.250,4
19:41:59.43700,1914.500,1
19:41:59.90600,1914.500,1
19:42:07.69100,1914.250,2
19:42:10.66000,1914.500,1
19:42:18.89800,1914.500,2
19:42:19.92500,1914.500,38
19:42:20.11700,1914.500,18
19:42:20.15200,1914.500,8
19:42:20.36700,1914.500,8
19:42:21.09700,1914.250,1
19:42:24.44900,1914.500,9
19:42:24.77700,1914.500,5
19:42:25.12100,1914.750,2
19:42:25.60500,1914.750,1
19:42:26.78900,1914.750,1
19:42:34.65600,1914.750,1
19:42:36.01100,1914.750,1
19:42:37.21400,1914.750,64
19:42:37.56200,1914.750,10
19:42:38.85500,1915.000,1
19:42:41.17500,1914.750,1
19:42:42.67100,1914.500,104
19:42:44.77700,1914.750,1
19:42:54.71000,1914.750,1
19:42:56.29200,1914.750,6
19:42:56.31200,1914.750,5
19:43:04.43300,1914.500,2
19:43:04.59700,1914.500,3
19:43:08.06200,1914.500,2
19:43:14.45300,1914.500,7
19:43:15.63200,1914.500,8
19:43:16.12500,1914.500,1
19:43:16.92900,1914.250,25
19:43:18.10900,1914.500,2
19:43:19.13600,1914.500,5
19:43:26.69900,1914.500,1
19:43:28.19100,1914.500,3
19:43:32.93700,1914.250,1
19:43:33.68700,1914.500,12
19:43:39.55400,1914.500,2
19:43:55.00700,1914.250,28
19:43:59.48800,1914.250,1
19:44:02.03100,1914.250,5
19:44:03.24600,1914.250,1
19:44:07.63600,1914.250,1
19:44:09.06600,1914.250,4
19:44:12.22600,1914.250,1
19:44:13.53100,1914.250,8
19:44:18.84700,1914.500,1
19:44:31.11300,1914.250,2
19:44:32.25300,1914.250,1
19:44:34.30000,1914.500,5
19:44:41.04600,1914.500,1
19:44:43.30000,1914.500,12
19:44:48.09700,1914.500,1
19:44:56.33200,1914.500,5
19:44:59.22600,1914.500,1
19:44:59.89000,1914.250,1
19:45:02.73000,1914.500,8
19:45:09.91000,1914.500,4
19:45:11.17500,1914.500,1
19:45:12.77300,1914.500,10
19:45:13.31200,1914.500,1
19:45:18.89000,1914.250,2
19:45:40.64800,1914.250,16
19:45:41.50300,1914.250,8
19:45:42.83900,1914.250,5
19:45:44.74200,1914.250,1
19:45:59.89000,1914.250,1
19:46:08.15200,1914.250,4
19:46:11.35900,1914.250,11
19:46:16.53500,1914.000,2
19:46:19.95700,1914.250,1
19:46:28.32400,1914.250,4
19:46:29.52700,1914.250,2
19:46:33.03100,1914.250,1
19:46:40.29200,1914.500,9
19:46:40.89000,1914.250,1
19:46:42.37500,1914.500,4
19:46:46.14000,1914.250,1
19:46:59.89000,1914.250,2
19:47:08.15600,1914.500,99
19:47:08.27700,1914.500,1
19:47:10.53500,1914.750,1
19:47:16.83200,1914.750,1
19:47:17.39400,1914.750,3
19:47:27.82400,1914.750,8
19:47:30.28500,1914.750,11
19:47:38.94900,1914.750,21
19:47:39.18700,1914.750,1
19:47:40.65200,1914.750,1
19:47:43.56200,1914.750,29
19:47:44.20300,1914.750,1
19:47:44.72200,1914.750,9
19:47:48.68300,1915.000,203
19:47:49.48400,1915.000,1
19:47:51.82000,1915.000,9
19:47:58.48400,1915.250,9
19:47:59.91000,1915.250,56
19:48:02.32000,1915.250,5
19:48:06.77300,1915.000,1
19:48:07.43300,1915.250,2
19:48:07.61700,1915.250,2
19:48:08.35500,1915.250,4
19:48:10.25700,1915.250,9
19:48:10.71000,1915.250,7
19:48:13.37500,1915.250,8
19:48:13.88200,1915.000,1
19:48:16.94100,1915.250,1
19:48:18.10500,1915.250,2
19:48:19.50700,1915.250,1
19:48:25.62800,1915.250,3
19:48:26.21400,1915.000,1
19:48:32.75300,1915.000,1
19:48:34.56200,1915.000,173
19:48:34.56600,1915.000,83
19:48:35.09300,1915.250,1
19:48:40.10900,1915.250,1
19:48:41.17100,1915.000,3
19:48:50.54600,1915.000,1
19:48:54.41700,1915.250,1
19:48:58.00700,1915.000,1
19:48:58.82800,1915.250,2
19:48:59.88600,1915.000,1
19:49:03.84700,1915.250,3
19:49:08.27300,1915.250,1
19:49:11.03500,1915.000,8
19:49:11.90200,1915.000,1
19:49:12.25700,1914.750,87
19:49:17.26500,1914.750,7
19:49:31.59700,1915.000,2
19:49:34.83500,1915.000,1
19:49:41.74600,1915.000,5
19:49:59.88200,1914.750,1
19:50:02.42100,1915.000,21
19:50:05.19100,1915.000,1
19:50:05.35900,1915.000,2
19:50:05.91400,1915.000,1
19:50:08.19900,1915.000,1
19:50:08.32400,1915.000,5
19:50:09.36300,1915.000,2
19:50:12.07800,1915.000,10
19:50:17.02700,1915.000,4
19:50:19.62800,1914.750,1
19:50:28.43700,1915.000,5
19:50:52.97200,1915.000,2
19:50:56.96800,1915.000,2
19:50:59.88200,1914.750,1
19:51:09.14800,1915.000,61
19:51:11.56200,1915.000,8
19:51:13.36300,1915.000,2
19:51:15.78500,1915.000,1
19:51:18.25300,1914.750,5
19:51:20.52300,1914.750,1
19:51:22.01500,1914.750,13
19:51:23.17500,1914.750,12
19:51:26.85100,1914.750,5
19:51:31.22600,1914.750,1
19:51:31.77300,1914.750,4
19:51:32.25300,1914.750,1
19:51:57.06200,1914.750,2
19:51:59.87800,1914.500,1
19:52:07.05000,1914.750,5
19:52:07.47600,1914.750,1
19:52:10.23400,1914.750,4
19:52:17.94500,1914.500,1
19:52:32.02700,1914.750,1
19:52:34.28900,1914.500,20
19:52:34.35100,1914.500,1
19:52:55.54200,1914.250,11
19:52:56.22200,1914.250,12
19:52:57.79200,1914.250,1
19:52:58.46400,1914.250,31
19:52:59.87800,1914.000,1
19:53:03.20700,1914.000,28
19:53:05.21000,1914.250,10
19:53:06.57800,1914.250,9
19:53:07.50700,1914.250,1
19:53:09.28500,1914.500,1
19:53:12.25700,1914.250,14
19:53:16.73400,1914.500,1
19:53:25.64800,1914.500,12
19:53:44.80000,1914.500,1
19:53:45.72200,1914.500,5
19:53:56.40600,1914.500,2
19:53:59.87500,1914.250,2
19:54:13.61700,1914.500,3
19:54:14.72600,1914.500,1
19:54:18.58500,1914.500,1
19:54:22.53100,1914.500,1
19:54:23.68700,1914.500,1
19:54:25.10500,1914.500,2
19:54:26.39400,1914.500,1
19:54:32.30400,1914.500,1
19:54:34.26500,1914.500,5
19:54:44.71400,1914.750,1
19:54:48.37800,1914.500,5
19:54:55.73400,1914.250,24
19:54:55.88200,1914.250,1
19:55:00.08900,1914.250,4
19:55:00.51100,1914.500,1
19:55:02.72200,1914.500,1
19:55:04.29200,1914.500,4
19:55:16.30400,1914.250,1
19:55:24.73800,1914.250,1
19:55:38.83200,1914.250,9
19:55:40.16400,1914.250,1
19:55:59.87100,1914.250,1
19:56:10.04600,1914.250,17
19:56:11.50700,1914.500,2
19:56:18.68700,1914.500,1
19:56:20.25000,1914.500,4
19:56:20.84700,1914.500,16
19:56:21.11700,1914.500,1
19:56:23.62100,1914.500,1
19:56:24.30800,1914.500,10
19:56:28.66000,1914.500,1
19:56:41.23800,1914.500,1
19:56:56.64800,1914.500,37
19:56:59.87100,1914.500,1
19:57:03.51500,1914.750,71
19:57:04.25300,1914.750,1
19:57:04.63600,1914.750,1
19:57:05.79600,1915.000,6
19:57:06.26900,1915.000,46
19:57:06.40600,1915.000,5
19:57:07.19900,1915.000,1
19:57:08.82800,1915.000,1
19:57:10.51100,1915.000,21
19:57:10.70700,1915.000,12
19:57:11.86700,1915.000,4
19:57:18.20700,1915.000,2
19:57:18.85100,1915.000,5
19:57:20.04600,1915.250,1
19:57:23.30400,1915.000,8
19:57:23.84700,1915.000,4
19:57:24.63600,1915.000,1
19:57:24.83500,1915.000,15
19:57:26.25300,1915.250,3
19:57:29.56600,1915.000,6
19:57:33.41700,1915.000,2
19:57:39.16400,1915.000,2
19:57:48.89000,1914.750,10
19:57:55.48800,1914.750,6
19:57:55.73400,1914.500,1
19:57:56.35100,1914.500,1
19:57:59.86700,1914.500,1
19:58:10.68300,1914.750,4
19:58:15.63200,1914.750,5
19:58:18.65600,1914.750,2
19:58:20.78900,1914.750,10
19:58:24.43700,1914.750,2
19:58:32.30000,1914.750,1
19:58:43.10900,1914.750,8
19:58:50.38200,1914.500,1
19:58:55.24600,1914.500,27
19:58:56.91700,1914.500,1
19:58:59.86700,1914.500,1
19:59:05.39000,1914.500,2
19:59:10.62800,1914.750,1
19:59:11.12800,1914.500,1
19:59:11.85900,1914.500,1
19:59:15.07800,1914.500,22
19:59:16.00700,1914.500,1
19:59:17.25700,1914.500,3
19:59:18.19900,1914.500,1
19:59:18.91400,1914.500,1
19:59:21.76900,1914.250,1
19:59:21.92500,1914.250,1
19:59:26.41000,1914.250,1
19:59:26.58200,1914.250,1
19:59:35.97200,1914.500,24
19:59:36.13600,1914.500,2
19:59:37.03100,1914.250,1
19:59:44.76900,1914.750,1
19:59:50.03900,1914.750,8
19:59:50.65200,1914.500,2
19:59:59.58500,1914.500,1
19:59:59.77300,1914.500,1
19:59:59.86300,1914.500,1
20:00:01.18300,1914.750,0
20:00:02.21800,1914.750,5
20:00:03.10900,1914.500,27
20:00:03.19500,1914.500,1
20:00:05.40200,1914.500,1
20:00:07.46400,1914.250,1
20:00:09.52300,1914.250,1
20:00:09.65600,1914.250,2
20:00:11.41000,1914.250,1
20:00:11.52700,1914.250,1
20:00:11.91400,1914.250,6
20:00:12.14400,1914.250,4
20:00:13.26500,1914.250,1
20:00:13.62800,1914.250,2
20:00:14.44900,1914.500,1
20:00:15.43700,1914.250,2
20:00:16.22200,1914.250,77
20:00:16.71000,1914.250,3
20:00:16.96400,1914.250,1
20:00:17.47200,1914.250,4
20:00:17.64800,1914.250,4
20:00:17.74600,1914.250,3
20:00:19.28500,1914.500,1
20:00:20.68700,1914.250,44
20:00:20.75300,1914.250,19
20:00:24.65600,1914.250,1
20:00:26.25000,1914.250,1
20:00:27.60100,1914.250,1
20:00:27.74200,1914.250,1
20:00:29.51500,1914.250,5
20:00:31.81200,1914.000,2
20:00:31.96800,1914.000,1
20:00:35.59700,1914.250,13
20:00:45.22200,1914.250,1
20:00:47.12500,1914.250,1
20:00:48.26500,1914.250,2
20:00:49.66000,1914.250,1
20:00:50.41400,1914.250,1
20:00:50.50000,1914.250,9
20:00:50.80400,1914.250,2
20:00:52.80400,1914.250,3
20:00:52.95300,1914.250,1
20:00:54.28500,1914.000,1
20:00:58.26100,1914.250,10
20:00:59.10900,1914.250,1
20:00:59.42900,1914.250,2
20:00:59.86300,1914.250,1
20:01:05.92100,1914.500,27
20:01:09.25700,1914.500,5
20:01:10.39800,1914.500,6
20:01:13.48400,1914.500,1
20:01:19.16400,1914.750,4
20:01:23.91400,1914.250,1
20:01:28.36700,1914.250,4
20:01:29.75300,1914.250,1
20:01:50.13200,1914.250,20
20:01:52.95300,1914.500,1
20:01:54.43300,1914.500,10
20:01:55.35500,1914.500,4
20:01:56.65200,1914.500,20
20:01:57.24200,1914.500,1
20:01:59.85900,1914.500,1
20:02:02.13600,1914.750,2
20:02:02.62100,1914.500,6
20:02:03.40200,1914.750,1
20:02:04.32400,1914.750,13
20:02:04.67900,1914.750,2
20:02:10.62800,1915.000,61
20:02:11.11700,1915.000,2
20:02:11.85100,1915.000,3
20:02:14.33200,1915.250,2
20:02:14.91400,1915.000,2
20:02:15.77700,1915.250,27
20:02:17.07000,1915.250,1
20:02:17.76100,1915.250,1
20:02:18.26900,1915.250,1
20:02:18.43300,1915.250,31
20:02:19.66000,1915.500,30
20:02:19.71800,1915.500,3
20:02:20.11700,1915.500,9
20:02:20.24200,1915.500,6
20:02:20.26100,1915.500,1
20:02:20.54600,1915.500,29
20:02:22.78100,1915.500,1
20:02:23.32800,1915.500,39
20:02:23.93300,1915.500,2
20:02:25.21400,1915.500,3
20:02:25.55400,1915.500,9
20:02:27.13200,1915.500,2
20:02:28.17500,1915.500,7
20:02:28.54600,1915.500,15
20:02:28.76100,1915.750,10
20:02:28.83900,1915.750,1
20:02:29.40600,1915.500,1
20:02:30.09700,1915.500,4
20:02:31.47600,1915.500,1
20:02:32.03100,1915.500,32
20:02:33.46400,1915.500,1
20:02:33.80000,1915.500,13
20:02:41.10900,1915.500,2
20:02:47.68300,1915.250,10
20:02:49.55400,1915.250,1
20:02:50.02700,1915.500,1
20:02:50.29600,1915.500,1
20:02:53.55400,1915.500,1
20:02:56.76100,1915.500,1
20:02:59.74600,1915.250,1
20:03:03.73400,1915.250,36
20:03:09.51100,1915.250,4
20:03:13.49600,1915.500,1
20:03:15.65200,1915.500,3
20:03:18.01100,1915.500,1
20:03:21.71000,1915.500,1
20:03:22.37100,1915.500,3
20:03:26.25700,1915.500,1
20:03:26.96400,1915.500,41
20:03:27.54600,1915.500,1
20:03:29.21000,1915.500,1
20:03:30.29600,1915.500,4
20:03:31.29600,1915.500,1
20:03:32.50000,1915.250,1
20:03:34.28100,1915.500,1
20:03:35.33200,1915.500,15
20:03:35.77700,1915.500,3
20:03:36.31600,1915.500,1
20:03:37.15200,1915.500,1
20:03:37.42900,1915.500,1
20:03:39.04200,1915.500,1
20:03:39.37100,1915.500,7
20:03:39.66000,1915.500,1
20:03:41.39000,1915.500,2
20:03:41.59300,1915.500,1
20:03:42.46800,1915.750,1
20:03:50.04200,1915.500,2
20:03:59.85500,1915.500,1
20:04:03.82000,1915.500,22
20:04:12.82000,1915.500,1
20:04:14.04200,1915.500,9
20:04:15.04600,1915.500,1
20:04:20.48800,1915.500,2
20:04:20.70300,1915.250,1
20:04:25.34700,1915.500,1
20:04:27.28500,1915.500,13
20:04:29.84700,1915.500,12
20:04:31.33900,1915.500,4
20:04:31.69500,1915.500,2
20:04:37.31200,1915.500,1
20:04:38.17500,1915.500,1
20:04:47.16700,1915.500,14
20:04:48.00700,1915.500,4
20:04:49.00700,1915.500,4
20:04:49.35900,1915.500,4
20:04:52.71400,1915.500,1
20:04:54.70300,1915.500,3
20:04:55.00700,1915.500,4
20:04:55.94500,1915.500,2
20:04:57.52300,1915.500,1
20:04:58.16400,1915.500,1
20:04:59.96000,1915.500,10
20:05:04.91400,1915.500,15
20:05:05.00700,1915.500,5
20:05:05.35900,1915.500,2
20:05:07.57800,1915.750,3
20:05:11.94900,1915.500,1
20:05:14.91700,1915.500,1
20:05:21.32400,1915.750,1
20:05:21.51100,1915.750,1
20:05:22.26100,1915.500,1
20:05:24.12100,1915.750,3
20:05:24.13600,1915.750,12
20:05:26.84700,1915.750,133
20:05:33.80400,1916.000,16
20:05:34.69500,1916.000,3
20:05:37.86700,1916.000,5
20:05:38.92900,1916.000,1
20:05:40.07400,1915.750,1
20:05:40.90200,1915.750,44
20:05:44.32000,1915.750,1
20:05:51.02300,1916.000,26
20:05:51.84300,1916.000,3
20:05:53.23400,1916.000,7
20:05:53.31200,1916.000,4
20:05:53.83200,1916.000,20
20:05:54.52300,1916.500,517
20:05:54.59700,1916.500,6
20:05:54.65200,1916.250,2
20:05:55.33200,1916.250,10
20:05:56.00700,1916.500,5
20:05:56.78100,1916.500,6
20:06:00.26900,1916.250,2
20:06:00.39000,1916.250,1
20:06:01.58500,1916.500,2
20:06:01.68300,1916.000,42
20:06:01.89400,1916.250,4
20:06:02.38200,1916.250,1
20:06:03.28900,1916.250,17
20:06:05.36300,1916.250,6
20:06:06.12800,1916.250,7
20:06:07.08900,1916.250,11
20:06:07.60500,1916.250,1
20:06:08.42900,1916.250,4
20:06:08.95700,1916.250,1
20:06:10.12100,1916.500,2
20:06:13.03900,1916.500,1
20:06:13.50000,1916.500,6
20:06:17.54600,1916.500,1
20:06:17.94500,1916.250,2
20:06:19.04600,1916.500,1
20:06:20.53500,1916.500,31
20:06:21.08900,1916.500,1
20:06:21.64000,1916.500,13
20:06:24.25000,1916.250,5
20:06:26.21400,1916.500,11
20:06:27.42500,1916.500,1
20:06:27.67100,1916.250,2
20:06:28.81200,1916.500,1
20:06:31.29200,1916.500,9
20:06:31.51900,1916.000,111
20:06:32.05800,1916.250,1
20:06:32.13200,1916.250,4
20:06:35.49600,1916.250,1
20:06:41.61700,1916.250,3
20:06:42.11700,1916.250,1
20:06:43.41400,1916.250,1
20:06:44.58200,1916.250,1
20:06:45.50300,1916.250,1
20:06:45.94100,1916.250,1
20:06:50.38600,1916.250,113
20:06:51.31600,1916.250,1
20:06:56.57400,1916.250,1
20:06:57.76100,1916.500,10
20:06:58.16700,1916.500,1
20:06:59.35500,1916.500,1
20:07:02.28100,1916.750,9
20:07:04.64800,1916.750,1
20:07:05.18700,1916.750,1
20:07:05.30000,1916.500,1
20:07:06.33200,1916.500,1
20:07:07.42500,1916.500,63
20:07:08.25300,1916.500,1
20:07:14.62100,1916.250,2
20:07:17.49600,1916.500,1
20:07:23.58500,1916.500,1
20:07:30.34700,1916.500,1
20:07:33.29200,1916.250,18
20:07:33.68300,1916.250,1
20:07:45.34300,1916.250,1
20:07:49.27700,1916.500,5
20:07:49.92100,1916.250,17
20:07:58.32400,1916.000,1
20:08:04.26900,1916.250,6
20:08:06.02700,1916.250,12
20:08:09.20700,1916.000,1
20:08:10.01100,1916.250,1
20:08:12.05400,1916.000,1
20:08:14.05800,1916.000,2
20:08:19.31200,1916.250,2
20:08:20.62500,1916.250,24
20:08:23.74200,1916.500,1
20:08:28.44900,1916.500,21
20:08:28.51500,1916.500,2
20:08:29.66400,1916.500,1
20:08:32.73400,1916.500,1
20:08:33.40600,1916.500,1
20:08:35.14000,1916.500,1
20:08:36.70700,1916.500,4
20:08:40.00000,1916.500,2
20:08:43.83200,1916.500,1
20:08:44.44100,1916.500,1
20:08:46.21400,1916.500,2
20:08:47.05000,1916.500,8
20:08:48.88600,1916.750,5
20:08:49.57000,1916.500,1
20:08:50.42100,1916.500,13
20:08:53.11700,1916.500,6
20:08:54.47600,1916.500,3
20:08:55.63200,1916.750,1
20:08:56.01900,1916.500,1
20:08:57.92100,1916.500,1
20:08:59.03100,1916.500,5
20:09:11.24200,1916.500,35
20:09:15.44900,1916.750,4
20:09:18.28500,1916.750,57
20:09:20.58500,1917.250,180
20:09:20.60500,1917.250,9
20:09:20.72600,1917.500,11
20:09:20.80000,1917.250,1
20:09:20.92100,1917.500,2
20:09:21.44500,1917.500,3
20:09:21.56600,1917.250,6
20:09:21.69900,1917.500,42
20:09:22.34700,1917.250,1
20:09:22.42500,1917.500,1
20:09:22.84700,1917.500,21
20:09:24.24600,1917.500,8
20:09:25.44100,1917.500,11
20:09:25.62500,1917.500,136
20:09:25.83200,1917.500,12
20:09:26.84300,1917.500,1
20:09:27.55000,1917.250,1
20:09:28.27700,1917.250,2
20:09:30.05800,1917.250,1
20:09:31.37100,1917.500,5
20:09:31.51900,1917.250,1
20:09:33.05400,1917.500,5
20:09:34.66400,1917.500,1
20:09:34.78900,1917.250,1
20:09:35.78500,1917.250,2
20:09:36.28900,1917.500,1
20:09:37.43300,1917.500,1
20:09:37.63200,1917.000,42
20:09:39.09300,1917.250,1
20:09:39.32000,1917.250,65
20:09:39.63200,1917.250,1
20:09:42.00300,1917.250,8
20:09:43.16400,1917.250,4
20:09:43.30800,1917.250,1
20:09:43.79600,1917.250,1
20:09:44.49600,1917.250,1
20:09:45.55400,1917.500,1
20:09:47.02300,1917.250,1
20:09:48.14400,1917.500,1
20:09:48.67100,1917.250,27
20:09:49.77700,1917.250,18
20:09:50.09300,1917.250,1
20:09:52.42900,1917.500,2
20:09:52.60900,1917.500,3
20:09:53.53100,1917.500,1
20:09:53.89400,1917.250,32
20:09:54.07000,1917.250,6
20:09:55.61300,1917.250,8
20:09:56.47600,1917.500,2
20:09:57.57400,1917.500,26
20:09:58.28900,1917.250,1
20:10:00.56200,1917.500,2
20:10:01.43300,1917.500,1
20:10:01.84300,1917.500,26
20:10:02.28500,1917.500,2
20:10:02.61300,1917.500,7
20:10:02.69500,1917.750,2
20:10:03.01100,1917.750,2
20:10:03.16000,1917.750,3
20:10:05.95700,1917.500,2
20:10:10.36700,1917.500,1
20:10:11.66000,1917.500,1
20:10:11.93300,1917.500,2
20:10:13.83500,1917.750,1
20:10:15.80000,1917.750,2
20:10:16.00300,1917.500,2
20:10:16.26500,1917.500,1
20:10:17.35500,1917.500,4
20:10:17.55800,1917.500,2
20:10:17.97200,1917.250,26
20:10:18.12100,1917.500,6
20:10:19.37500,1917.250,3
20:10:23.75000,1917.250,1
20:10:26.16000,1917.500,1
20:10:27.21000,1917.250,1
20:10:29.53500,1917.250,1
20:10:30.95300,1917.250,2
20:10:32.29600,1917.250,1
20:10:34.30000,1917.250,4
20:10:34.48400,1917.500,9
20:10:34.79600,1917.250,8
20:10:35.75000,1917.500,13
20:10:36.09700,1917.500,1
20:10:39.75300,1917.500,2
20:10:40.11300,1917.250,28
20:10:40.26900,1917.250,1
20:10:40.79200,1917.250,1
20:10:42.67100,1917.000,2
20:10:44.01500,1917.250,1
20:10:45.25300,1917.000,1
20:10:46.34300,1917.250,5
20:10:46.84700,1917.250,2
20:10:47.26100,1917.250,3
20:10:47.86700,1917.000,1
20:10:48.49600,1917.250,4
20:10:48.63200,1917.500,23
20:10:51.09700,1917.500,2
20:10:52.55000,1917.500,1
20:10:58.33500,1917.750,53
20:11:01.37100,1916.500,871
20:11:01.44100,1917.000,52
20:11:01.59300,1917.250,60
20:11:01.66700,1917.000,8
20:11:01.83900,1916.750,47
20:11:02.47600,1917.250,4
20:11:03.59700,1917.000,11
20:11:04.05000,1917.000,3
20:11:04.17500,1917.000,1
20:11:04.23000,1917.000,6
20:11:04.35100,1917.000,1
20:11:05.19100,1917.000,6
20:11:06.08200,1917.250,6
20:11:06.39800,1917.250,17
20:11:06.62100,1917.250,2
20:11:07.44900,1917.000,4
20:11:08.18700,1916.750,33
20:11:08.35500,1916.750,4
20:11:08.53100,1916.750,1
20:11:08.96000,1916.500,1
20:11:09.27700,1916.750,1
20:11:09.32800,1916.750,4
20:11:09.57000,1916.750,1
20:11:09.92500,1916.750,1
20:11:11.90600,1916.750,19
20:11:13.91700,1916.750,1
20:11:14.75700,1917.000,3
20:11:16.07400,1917.000,11
20:11:16.90200,1917.000,3
20:11:17.32400,1916.750,3
20:11:17.58900,1917.000,5
20:11:19.47200,1917.000,2
20:11:22.45700,1917.250,1
20:11:24.35100,1917.000,1
20:11:24.64800,1917.000,1
20:11:26.91400,1917.250,2
20:11:28.07800,1917.000,4
20:11:30.83500,1917.000,1
20:11:31.91700,1917.000,3
20:11:33.06600,1917.000,1
20:11:36.17100,1917.000,1
20:11:41.06600,1917.250,1
20:11:41.50000,1917.000,1
20:11:45.01900,1917.250,1
20:11:48.73800,1917.250,4
20:11:53.10900,1917.000,1
20:11:55.42500,1917.000,6
20:11:55.67500,1917.250,1
20:12:00.92900,1917.000,3
20:12:01.57400,1917.000,10
20:12:03.39400,1917.250,8
20:12:04.55000,1917.250,1
20:12:08.87100,1917.000,4
20:12:11.21400,1917.000,1
20:12:11.87500,1917.000,1
20:12:12.09700,1917.000,2
20:12:13.76900,1916.750,2
20:12:19.32000,1917.000,1
20:12:20.57000,1917.000,4
20:12:21.37100,1917.000,2
20:12:22.74200,1917.000,1
20:12:23.39400,1917.000,2
20:12:26.21000,1917.000,2
20:12:26.39800,1917.000,1
20:12:29.58500,1916.750,1
20:12:30.23000,1917.000,2
20:12:34.21800,1916.750,5
20:12:36.53100,1916.750,2
20:12:38.87500,1917.000,2
20:12:44.35900,1917.000,1
20:12:44.79200,1917.000,5
20:12:47.21000,1917.000,1
20:12:49.74200,1916.750,1
20:12:52.92100,1916.750,1
20:12:54.19100,1916.750,1
20:12:57.79200,1916.750,1
20:13:00.73000,1916.750,35
20:13:02.16700,1916.750,2
20:13:06.08900,1916.750,1
20:13:06.32400,1916.750,20
20:13:11.01500,1916.750,2
20:13:11.53100,1916.750,1
20:13:12.17100,1916.750,1
20:13:13.30000,1916.750,1
20:13:17.38600,1916.500,1
20:13:21.42100,1916.500,1
20:13:22.11700,1916.500,1
20:13:26.71800,1916.500,10
20:13:26.95700,1916.500,4
20:13:28.67900,1916.750,2
20:13:28.82800,1916.500,2
20:13:36.86300,1916.250,17
20:13:40.28100,1916.250,5
20:13:47.50300,1916.500,27
20:13:51.52300,1916.750,1
20:13:52.09700,1916.500,5
20:14:00.73800,1916.750,21
20:14:01.82000,1916.750,5
20:14:02.12500,1916.750,3
20:14:14.60100,1916.750,5
20:14:18.41000,1916.750,1
20:14:21.09300,1917.000,15
20:14:23.39800,1916.750,1
20:14:25.17100,1917.000,10
20:14:28.15600,1916.750,1
20:14:41.69500,1916.750,2
20:14:45.64000,1916.750,1
20:14:51.28100,1916.750,1
20:14:52.69900,1916.750,10
20:14:54.25700,1916.750,1
20:14:57.10100,1917.000,1
20:14:58.05000,1916.750,1
20:15:01.23400,1916.750,8
20:15:02.37800,1916.750,1
20:15:05.27300,1917.000,28
20:15:05.33900,1917.000,10
20:15:10.80000,1917.000,1
20:15:11.02700,1917.250,15
20:15:11.17500,1917.250,1
20:15:11.30000,1917.250,2
20:15:11.41000,1917.250,3
20:15:12.02300,1917.250,1
20:15:13.26500,1917.250,2
20:15:19.39800,1917.500,4
20:15:21.47200,1917.500,1
20:15:22.48800,1917.500,1
20:15:22.90600,1917.250,1
20:15:23.96800,1917.250,2
20:15:24.64800,1917.000,12
20:15:24.73800,1917.000,3
20:15:24.84300,1917.000,1
20:15:27.11700,1916.750,11
20:15:27.26900,1916.750,1
20:15:27.41700,1916.750,1
20:15:27.62500,1916.500,4
20:15:27.73000,1916.750,1
20:15:27.87800,1916.750,1
20:15:28.04200,1916.750,1
20:15:28.86300,1916.500,21
20:15:30.00700,1916.250,61
20:15:30.03900,1916.250,1
20:15:30.85100,1916.250,2
20:15:31.00700,1916.250,12
20:15:33.34300,1916.500,1
20:15:34.33900,1916.500,13
20:15:36.61300,1916.500,1
20:15:37.02300,1916.750,3
20:15:37.96000,1916.750,4
20:15:41.00700,1916.750,5
20:15:41.96000,1917.000,47
20:15:42.60100,1916.750,22
20:15:43.30800,1916.750,1
20:15:44.42100,1916.750,14
20:15:45.56600,1916.750,7
20:15:47.33500,1917.000,2
20:15:48.40600,1916.750,34
20:15:49.01100,1916.750,5
20:15:49.69100,1916.750,3
20:15:51.19100,1916.750,1
20:15:51.89000,1916.500,2
20:15:54.88200,1916.750,7
20:15:55.52300,1916.750,1
20:15:58.53100,1916.750,1
20:15:58.73400,1916.750,4
20:15:59.25300,1916.750,1
20:16:07.16400,1916.750,8
20:16:10.45300,1916.750,1
20:16:10.66700,1916.750,2
20:16:11.50300,1916.750,5
20:16:13.30800,1916.500,1
20:16:14.58200,1916.750,1
20:16:15.46400,1917.000,1
20:16:17.89800,1917.000,1
20:16:20.53900,1916.750,2
20:16:22.11300,1917.000,1
20:16:23.28100,1917.000,29
20:16:23.50300,1917.000,3
20:16:24.18300,1917.000,5
20:16:25.50000,1917.000,1
20:16:28.55800,1917.000,10
20:16:29.11300,1917.000,1
20:16:30.83900,1917.000,22
20:16:31.69100,1916.750,1
20:16:33.85100,1916.750,22
20:16:35.64400,1916.500,1
20:16:41.14400,1916.750,9
20:16:43.50000,1916.500,7
20:16:44.42100,1916.750,1
20:16:46.87800,1916.750,2
20:16:48.04200,1916.750,1
20:16:48.37500,1917.000,5
20:16:48.91400,1916.750,19
20:16:49.92900,1916.500,23
20:16:50.57800,1916.500,3
20:16:51.60100,1916.500,2
20:16:52.01100,1916.500,10
20:16:53.83900,1916.500,2
20:16:55.12100,1916.250,6
20:16:57.41700,1916.500,3
20:16:58.28500,1916.250,1
20:17:00.30400,1916.500,6
20:17:01.33200,1916.500,3
20:17:02.07000,1916.500,4
20:17:02.28900,1916.750,2
20:17:02.96400,1916.500,1
20:17:07.10100,1916.500,1
20:17:08.64000,1916.250,1
20:17:09.36700,1916.500,2
20:17:09.53100,1916.500,5
20:17:09.84300,1916.500,7
20:17:10.95300,1916.250,1
20:17:11.82000,1916.500,3
20:17:14.26900,1916.250,5
20:17:18.27700,1916.500,7
20:17:18.65200,1916.500,2
20:17:19.30000,1916.500,1
20:17:19.53100,1916.500,1
20:17:21.38600,1916.250,18
20:17:21.70700,1916.250,1
20:17:21.94500,1916.250,6
20:17:22.52700,1916.250,1
20:17:23.41400,1916.250,1
20:17:23.79600,1916.000,8
20:17:24.16000,1916.000,25
20:17:24.36300,1916.000,1
20:17:24.85500,1916.000,1
20:17:26.31600,1916.000,24
20:17:28.12500,1916.250,7
20:17:28.25300,1916.250,2
20:17:29.05000,1916.000,4
20:17:31.32400,1915.750,8
20:17:31.55400,1916.250,9
20:17:32.01900,1916.250,1
20:17:39.14400,1916.000,1
20:17:40.60900,1916.000,7
20:17:41.35500,1916.000,5
20:17:42.55000,1916.000,1
20:17:43.50700,1916.250,1
20:17:47.62100,1916.000,1
20:17:48.75300,1916.000,3
20:17:48.89000,1916.000,12
20:17:49.85900,1916.000,2
20:17:54.94100,1916.000,3
20:17:56.61700,1916.250,5
20:17:58.67500,1916.000,7
20:18:00.19500,1916.250,23
20:18:01.94500,1916.000,3
20:18:04.01100,1915.750,1
20:18:04.72600,1916.000,1
20:18:06.15200,1916.000,10
20:18:06.23000,1916.000,1
20:18:06.55800,1916.000,1
20:18:07.60100,1916.250,2
20:18:09.90600,1916.000,1
20:18:10.79600,1916.250,5
20:18:11.75300,1916.250,11
20:18:12.72200,1916.250,3
20:18:13.55800,1916.250,1
20:18:20.53500,1916.000,3
20:18:21.55000,1916.250,1
20:18:22.15600,1916.250,11
20:18:22.62500,1916.250,2
20:18:24.91700,1916.250,1
20:18:29.94900,1916.250,6
20:18:31.20700,1916.250,8
20:18:33.61700,1916.250,7
20:18:35.51100,1916.000,2
20:18:45.75000,1916.250,3
20:18:46.32800,1916.250,10
20:18:47.32800,1916.250,1
20:18:49.92900,1916.500,5
20:18:56.07400,1916.500,1
20:19:02.30800,1916.500,5
20:19:04.22200,1916.500,2
20:19:11.81600,1916.500,9
20:19:17.00700,1916.500,12
20:19:22.70300,1916.250,12
20:19:24.10900,1916.500,1
20:19:32.76100,1916.500,4
20:19:38.54600,1916.500,13
20:19:39.39000,1916.250,20
20:19:58.73800,1916.500,5
20:20:00.55000,1916.500,8
20:20:03.84700,1916.500,9
20:20:06.01500,1916.500,2
20:20:09.59300,1916.500,7
20:20:10.28900,1916.750,5
20:20:18.30400,1916.500,7
20:20:20.71000,1916.500,1
20:20:32.68300,1916.750,4
20:20:35.60900,1916.500,10
20:20:35.91000,1916.500,11
20:20:41.21400,1916.500,1
20:20:43.24600,1916.500,1
20:20:44.19100,1916.500,1
20:20:45.24600,1916.500,17
20:20:48.67500,1916.500,1
20:20:59.39000,1916.500,11
20:21:05.49200,1916.750,2
20:21:07.35100,1916.500,9
20:21:09.02700,1916.750,5
20:21:09.90200,1916.750,1
20:21:13.83500,1916.500,2
20:21:16.07000,1916.500,4
20:21:19.27300,1916.500,1
20:21:21.64400,1916.250,2
20:21:22.92500,1916.250,21
20:21:25.38600,1916.000,91
20:21:25.62500,1916.000,1
20:21:25.74600,1916.000,1
20:21:27.02700,1916.000,5
20:21:27.79600,1915.750,2
20:21:28.48800,1916.000,1
20:21:30.76500,1916.000,5
20:21:30.96800,1916.000,2
20:21:32.66700,1915.750,1
20:21:33.09700,1915.750,8
20:21:34.32800,1916.000,1
20:21:43.97200,1916.000,6
20:21:47.21400,1916.000,12
20:21:48.00700,1916.000,16
20:21:49.38600,1916.250,2
20:21:55.14000,1916.250,65
20:22:05.34700,1916.250,10
20:22:09.31200,1916.000,20
20:22:10.92500,1916.000,1
20:22:12.88200,1916.250,2
20:22:14.14800,1916.000,2
20:22:16.76500,1916.000,6
20:22:17.68300,1916.000,1
20:22:20.50300,1916.000,3
20:22:20.76900,1916.000,2
20:22:23.53500,1916.000,1
20:22:27.10900,1916.000,3
20:22:33.14400,1916.000,7
20:22:36.42900,1916.000,22
20:22:48.04200,1915.750,25
20:22:48.34700,1915.750,3
20:22:49.78500,1915.750,1
20:22:59.73000,1915.250,40
20:23:02.51100,1915.250,2
20:23:02.96800,1915.250,2
20:23:03.09300,1915.250,4
20:23:03.25700,1915.250,4
20:23:03.60100,1915.250,1
20:23:03.89000,1915.250,38
20:23:04.15600,1915.250,8
20:23:04.47200,1915.000,7
20:23:05.40200,1914.750,179
20:23:05.86300,1915.000,32
20:23:06.07400,1915.000,1
20:23:06.36700,1914.750,1
20:23:07.28900,1914.750,1
20:23:07.60100,1915.000,3
20:23:08.38600,1915.000,2
20:23:08.89000,1915.000,1
20:23:09.54200,1915.000,2
20:23:09.70300,1915.000,1
20:23:10.31200,1915.250,4
20:23:11.51900,1915.000,1
20:23:12.30800,1915.250,13
20:23:12.46400,1915.000,1
20:23:13.06200,1915.000,1
20:23:13.53900,1915.250,1
20:23:14.33900,1915.250,1
20:23:14.46000,1915.250,3
20:23:14.83500,1915.000,1
20:23:16.85500,1915.250,9
20:23:18.38200,1915.250,1
20:23:22.15200,1915.500,16
20:23:22.20300,1915.500,1
20:23:22.29600,1915.500,5
20:23:23.11300,1915.750,1
20:23:24.62500,1915.500,1
20:23:26.69900,1915.500,12
20:23:31.62100,1915.500,37
20:23:33.18700,1915.250,9
20:23:33.83200,1915.250,1
20:23:34.04200,1915.000,5
20:23:35.79200,1915.250,1
20:23:38.51900,1915.250,1
20:23:40.57000,1915.250,1
20:23:40.76100,1915.000,1
20:23:43.26100,1915.000,1
20:23:43.75300,1915.250,1
20:23:45.44100,1915.250,3
20:23:50.21400,1915.250,2
20:23:52.48000,1915.250,5
20:23:55.82400,1915.250,1
20:23:56.03100,1915.250,1
20:24:01.41700,1915.250,5
20:24:10.05400,1915.000,66
20:24:10.61300,1915.000,3
20:24:11.74600,1915.000,2
20:24:12.11700,1915.000,21
20:24:20.25700,1915.250,1
20:24:23.30400,1915.000,28
20:24:25.26500,1914.750,18
20:24:25.37500,1914.750,1
20:24:28.07400,1914.500,11
20:24:28.80400,1914.750,1
20:24:29.17900,1914.500,1
20:24:32.47200,1914.750,67
20:24:32.90600,1914.500,1
20:24:34.67500,1914.750,3
20:24:37.05800,1914.750,1
20:24:46.21000,1915.000,2
20:24:54.58200,1914.750,10
20:24:57.44900,1914.750,3
20:25:03.41400,1915.000,2
20:25:07.37500,1914.750,2
20:25:07.78900,1914.750,1
20:25:15.91000,1914.750,6
20:25:17.12500,1914.750,1
20:25:19.46800,1914.750,31
20:25:20.57400,1914.750,1
20:25:23.33900,1914.750,2
20:25:24.94100,1914.750,1
20:25:32.32000,1914.750,2
20:25:37.02700,1915.000,1
20:25:43.18700,1914.750,12
20:25:44.96800,1914.750,1
20:25:53.61300,1914.750,4
20:25:54.41000,1914.750,1
20:26:04.12100,1914.500,25
20:26:04.62500,1914.250,6
20:26:07.62800,1914.500,19
20:26:09.42500,1914.500,5
20:26:14.06200,1914.500,16
20:26:16.83200,1914.500,1
20:26:18.86300,1914.500,2
20:26:21.46400,1914.500,1
20:26:22.90200,1914.500,1
20:26:30.68700,1914.500,1
20:26:32.61700,1914.750,2
20:26:34.85900,1914.500,2
20:26:35.02700,1914.750,2
20:26:36.40600,1914.750,1
20:26:41.57800,1914.750,1
20:26:44.69900,1915.000,15
20:26:45.51100,1914.750,1
20:26:49.80400,1915.000,8
20:26:51.11300,1914.750,1
20:26:51.57800,1915.000,1
20:27:03.82400,1914.750,4
20:27:04.12800,1914.750,11
20:27:11.37500,1915.000,1
20:27:12.49600,1914.750,15
20:27:13.93700,1914.500,1
20:27:17.77700,1915.000,1
20:27:18.56600,1914.750,1
20:27:18.92100,1914.750,1
20:27:20.75700,1914.750,1
20:27:35.73000,1915.000,1
20:27:38.77700,1914.750,1
20:27:44.52700,1915.000,3
20:27:47.16000,1915.000,82
20:27:51.80400,1915.000,2
20:28:03.29200,1915.250,24
20:28:06.19100,1915.500,1
20:28:07.20700,1915.250,9
20:28:13.04200,1915.250,1
20:28:13.59300,1915.500,2
20:28:19.73800,1915.500,10
20:28:20.50000,1915.500,39
20:28:21.82800,1915.750,4
20:28:22.87500,1915.750,15
20:28:24.43700,1915.750,1
20:28:25.71800,1915.750,2
20:28:29.35100,1915.750,2
20:28:32.31200,1915.500,3
20:28:33.60100,1915.500,1
20:28:37.93700,1915.500,2
20:28:49.24600,1915.500,10
20:28:50.71800,1915.500,3
20:28:59.13200,1915.250,1
20:29:01.33900,1915.250,17
20:29:03.17100,1915.250,13
20:29:03.58200,1915.250,1
20:29:05.41400,1915.250,1
20:29:06.47200,1915.250,2
20:29:09.58900,1915.000,23
20:29:10.55000,1915.250,1
20:29:13.10900,1915.250,12
20:29:16.83200,1915.250,2
20:29:21.12500,1915.500,3
20:29:33.01100,1915.500,1
20:29:35.18300,1915.500,48
20:29:41.38200,1915.500,2
20:29:43.23400,1915.500,3
20:29:44.21000,1915.250,1
20:29:53.27300,1915.250,7
20:29:55.87500,1915.250,1
20:29:56.64800,1915.000,10
20:29:57.28900,1915.250,1
20:29:57.52700,1915.250,2
20:30:01.14400,1915.500,8
20:30:01.69500,1915.500,2
20:30:04.13200,1915.500,6
20:30:11.82000,1915.750,1
20:30:12.66000,1915.750,1
20:30:18.74600,1915.750,2
20:30:25.57000,1916.000,61
20:30:25.71400,1916.000,38
20:30:26.61700,1916.000,10
20:30:32.85900,1916.000,23
20:30:34.01100,1916.000,7
20:30:39.50300,1916.000,2
20:30:39.79600,1916.000,1
20:30:41.73800,1916.000,11
20:30:42.03100,1916.000,3
20:30:42.32000,1916.000,1
20:30:44.56200,1916.000,1
20:30:47.86300,1916.000,17
20:30:54.48400,1916.000,17
20:30:56.16000,1916.000,1
20:30:56.93700,1916.000,10
20:30:58.14400,1915.750,18
20:30:58.30400,1915.750,1
20:31:02.67500,1915.750,8
20:31:02.96000,1916.000,16
20:31:12.69900,1916.000,2
20:31:18.85900,1916.000,5
20:31:20.85100,1916.250,1
20:31:25.80800,1916.000,5
20:31:38.64400,1915.750,2
20:31:41.21400,1916.000,10
20:31:46.55800,1916.000,4
20:31:49.88600,1916.000,2
20:31:51.89000,1916.250,5
20:31:52.82000,1916.000,1
20:31:56.27300,1916.250,4
20:32:01.65200,1916.250,86
20:32:04.74200,1916.250,14
20:32:10.28900,1916.000,2
20:32:11.30400,1916.250,7
20:32:12.00700,1916.250,2
20:32:20.57000,1916.250,1
20:32:21.63600,1916.250,5
20:32:27.53100,1916.000,13
20:32:32.97200,1916.000,1
20:32:35.80800,1916.000,15
20:32:36.56200,1915.750,11
20:32:37.27700,1915.500,4
20:32:40.37100,1915.750,8
20:32:41.72600,1916.000,3
20:32:45.16700,1916.000,4
20:32:51.91400,1916.000,8
20:32:58.16000,1916.000,1
20:32:58.61300,1916.000,3
20:33:06.66000,1916.000,22
20:33:07.09700,1916.000,1
20:33:08.48400,1916.000,1
20:33:09.16700,1916.000,5
20:33:09.54200,1916.000,1
20:33:11.83500,1916.000,1
20:33:20.72600,1916.000,3
20:33:21.66400,1916.250,13
20:33:22.87800,1916.250,1
20:33:24.38200,1916.250,1
20:33:25.41700,1916.000,5
20:33:26.31200,1916.000,1
20:33:28.05800,1916.000,1
20:33:28.33200,1916.250,1
20:33:38.93700,1916.250,1
20:33:40.87800,1916.000,5
20:33:49.60100,1916.250,1
20:33:50.50000,1916.250,10
20:33:51.68700,1916.250,1
20:33:59.08900,1916.250,24
20:34:00.35500,1916.250,2
20:34:09.69100,1916.250,7
20:34:12.72200,1916.250,1
20:34:13.15200,1916.250,1
20:34:16.85500,1916.250,2
20:34:17.62800,1916.250,5
20:34:18.96000,1916.500,1
20:34:21.80000,1916.500,1
20:34:26.46000,1916.250,6
20:34:27.09300,1916.250,2
20:35:00.47600,1916.000,2
20:35:04.89000,1916.250,24
20:35:09.01500,1916.250,1
20:35:09.12100,1916.250,1
20:35:09.52700,1916.250,2
20:35:12.94100,1916.250,4
20:35:13.74600,1916.250,1
20:35:18.05000,1916.250,6
20:35:19.64400,1916.500,1
20:35:20.04200,1916.500,39
20:35:20.26500,1916.750,32
20:35:21.90200,1916.750,9
20:35:22.42900,1917.000,47
20:35:25.34700,1917.000,1
20:35:27.37800,1917.000,1
20:35:27.79600,1917.000,8
20:35:28.04200,1917.000,1
20:35:28.75700,1917.250,1
20:35:29.32800,1917.000,1
20:35:30.27700,1917.000,1
20:35:30.74600,1917.250,2
20:35:31.10100,1917.000,1
20:35:31.42500,1917.250,55
20:35:31.45300,1917.250,2
20:35:32.22200,1917.250,1
20:35:32.49600,1917.250,60
20:35:32.50300,1917.000,19
20:35:32.78100,1916.750,10
20:35:39.06600,1917.000,28
20:35:39.38200,1917.000,4
20:35:39.85900,1917.250,1
20:35:40.14800,1917.000,9
20:35:40.37500,1916.750,1
20:35:43.19100,1917.000,1
20:35:43.70700,1917.000,1
20:35:50.90600,1917.000,1
20:35:53.55800,1917.000,8
20:35:56.08500,1917.000,1
20:35:57.48800,1917.000,1
20:35:58.26100,1917.000,16
20:35:59.07400,1917.000,5
20:36:06.62100,1916.500,13
20:36:07.60900,1916.750,1
20:36:08.79600,1916.750,13
20:36:11.14800,1917.000,2
20:36:16.20300,1916.750,7
20:36:20.25300,1916.750,1
20:36:22.73400,1916.750,4
20:36:23.00300,1916.750,1
20:36:23.80000,1916.500,3
20:36:24.58200,1916.750,99
20:36:25.53500,1916.750,1
20:36:30.23000,1916.500,3
20:36:31.14800,1916.500,14
20:36:32.26900,1916.500,1
20:36:34.08500,1916.500,7
20:36:36.35100,1916.500,1
20:36:40.24200,1916.500,1
20:36:41.69100,1916.750,2
20:36:41.95700,1916.750,3
20:36:47.14800,1916.750,2
20:36:49.15600,1916.750,9
20:36:50.04200,1916.750,1
20:36:50.46400,1916.500,2
20:36:51.42100,1916.750,1
20:36:54.28900,1916.500,21
20:36:58.13600,1916.500,6
20:37:03.02300,1916.500,13
20:37:08.04200,1916.500,1
20:37:11.10900,1916.250,2
20:37:11.28500,1916.500,1
20:37:15.80400,1916.250,2
20:37:20.31200,1916.250,3
20:37:28.38200,1916.500,3
20:37:41.03500,1916.500,1
20:37:42.46800,1916.500,5
20:37:50.32400,1916.500,1
20:37:54.27300,1916.500,4
20:37:59.09700,1916.500,2
20:38:05.86300,1916.750,6
20:38:06.86700,1916.750,1
20:38:07.81600,1916.500,3
20:38:12.72200,1916.500,2
20:38:12.87500,1916.500,2
20:38:13.96400,1916.500,1
20:38:17.07400,1916.500,1
20:38:23.94500,1916.250,36
20:38:25.92100,1916.250,1
20:38:28.16000,1916.500,1
20:38:28.71400,1916.250,2
20:38:43.64400,1916.500,2
20:38:48.73400,1916.250,7
20:39:05.12100,1916.250,16
20:39:07.30800,1916.250,6
20:39:17.46000,1916.250,5
20:39:19.10900,1916.500,4
20:39:22.23400,1916.250,1
20:39:25.85900,1916.500,5
20:39:27.37100,1916.250,55
20:39:29.69500,1916.250,11
20:39:32.34700,1916.250,2
20:39:34.16400,1916.250,1
20:39:34.64000,1916.250,6
20:39:39.39400,1916.500,7
20:39:39.89400,1916.500,1
20:39:41.60500,1916.500,1
20:39:43.72200,1916.500,1
20:39:51.09700,1916.500,6
20:40:04.54200,1916.750,36
20:40:07.46000,1916.750,12
20:40:07.84300,1916.750,3
20:40:08.27300,1916.750,1
20:40:14.00300,1917.000,1
20:40:15.33500,1917.000,1
20:40:15.74600,1916.750,1
20:40:29.72200,1917.000,5
20:40:30.19500,1917.000,2
20:40:34.57800,1917.000,14
20:40:37.62500,1917.250,4
20:40:38.89400,1917.250,10
20:40:38.96800,1917.250,5
20:40:40.84300,1917.250,1
20:40:46.34700,1917.250,12
20:40:48.84700,1917.250,7
20:40:55.50000,1917.000,13
20:41:05.25300,1917.000,10
20:41:13.32800,1917.000,1
20:41:14.14400,1917.000,1
20:41:20.02300,1917.000,16
20:41:23.60500,1916.750,1
20:41:25.63600,1917.000,9
20:41:31.49600,1917.000,1
20:41:32.67100,1917.250,8
20:41:35.13600,1917.250,1
20:41:37.35900,1917.250,7
20:41:38.03900,1917.000,20
20:41:39.53500,1917.000,1
20:41:41.18300,1917.250,1
20:41:45.03900,1917.250,1
20:41:45.60900,1917.250,7
20:41:51.90200,1917.250,1
20:41:53.18700,1917.500,2
20:41:58.38600,1917.250,10
20:42:05.63600,1917.250,6
20:42:07.01500,1917.250,5
20:42:07.92100,1917.250,1
20:42:09.10100,1917.000,9
20:42:12.81600,1917.000,22
20:42:19.38200,1917.000,1
20:42:25.43700,1917.000,2
20:42:26.48000,1917.000,10
20:42:30.50300,1917.000,34
20:42:31.04200,1917.000,2
20:42:31.76100,1917.000,3
20:42:32.53100,1917.000,4
20:42:37.40200,1917.000,6
20:42:40.33500,1916.750,2
20:42:46.21800,1916.750,8
20:42:46.92900,1916.750,4
20:42:53.59700,1916.750,6
20:42:59.23000,1917.000,8
20:43:03.91000,1916.750,4
20:43:04.26900,1917.000,1
20:43:16.48000,1916.750,7
20:43:18.75000,1917.000,1
20:43:24.78900,1916.750,1
20:43:33.40600,1916.750,1
20:43:35.64400,1916.750,1
20:43:42.94500,1917.000,2
20:43:55.13600,1916.750,3
20:44:08.05400,1917.000,2
20:44:10.85900,1917.000,1
20:44:11.70300,1917.000,10
20:44:16.92100,1916.750,1
20:44:21.71400,1917.000,2
20:44:23.94900,1917.000,1
20:44:24.68700,1916.750,14
20:44:31.01500,1916.500,2
20:44:31.70700,1916.500,19
20:44:32.47200,1916.500,8
20:44:32.78900,1916.250,1
20:44:34.21000,1916.500,2
20:44:35.74600,1916.500,1
20:44:38.80800,1916.500,6
20:44:45.34300,1916.500,7
20:44:46.19900,1916.500,1
20:44:54.53500,1916.750,3
20:44:55.77700,1916.750,1
20:44:58.94500,1916.750,1
20:44:59.73800,1916.750,1
20:45:01.78100,1916.750,13
20:45:01.89400,1916.750,5
20:45:14.41700,1916.750,1
20:45:17.22200,1916.750,2
20:45:20.11300,1916.750,1
20:45:21.29600,1916.750,3
20:45:24.74600,1916.750,22
20:45:25.78100,1916.750,4
20:45:28.37500,1916.750,1
20:45:39.55000,1916.750,2
20:45:40.92900,1917.000,35
20:45:42.14800,1917.000,4
20:45:43.70300,1916.750,8
20:45:47.04200,1916.750,1
20:45:47.28900,1916.750,1
20:45:48.33200,1916.500,1
20:45:49.73400,1916.500,1
20:45:55.21400,1916.500,1
20:46:02.71400,1916.500,20
20:46:12.54200,1916.750,9
20:46:16.19500,1917.000,2
20:46:16.96000,1916.750,3
20:46:17.85100,1916.750,5
20:46:20.53900,1916.750,1
20:46:24.35100,1916.750,1
20:46:32.46400,1916.750,3
20:46:34.48800,1916.750,5
20:46:36.78500,1917.000,1
20:46:37.80400,1916.750,1
20:46:45.03900,1916.750,10
20:46:55.03500,1916.500,31
20:46:55.07800,1916.500,1
20:46:56.00700,1916.500,8
20:47:03.10100,1916.500,14
20:47:04.85500,1916.500,5
20:47:06.35500,1916.500,1
20:47:11.97200,1916.500,17
20:47:12.26500,1916.500,3
20:47:13.26900,1916.750,35
20:47:13.55400,1916.750,1
20:47:15.97200,1916.750,1
20:47:18.04600,1917.000,43
20:47:19.69100,1917.000,1
20:47:21.10100,1917.000,12
20:47:25.75300,1917.000,1
20:47:29.45300,1916.750,12
20:47:29.93300,1917.000,1
20:47:35.26100,1916.750,3
20:47:36.46400,1916.750,10
20:47:59.69500,1917.000,1
20:48:03.32800,1917.000,17
20:48:03.92100,1917.000,1
20:48:04.32800,1917.000,1
20:48:14.76100,1917.000,10
20:48:15.89000,1917.000,4
20:48:17.27700,1917.000,1
20:48:19.01100,1917.000,4
20:48:33.92500,1917.000,3
20:48:42.97200,1916.750,8
20:48:43.51900,1916.750,23
20:48:52.27300,1916.750,11
20:48:55.09300,1916.750,9
20:48:57.23800,1916.750,1
20:49:02.40600,1916.750,44
20:49:06.24200,1916.750,1
20:49:08.20700,1916.750,8
20:49:20.22200,1917.000,5
20:49:21.60500,1917.000,15
20:49:30.44100,1917.000,1
20:49:32.01900,1916.750,3
20:49:34.40600,1917.000,2
20:49:34.71800,1917.000,11
20:49:43.33200,1917.000,1
20:49:51.02700,1917.000,28
20:49:52.10900,1916.750,1
20:49:55.01500,1916.750,6
20:49:56.20300,1916.750,2
20:50:01.03100,1916.750,32
20:50:08.96800,1916.750,1
20:50:11.25000,1916.750,4
20:50:11.68300,1916.750,1
20:50:12.37500,1916.750,1
20:50:20.03500,1916.750,16
20:50:20.62500,1917.000,1
20:50:21.33900,1916.750,1
20:50:23.67900,1916.750,3
20:50:32.31200,1917.000,6
20:50:33.73000,1917.000,7
20:50:36.55400,1917.000,4
20:50:38.50000,1917.250,32
20:50:38.66400,1917.250,1
20:50:39.06200,1917.250,4
20:50:39.45300,1917.250,1
20:50:39.70700,1917.250,10
20:50:42.57000,1917.250,19
20:50:43.07400,1917.250,2
20:50:46.10900,1917.250,1
20:50:52.26100,1917.250,23
20:50:57.13600,1917.250,1
20:51:04.48800,1917.500,12
20:51:06.36700,1917.500,1
20:51:08.94100,1917.500,6
20:51:11.66400,1917.500,1
20:51:11.90200,1917.500,1
20:51:14.82800,1917.500,1
20:51:14.96400,1917.500,11
20:51:15.15600,1917.500,5
20:51:15.40600,1917.500,1
20:51:16.46800,1917.500,2
20:51:17.65200,1917.500,2
20:51:18.96000,1917.750,6
20:51:20.40600,1917.500,6
20:51:20.96000,1917.750,3
20:51:21.60100,1917.750,2
20:51:24.00300,1917.500,2
20:51:24.61700,1917.500,1
20:51:25.66700,1917.250,1
20:51:25.92100,1917.750,1
20:51:27.08500,1917.500,2
20:51:28.87500,1917.500,1
20:51:31.14400,1917.500,1
20:51:32.12500,1917.500,5
20:51:34.05000,1917.500,1
20:51:35.30000,1917.500,1
20:51:38.41400,1917.500,1
20:51:39.66000,1917.750,51
20:51:41.67900,1917.750,1
20:51:43.70300,1917.500,8
20:51:45.06200,1917.500,295
20:51:45.23800,1917.500,9
20:51:47.30000,1917.500,23
20:51:48.47600,1917.500,4
20:51:49.60900,1917.750,1
20:51:52.29200,1917.500,1
20:51:53.71400,1918.000,330
20:51:53.85100,1918.000,28
20:51:54.15600,1918.000,1
20:51:54.55800,1918.000,21
20:51:56.63600,1917.750,1
20:51:56.78100,1917.750,5
20:51:57.19900,1917.500,1
20:52:01.11300,1917.500,6
20:52:01.82000,1917.500,7
20:52:03.22600,1917.500,4
20:52:04.85100,1917.750,1
20:52:05.24600,1917.750,5
20:52:05.31200,1917.500,5
20:52:10.12500,1917.750,3
20:52:11.47600,1917.750,1
20:52:13.68300,1917.500,5
20:52:15.80400,1917.750,2
20:52:20.94900,1917.750,9
20:52:22.57400,1918.000,1
20:52:22.75300,1918.000,1
20:52:22.93300,1918.000,1
20:52:23.30800,1918.000,1
20:52:25.26100,1917.750,1
20:52:26.07000,1918.000,2
20:52:27.26100,1918.000,3
20:52:27.43700,1917.750,53
20:52:28.38200,1917.750,1
20:52:28.85100,1917.500,22
20:52:30.12800,1917.500,2
20:52:31.00300,1917.500,1
20:52:31.92100,1917.500,3
20:52:33.28100,1917.500,1
20:52:33.76100,1917.500,5
20:52:34.48800,1917.500,1
20:52:34.70300,1917.500,2
20:52:35.69100,1917.750,1
20:52:36.06200,1917.500,1
20:52:38.78100,1917.500,1
20:52:39.59700,1917.500,2
20:52:39.71400,1917.500,3
20:52:40.03500,1917.500,53
20:52:40.03900,1917.500,10
20:52:40.22600,1917.500,2
20:52:41.37500,1917.500,25
20:52:46.66700,1917.500,3
20:52:49.33500,1917.500,1
20:52:49.88200,1917.500,4
20:52:51.03500,1917.250,2
20:52:51.10100,1917.500,1
20:52:53.53100,1917.500,7
20:52:58.49200,1917.500,1
20:53:08.20700,1917.750,2
20:53:10.31600,1917.500,5
20:53:19.90200,1917.750,1
20:53:26.94900,1917.750,2
20:53:30.86700,1917.750,1
20:53:31.17500,1917.750,46
20:53:32.52700,1918.000,8
20:53:33.79200,1917.750,1
20:53:37.86300,1917.750,8
20:53:38.43700,1917.750,3
20:53:39.36700,1917.750,2
20:53:43.26900,1917.750,3
20:53:44.03100,1917.500,5
20:53:44.28500,1917.750,1
20:53:48.37100,1917.500,9
20:53:48.67500,1917.750,1
20:53:49.71800,1917.750,1
20:53:50.39800,1917.750,3
20:53:50.74200,1917.750,1
20:53:52.46400,1917.500,1
20:53:53.42500,1917.750,2
20:53:54.28500,1917.750,1
20:53:55.35100,1917.750,5
20:53:55.67100,1918.000,5
20:54:01.49200,1918.000,7
20:54:01.69500,1917.750,1
20:54:03.49200,1918.000,3
20:54:06.80400,1917.750,1
20:54:10.95700,1917.750,24
20:54:12.16700,1917.750,1
20:54:13.01100,1917.750,1
20:54:13.67900,1917.750,3
20:54:14.44900,1917.500,1
20:54:19.77300,1917.750,3
20:54:22.33200,1917.500,41
20:54:23.29200,1917.500,4
20:54:25.82000,1917.500,1
20:54:27.50300,1917.500,60
20:54:28.37100,1917.500,3
20:54:42.03100,1917.500,12
20:54:43.20300,1917.750,20
20:54:54.37800,1917.750,1
20:54:55.78500,1917.750,1
20:54:59.65600,1917.750,1
20:55:07.67900,1917.750,3
20:55:07.96800,1917.750,3
20:55:10.22600,1917.750,1
20:55:19.25000,1917.500,1
20:55:23.20700,1917.750,1
20:55:23.85100,1917.750,1
20:55:26.66700,1917.750,1
20:55:27.83900,1917.750,6
20:55:29.91700,1917.750,1
20:55:32.30400,1917.750,1
20:55:33.82800,1917.750,3
20:55:41.42500,1918.000,1
20:55:45.30000,1918.000,1
20:55:46.65200,1918.000,26
20:55:47.13600,1918.000,1
20:55:47.78100,1918.000,1
20:55:50.10500,1918.250,7
20:55:50.28900,1918.250,20
20:55:50.34700,1918.250,1
20:55:51.96000,1918.000,1
20:55:52.93700,1918.000,1
20:55:59.88600,1918.250,1
20:56:02.64400,1918.250,3
20:56:03.61700,1918.250,6
20:56:05.64400,1918.250,4
20:56:05.79200,1918.250,4
20:56:06.67500,1918.250,1
20:56:07.06600,1918.250,1
20:56:08.53900,1918.250,1
20:56:08.67900,1918.250,4
20:56:11.24600,1918.250,3
20:56:11.61700,1918.250,2
20:56:12.27300,1918.250,3
20:56:15.16000,1918.250,6
20:56:22.55400,1918.250,1
20:56:26.06600,1918.250,2
20:56:28.82000,1918.250,4
20:56:32.89000,1918.250,1
20:56:35.53900,1918.250,1
20:56:35.69900,1918.250,3
20:56:36.46800,1918.250,1
20:56:38.35900,1918.250,12
20:56:41.76100,1918.250,1
20:56:43.68700,1918.250,4
20:56:53.00300,1918.250,7
20:56:54.53100,1918.500,1
20:56:59.50000,1918.500,2
20:57:01.54600,1918.500,4
20:57:04.00000,1918.500,27
20:57:04.48000,1918.500,1
20:57:05.90200,1918.500,1
20:57:08.94500,1918.750,28
20:57:09.15200,1918.750,2
20:57:09.79600,1918.500,2
20:57:11.03900,1918.750,1
20:57:11.49600,1918.750,1
20:57:12.55800,1918.500,4
20:57:14.81200,1918.750,2
20:57:16.87500,1918.500,34
20:57:21.22600,1918.500,1
20:57:21.51500,1918.000,126
20:57:21.64800,1918.000,9
20:57:26.00700,1918.250,1
20:57:26.53500,1918.000,2
20:57:29.03900,1918.000,3
20:57:34.52300,1918.000,1
20:57:35.63600,1918.000,1
20:57:36.13200,1918.000,1
20:57:37.31600,1917.750,1
20:57:37.50000,1918.000,11
20:57:37.62800,1918.000,1
20:57:39.01500,1918.000,3
20:57:40.50700,1918.000,1
20:57:42.02700,1918.000,1
20:57:45.11700,1918.000,1
20:57:47.21800,1918.000,102
20:57:47.67500,1918.000,1
20:57:48.37100,1918.250,1
20:57:49.23400,1918.250,5
20:57:50.11300,1918.000,65
20:57:50.70700,1918.000,1
20:57:51.34700,1918.000,1
20:57:56.73400,1918.000,1
20:58:13.02300,1917.500,119
20:58:14.08500,1917.500,14
20:58:15.03900,1917.500,5
20:58:15.41000,1917.750,1
20:58:15.83200,1917.500,2
20:58:16.23400,1917.500,6
20:58:16.79600,1917.500,1
20:58:17.31200,1917.250,4
20:58:17.60100,1917.250,6
20:58:18.08900,1917.500,1
20:58:18.37100,1917.500,2
20:58:18.47200,1917.750,1
20:58:19.64000,1917.500,5
20:58:19.83900,1917.500,3
20:58:20.01900,1917.500,1
20:58:25.90600,1917.500,2
20:58:26.94900,1917.500,1
20:58:29.39000,1917.250,1
20:58:31.59700,1917.500,13
20:58:35.70300,1917.750,3
20:58:38.53100,1917.750,1
20:58:40.21000,1917.750,1
20:58:41.26500,1917.750,1
20:58:44.78500,1917.750,36
20:58:45.11700,1917.750,2
20:58:46.92500,1917.750,1
20:58:47.64400,1917.750,1
20:58:48.08500,1917.750,2
20:58:48.70700,1917.750,1
20:58:50.75300,1917.750,1
20:58:53.57000,1917.750,1
20:58:57.16700,1917.500,36
20:58:58.59700,1917.500,4
20:59:00.83500,1917.250,2
20:59:01.17500,1917.500,1
20:59:02.24600,1917.500,1
20:59:03.12800,1917.500,11
20:59:03.30000,1917.500,2
20:59:03.75000,1917.500,3
20:59:03.82400,1917.500,1
20:59:04.34300,1917.500,5
20:59:07.53100,1917.750,26
20:59:11.84300,1918.000,5
20:59:13.57800,1917.750,38
20:59:13.71000,1917.750,28
20:59:16.44100,1917.750,5
20:59:17.83200,1917.750,3
20:59:20.51100,1917.500,1
20:59:22.86300,1917.500,2
20:59:27.69500,1917.750,1
20:59:36.35900,1917.750,2
20:59:38.87800,1917.750,4
20:59:39.30000,1917.500,4
20:59:40.60500,1917.750,5
20:59:49.65600,1917.500,19
20:59:50.71000,1917.500,3
20:59:56.42500,1917.500,10
20:59:58.61300,1917.500,6
20:59:58.74600,1917.500,3
20:59:59.12500,1917.500,4
20:59:59.77700,1917.500,1
