18:11:54.11300,1909.750,0
18:12:02.89400,1909.750,5
18:12:07.77300,1909.750,1
18:12:09.14800,1909.750,117
18:12:13.93300,1910.000,1
18:12:15.53900,1909.750,1
18:12:23.12800,1909.750,1
18:12:23.51900,1909.750,2
18:12:27.77700,1909.750,1
18:12:31.76500,1909.750,1
18:12:33.35100,1910.000,1
18:12:33.77300,1910.000,1
18:12:34.56200,1910.000,1
18:12:35.71800,1909.750,7
18:12:36.84700,1909.750,1
18:12:50.44900,1909.750,2
18:12:53.07800,1909.500,42
18:12:56.76500,1909.500,1
18:13:01.53100,1909.250,2
18:13:12.14800,1909.250,1
18:13:16.90600,1909.500,2
18:13:20.50000,1909.500,10
18:13:29.39000,1909.750,1
18:13:37.62100,1909.750,1
18:13:37.90600,1909.500,2
18:13:38.76900,1909.500,3
18:13:44.67500,1910.000,31
18:13:47.11700,1909.750,1
18:13:51.32800,1909.750,1
18:13:54.17100,1910.000,20
18:13:54.37100,1910.000,1
18:13:54.76500,1909.750,1
18:13:55.31600,1910.000,30
18:13:55.75000,1910.000,3
18:13:56.44500,1910.000,1
18:13:57.11700,1910.000,1
18:13:57.70700,1910.000,1
18:13:59.52700,1909.750,1
18:14:00.36300,1909.750,2
18:14:00.50000,1910.000,1
18:14:05.78900,1909.750,53
18:14:14.75000,1909.750,5
18:14:17.12800,1910.000,1
18:14:20.05000,1909.750,1
18:14:20.50300,1910.000,15
18:14:24.07800,1909.750,1
18:14:26.17500,1910.000,1
18:14:28.85500,1910.000,1
18:14:29.28500,1909.750,1
18:14:38.09700,1910.000,1
18:14:44.32000,1909.750,1
18:15:03.42500,1909.750,27
18:15:05.92500,1909.750,5
18:15:06.48400,1909.750,1
18:15:07.30400,1909.750,3
18:15:11.72600,1909.750,4
18:15:13.30000,1909.750,19
18:15:19.53500,1910.000,2
18:15:20.48800,1910.000,2
18:15:30.00300,1910.000,112
18:15:34.36300,1910.000,100
18:15:36.21400,1909.750,1
18:15:47.71800,1909.750,34
18:15:53.62100,1909.500,1
18:15:54.70300,1909.750,5
18:16:02.08900,1909.500,4
18:16:03.73400,1909.750,1
18:16:04.42100,1909.500,1
18:16:12.92500,1909.750,1
18:16:20.46400,1909.750,3
18:16:22.22200,1909.750,5
18:16:22.69500,1909.750,3
18:16:25.26100,1909.750,2
18:16:33.85100,1910.000,1
18:16:42.62800,1910.000,1
18:16:48.16000,1909.750,2
18:16:56.71000,1909.750,2
18:16:58.82400,1909.750,10
18:17:03.46400,1909.500,6
18:17:05.72600,1910.000,16
18:17:10.15600,1909.750,3
18:17:13.89400,1909.500,1
18:17:14.46400,1909.500,1
18:17:18.65600,1909.500,1
18:17:20.19100,1909.500,50
18:17:26.25700,1909.500,1
18:17:27.48000,1909.500,1
18:17:43.48000,1909.500,1
18:17:47.10500,1909.500,1
18:17:50.55400,1909.750,2
18:17:53.95700,1909.500,4
18:17:55.44500,1909.750,5
18:17:55.90200,1909.750,1
18:18:10.69500,1909.500,3
18:18:14.18300,1909.750,21
18:18:14.56200,1909.750,1
18:18:18.39800,1909.750,7
18:18:19.68300,1910.000,1
18:18:27.10900,1910.000,1
18:18:36.78500,1909.750,1
18:18:48.88200,1910.000,1
18:18:49.66700,1910.000,1
18:18:52.22600,1910.000,50
18:18:56.58200,1909.750,3
18:18:56.80400,1910.000,1
18:18:57.55800,1910.000,67
18:19:04.34300,1910.000,4
18:19:04.57800,1909.750,4
18:19:04.82800,1910.000,1
18:19:14.11700,1910.000,5
18:19:14.38600,1910.000,1
18:19:15.80000,1910.000,70
18:19:16.78100,1910.000,1
18:19:17.63600,1910.000,21
18:19:18.29200,1910.000,1
18:19:19.72200,1910.000,51
18:19:21.12800,1910.000,1
18:19:22.66700,1910.000,4
18:19:28.81600,1910.000,1
18:19:32.26100,1910.000,1
18:19:36.23800,1910.000,47
18:19:37.47200,1910.000,1
18:19:37.70300,1910.000,1
18:19:38.44900,1910.000,1
18:19:39.96800,1910.000,108
18:19:42.37100,1910.000,100
18:19:43.07400,1910.000,4
18:19:45.14000,1910.000,200
18:19:47.62800,1910.000,1
18:19:49.46000,1909.750,48
18:19:53.87100,1909.500,2
18:19:54.37800,1909.500,1
18:19:54.54600,1909.500,1
18:19:55.44500,1909.500,1
18:19:57.48000,1909.750,4
18:20:01.60100,1909.750,16
18:20:04.53100,1909.500,2
18:20:05.56600,1909.750,21
18:20:05.76900,1909.500,4
18:20:12.12800,1909.500,1
18:20:18.23800,1909.750,1
18:20:18.44100,1909.750,1
18:20:23.25300,1909.750,5
18:20:23.50700,1909.500,1
18:20:29.46800,1909.750,2
18:20:32.14800,1909.500,60
18:20:32.49600,1909.500,1
18:20:39.26100,1909.500,1
18:20:39.94100,1909.500,1
18:20:40.97200,1909.500,5
18:20:46.40200,1909.500,2
18:20:48.06200,1909.500,2
18:20:49.43300,1909.500,6
18:20:51.20300,1909.500,2
18:20:52.01100,1909.750,4
18:21:03.56200,1909.500,2
18:21:07.51100,1909.750,2
18:21:12.30000,1909.500,1
18:21:20.35900,1909.750,1
18:21:36.32800,1909.500,1
18:21:50.88200,1909.500,3
18:21:52.49200,1909.500,4
18:21:54.47600,1909.500,1
18:21:58.29600,1909.500,2
18:22:15.02300,1909.750,3
18:22:30.50000,1909.750,2
18:22:40.65200,1909.750,1
18:22:42.72600,1909.500,3
18:22:50.12100,1909.750,1
18:22:51.48800,1909.500,1
18:22:55.53100,1909.750,1
18:22:56.27700,1909.750,1
18:22:57.85500,1909.500,1
18:23:01.60500,1909.750,2
18:23:05.14000,1909.750,1
18:23:20.96400,1909.750,1
18:23:24.64000,1909.500,3
18:23:27.67500,1909.500,1
18:23:38.11700,1909.750,1
18:23:38.32000,1909.750,2
18:23:42.18300,1909.500,1
18:23:47.52300,1909.750,1
18:23:49.51100,1909.500,1
18:23:51.10500,1909.750,1
18:23:53.09300,1909.750,1
18:23:57.73400,1909.500,1
18:24:17.60900,1909.750,4
18:24:19.75000,1909.750,10
18:24:25.08900,1909.500,5
18:24:27.38600,1909.750,1
18:24:27.73000,1909.750,9
18:24:27.81200,1909.750,3
18:24:27.90200,1909.750,1
18:24:36.19100,1910.000,106
18:24:50.34700,1910.000,3
18:24:51.01100,1910.000,1
18:24:54.51500,1910.000,3
18:24:55.46400,1910.000,1
18:24:58.04200,1910.000,3
18:25:04.82400,1910.000,2
18:25:12.96400,1910.000,15
18:25:13.42100,1910.000,3
18:25:26.75000,1909.750,3
18:25:26.85500,1909.750,1
18:25:43.10900,1909.750,2
18:25:54.38200,1910.000,1
18:26:07.28100,1909.750,2
18:26:07.35900,1909.750,1
18:26:08.41000,1909.750,1
18:26:09.36300,1910.000,1
18:26:10.07400,1909.750,1
18:26:15.31200,1909.750,1
18:26:15.41400,1909.750,1
18:26:19.12100,1909.750,1
18:26:20.87800,1910.000,4
18:26:24.30000,1910.000,1
18:26:44.24600,1910.000,5
18:26:53.17100,1910.250,111
18:26:53.37500,1910.000,12
18:26:55.32000,1910.500,106
18:26:55.35900,1910.250,54
18:26:57.10500,1910.250,3
18:26:59.49200,1910.250,1
18:27:01.76500,1910.250,33
18:27:02.87100,1910.250,5
18:27:03.15600,1910.250,2
18:27:03.57400,1910.250,2
18:27:04.20300,1910.250,1
18:27:04.42900,1910.250,7
18:27:05.59300,1910.250,1
18:27:06.82400,1910.250,52
18:27:10.16000,1910.500,2
18:27:12.11300,1910.500,1
18:27:14.36700,1910.500,1
18:27:15.21400,1910.250,1
18:27:16.07000,1910.250,1
18:27:17.00300,1910.500,11
18:27:17.29200,1910.500,1
18:27:18.58200,1910.500,8
18:27:19.62800,1910.500,1
18:27:21.62500,1910.500,2
18:27:22.19500,1910.500,2
18:27:22.34300,1910.500,2
18:27:22.94500,1910.500,1
18:27:24.14000,1910.500,1
18:27:26.00300,1910.500,1
18:27:26.91400,1910.250,6
18:27:29.16400,1910.250,1
18:27:29.37500,1910.250,1
18:27:33.47200,1910.250,1
18:27:37.44900,1910.500,31
18:27:38.32400,1910.500,7
18:27:38.62500,1910.500,1
18:27:39.26500,1910.250,98
18:27:39.89400,1910.250,1
18:27:47.39800,1910.500,1
18:27:47.66000,1910.500,1
18:27:52.37100,1910.250,1
18:27:54.54600,1910.250,3
18:27:55.58900,1910.250,59
18:27:58.21400,1910.250,6
18:28:06.23400,1910.000,137
18:28:06.71800,1910.000,1
18:28:07.81200,1909.750,1
18:28:08.40200,1910.000,1
18:28:09.95700,1909.750,1
18:28:10.27300,1909.750,1
18:28:11.58500,1910.000,2
18:28:13.07400,1910.000,5
18:28:19.31600,1910.000,1
18:28:19.49200,1910.000,1
18:28:22.14000,1910.000,4
18:28:22.30000,1910.000,1
18:28:24.31200,1909.750,5
18:28:25.74200,1909.750,2
18:28:44.30800,1910.000,2
18:28:45.89000,1910.000,1
18:28:55.10900,1910.000,1
18:28:58.64000,1910.000,1
18:29:02.37500,1909.750,2
18:29:02.62800,1910.000,2
18:29:02.72600,1910.000,1
18:29:04.21400,1910.000,40
18:29:08.00300,1910.000,10
18:29:10.48800,1910.250,1
18:29:20.05800,1910.250,1
18:29:22.90200,1910.000,1
18:29:23.53500,1910.000,1
18:29:24.84700,1910.000,1
18:29:25.17100,1910.000,1
18:29:30.53500,1910.250,1
18:29:33.73800,1910.000,1
18:29:33.96400,1910.000,1
18:29:34.57400,1910.000,2
18:29:35.88600,1910.000,5
18:29:57.42900,1910.250,1
18:29:59.74200,1910.250,1
18:30:01.91400,1910.000,3
18:30:02.32000,1910.000,2
18:30:02.71400,1910.250,1
18:30:08.09300,1910.000,1
18:30:16.20700,1910.250,2
18:30:22.59700,1910.000,14
18:30:23.44100,1910.000,1
18:30:33.58200,1910.000,1
18:30:35.47200,1910.000,2
18:30:36.01100,1909.750,1
18:30:41.62800,1910.000,3
18:30:46.33200,1910.000,1
18:30:47.62100,1909.750,5
18:30:53.37100,1909.750,1
18:31:10.25700,1909.750,2
18:31:12.58900,1909.750,1
18:31:16.00000,1910.000,49
18:31:17.87500,1910.000,7
18:31:56.23400,1910.000,54
18:31:56.67500,1910.000,1
18:32:10.59700,1910.000,30
18:32:20.90600,1910.000,1
18:33:01.64800,1909.750,2
18:33:19.76500,1910.000,1
18:33:41.14800,1909.750,2
18:33:58.08500,1909.750,1
18:34:41.91000,1910.000,6
18:34:42.85900,1910.000,1
18:34:53.67900,1909.750,1
18:34:54.75700,1910.000,25
18:35:06.41000,1910.000,14
18:35:09.10900,1910.000,1
18:35:11.77300,1909.750,1
18:35:21.07400,1909.750,1
18:35:22.74600,1909.750,1
18:35:32.91000,1909.750,1
18:35:40.64400,1910.000,2
18:35:41.94900,1910.000,1
18:35:48.55800,1910.000,2
18:35:59.44900,1910.000,1
18:36:20.15600,1910.000,2
18:36:50.78500,1910.000,25
18:37:03.04200,1910.000,64
18:37:06.10900,1909.750,1
18:37:14.90200,1909.750,3
18:37:18.06200,1909.750,1
18:37:20.53500,1909.750,3
18:37:22.04200,1909.750,2
18:37:29.06600,1910.000,1
18:37:29.39800,1909.750,1
18:37:38.91700,1910.000,3
18:37:42.39400,1909.750,1
18:38:09.14400,1910.000,14
18:38:10.64000,1910.000,1
18:38:27.14800,1910.000,1
18:38:27.75000,1910.000,1
18:38:30.30000,1910.000,2
18:38:30.69500,1910.000,1
18:38:32.85500,1910.000,1
18:38:35.56600,1910.000,6
18:38:36.85900,1910.000,2
18:38:39.91700,1910.000,1
18:38:52.16000,1910.000,1
18:39:04.23800,1910.000,2
18:39:06.48000,1910.000,2
18:39:07.72200,1910.000,1
18:39:09.55400,1909.750,1
18:39:21.37100,1910.000,1
18:39:28.04200,1910.000,92
18:39:34.51500,1910.000,2
18:39:35.53100,1910.000,1
18:39:36.02700,1910.000,1
18:39:37.26100,1910.000,2
18:39:37.64400,1910.000,1
18:39:38.02700,1910.000,1
18:39:40.10100,1910.000,1
18:39:42.37500,1910.000,24
18:39:42.91000,1910.000,23
18:39:43.42500,1910.000,1
18:39:44.09700,1910.000,1
18:39:48.07000,1910.000,1
18:39:50.23800,1909.750,80
18:39:50.89400,1909.750,9
18:39:53.33900,1909.750,113
18:39:54.32000,1909.750,8
18:39:57.03100,1909.750,1
18:40:05.01900,1909.750,8
18:40:06.19900,1909.750,1
18:40:06.47200,1909.750,1
18:40:07.06600,1909.750,19
18:40:07.41700,1909.750,1
18:40:15.25300,1910.000,1
18:40:19.81200,1910.000,10
18:40:20.40200,1910.000,1
18:40:47.26500,1910.000,1
18:41:25.75300,1909.750,2
18:41:34.24200,1910.000,5
18:41:35.48400,1909.750,1
18:41:38.34700,1910.000,1
18:41:48.39800,1910.000,1
18:41:54.16000,1910.000,1
18:41:54.74200,1910.000,10
18:41:55.13600,1910.000,1
18:41:57.68300,1910.000,1
18:41:59.92500,1910.000,1
18:42:04.96800,1909.750,10
18:42:07.58200,1909.750,4
18:42:31.47200,1910.000,30
18:42:39.43300,1910.000,1
18:42:40.32000,1910.000,3
18:42:41.68300,1910.000,1
18:42:41.89800,1910.000,42
18:42:42.46000,1909.750,1
18:42:46.80800,1909.750,1
18:42:52.44100,1910.000,4
18:43:00.61700,1910.000,3
18:43:00.92500,1909.750,1
18:43:01.23400,1910.000,1
18:43:01.34700,1910.000,10
18:43:01.44100,1910.000,1
18:43:01.85500,1910.000,1
18:43:03.68700,1910.000,6
18:43:11.36700,1910.000,7
18:43:18.10900,1909.750,1
18:43:42.10500,1910.000,1
18:43:43.70700,1909.750,1
18:43:51.16700,1910.000,1
18:43:53.34700,1910.000,2
18:43:58.66000,1909.750,2
18:44:16.49600,1910.000,2
18:44:21.16400,1910.000,30
18:44:22.50300,1909.750,1
18:44:24.53100,1910.000,3
18:44:26.27700,1910.000,1
18:44:27.34700,1910.000,2
18:44:33.10100,1909.750,1
18:44:34.85500,1910.000,1
18:44:35.13200,1910.000,1
18:44:37.44500,1910.000,3
18:44:46.65600,1910.000,1
18:44:57.14800,1910.000,10
18:45:06.44100,1910.000,3
18:45:23.03500,1909.750,1
18:45:27.14800,1910.000,1
18:45:28.75700,1910.000,1
18:45:29.70300,1909.750,1
18:45:30.10500,1910.000,2
18:45:34.42900,1909.750,1
18:45:40.42900,1909.750,2
18:45:40.64000,1910.000,2
18:45:47.62500,1910.000,1
18:45:52.05800,1910.000,1
18:45:53.49200,1909.750,5
18:45:54.67100,1909.750,5
18:46:05.88600,1909.750,2
18:46:07.36700,1910.000,1
18:46:08.01100,1910.000,1
18:46:11.25000,1910.000,1
18:46:12.47600,1910.000,2
18:46:13.17900,1910.000,1
18:46:15.65200,1910.000,1
18:46:23.68300,1909.750,5
18:46:25.66700,1910.000,1
18:46:27.86700,1910.000,1
18:46:29.78500,1910.000,1
18:46:34.14000,1909.750,1
18:46:36.13200,1910.000,5
18:46:39.46400,1910.000,1
18:46:44.10500,1910.000,1
18:46:48.54200,1910.000,1
18:46:53.50700,1910.000,1
18:47:10.71800,1910.000,2
18:47:11.50000,1910.000,1
18:47:13.44100,1910.000,1
18:47:25.11300,1909.750,5
18:47:35.52700,1909.750,3
18:47:36.92100,1909.750,30
18:47:37.42900,1909.750,4
18:47:49.51500,1909.750,6
18:48:05.63600,1909.750,6
18:48:07.06600,1910.000,5
18:48:14.20700,1910.000,1
18:48:33.81200,1910.000,1
18:48:50.41400,1909.750,2
18:49:09.46400,1909.750,41
18:49:22.01100,1909.750,29
18:49:44.50000,1909.750,1
18:49:52.39800,1909.750,1
18:49:56.90200,1910.000,2
18:50:04.89400,1909.750,1
18:50:53.88600,1910.000,50
18:51:10.33900,1910.000,2
18:51:10.47200,1910.000,1
18:51:14.79600,1910.000,2
18:51:20.01900,1910.000,1
18:51:29.78100,1910.000,1
18:51:41.17900,1909.750,1
18:51:48.57800,1909.750,1
18:51:54.20300,1909.750,1
18:52:18.49200,1910.000,2
18:52:27.57000,1910.000,1
18:52:28.46400,1910.000,1
18:52:43.23800,1910.000,2
18:52:44.06600,1910.000,1
18:52:50.08200,1909.750,1
18:53:23.28500,1910.000,3
18:53:48.54600,1910.000,1
18:53:57.58500,1910.000,1
18:54:17.94900,1910.000,2
18:54:28.26100,1910.000,2
18:54:28.57400,1910.000,4
18:54:34.45700,1910.000,1
18:54:34.71400,1909.750,10
18:54:49.55800,1910.000,1
18:54:50.17900,1910.000,2
18:54:55.51100,1909.750,20
18:54:56.26900,1909.750,1
18:55:37.32800,1909.750,64
18:55:38.43300,1909.750,5
18:55:41.52700,1910.000,1
18:55:42.51100,1909.750,3
18:55:42.79200,1909.750,1
18:55:50.46800,1909.750,20
18:55:50.54200,1909.750,4
18:55:51.35500,1909.750,1
18:55:51.78100,1909.750,2
18:55:53.36300,1909.750,1
18:55:57.28100,1909.750,1
18:56:10.37100,1909.750,31
18:56:11.55000,1909.750,30
18:56:19.66000,1909.750,1
18:56:31.15600,1909.750,1
18:56:33.50000,1910.000,1
18:56:40.96400,1910.000,1
18:57:20.42900,1910.000,20
18:57:24.90600,1909.750,12
18:57:25.46800,1910.000,1
18:57:28.94900,1910.000,2
18:58:04.50000,1909.750,8
18:58:07.08900,1910.000,10
18:58:13.30400,1910.000,4
18:58:14.55400,1910.000,1
18:58:17.44100,1910.000,1
18:58:26.96400,1909.750,1
18:58:34.92500,1910.000,1
18:58:56.19100,1909.750,1
18:58:56.64400,1909.750,8
18:59:03.14800,1909.750,6
18:59:08.08500,1909.750,2
18:59:09.41000,1910.000,1
18:59:12.94500,1910.000,25
18:59:19.08900,1909.750,6
18:59:21.80800,1909.750,1
18:59:25.03100,1910.000,1
18:59:26.63600,1909.750,1
18:59:35.05800,1909.750,9
18:59:43.77700,1909.750,3
18:59:45.83200,1910.000,7
18:59:53.44100,1910.000,1
18:59:58.65600,1910.000,3
18:59:58.92500,1910.000,5
18:59:59.51500,1910.000,21
18:59:59.71800,1910.000,1
19:00:00.07000,1910.000,0
19:00:00.13600,1909.750,8
19:00:00.24600,1909.750,3
19:00:00.37800,1910.000,1
19:00:00.46000,1910.000,4
19:00:01.05400,1910.000,14
19:00:01.38200,1910.000,1
19:00:01.62100,1909.750,4
19:00:02.36300,1909.750,7
19:00:03.51500,1910.000,2
19:00:06.86300,1909.750,1
19:00:12.12100,1910.000,2
19:00:12.36700,1910.000,1
19:00:12.61300,1910.000,1
19:00:12.79200,1910.000,1
19:00:13.02700,1910.000,1
19:00:20.67500,1910.000,20
19:00:21.19500,1910.000,1
19:00:28.67100,1910.000,1
19:00:29.28100,1910.000,1
19:00:29.57400,1910.000,40
19:00:29.70300,1910.000,2
19:00:30.21400,1910.000,1
19:00:30.92900,1910.000,2
19:00:31.12800,1910.000,1
19:00:31.90200,1910.000,1
19:00:39.24600,1910.000,1
19:00:39.96400,1910.000,1
19:00:41.59700,1910.000,4
19:00:42.87800,1910.000,3
19:00:43.08200,1910.000,5
19:00:43.26500,1910.000,46
19:00:43.87500,1910.000,5
19:00:44.08900,1910.000,5
19:00:44.60900,1910.000,3
19:00:45.63200,1910.000,23
19:00:48.14800,1910.250,4
19:00:48.74600,1910.250,1
19:00:52.84300,1910.250,2
19:00:53.36300,1910.250,2
19:00:54.17900,1910.000,7
19:00:56.53900,1910.000,22
19:00:57.58200,1910.000,5
19:00:58.59300,1910.000,6
19:00:59.96800,1910.250,1
19:01:04.90200,1910.250,9
19:01:05.05400,1910.250,3
19:01:06.17500,1910.250,1
19:01:09.07400,1910.250,1
19:01:10.71000,1910.250,7
19:01:12.00000,1910.250,16
19:01:13.03900,1910.000,10
19:01:13.14000,1910.250,5
19:01:13.83200,1910.500,15
19:01:14.61700,1910.250,19
19:01:15.48400,1910.250,1
19:01:19.21000,1910.250,2
19:01:20.49600,1910.500,14
19:01:20.68700,1910.250,1
19:01:20.91000,1910.250,1
19:01:33.93700,1910.500,1
19:01:36.41700,1910.250,1
19:01:37.64000,1910.250,2
19:01:38.28100,1910.250,37
19:01:38.61300,1910.250,5
19:01:42.17100,1910.250,6
19:01:45.32000,1910.250,1
19:01:51.16700,1910.250,1
19:02:01.81600,1910.250,4
19:02:02.00300,1910.250,9
19:02:02.89400,1910.250,17
19:02:03.17500,1910.250,1
19:02:04.52300,1910.000,1
19:02:04.73400,1910.250,1
19:02:05.80000,1910.000,5
19:02:09.07000,1910.250,1
19:02:18.21800,1910.250,1
19:02:18.76500,1910.250,4
19:02:19.27300,1910.000,1
19:02:20.88200,1910.250,12
19:02:22.30400,1910.250,7
19:02:31.55800,1910.250,1
19:02:34.89000,1910.500,28
19:02:35.19900,1910.250,8
19:02:35.46800,1910.500,9
19:02:36.23000,1910.250,2
19:02:37.29200,1910.500,1
19:02:39.67100,1910.500,10
19:02:42.86700,1910.250,1
19:02:45.48000,1910.500,1
19:02:46.66000,1910.500,10
19:02:47.62100,1910.500,10
19:02:47.71000,1910.500,1
19:02:52.60900,1910.250,1
19:02:52.79600,1910.500,2
19:02:55.62100,1910.750,20
19:02:56.26500,1910.750,3
19:02:56.75700,1910.500,4
19:03:04.59300,1910.500,18
19:03:09.54600,1910.500,1
19:03:12.15600,1910.750,1
19:03:16.42100,1910.750,4
19:03:17.54200,1910.500,5
19:03:18.30000,1910.500,1
19:03:20.16000,1910.500,9
19:03:21.84300,1910.250,3
19:03:22.89000,1910.250,1
19:03:23.71000,1910.250,1
19:03:25.42900,1910.500,9
19:03:26.36300,1910.500,1
19:03:26.52700,1910.500,1
19:03:29.26500,1910.500,1
19:03:29.96800,1910.500,1
19:03:32.64800,1910.500,11
19:03:32.77700,1910.500,9
19:03:33.64000,1910.500,2
19:03:33.92100,1910.500,4
19:03:34.69500,1910.500,1
19:03:39.27700,1910.500,2
19:03:39.69100,1910.500,15
19:03:47.29600,1910.500,5
19:03:49.10100,1910.750,1
19:03:57.50000,1910.750,1
19:03:58.88200,1910.750,1
19:04:06.14800,1910.750,3
19:04:06.22600,1910.500,30
19:04:06.84700,1910.500,1
19:04:07.64400,1910.500,1
19:04:12.35900,1910.500,1
19:04:15.21800,1910.500,1
19:04:20.41000,1910.500,8
19:04:21.23400,1910.500,1
19:04:24.84700,1910.500,1
19:04:32.14800,1910.250,1
19:04:33.59700,1910.500,2
19:04:42.25000,1910.500,1
19:04:43.83200,1910.500,3
19:04:45.78100,1910.250,1
19:04:49.25300,1910.250,1
19:04:51.10900,1910.500,1
19:04:56.89000,1910.500,13
19:04:59.42500,1910.500,16
19:05:02.05000,1910.750,2
19:05:10.12100,1910.750,1
19:05:12.44500,1910.500,15
19:05:13.21000,1910.750,1
19:05:14.58200,1910.500,2
19:05:16.33900,1910.500,4
19:05:18.26900,1910.750,1
19:05:25.81600,1910.500,3
19:05:36.16000,1910.750,1
19:05:38.33900,1910.500,34
19:05:41.59300,1910.500,1
19:05:42.27300,1910.500,4
19:05:44.43700,1910.500,2
19:05:45.01500,1910.500,4
19:05:52.94500,1910.500,4
19:05:54.22600,1910.500,1
19:05:59.96800,1910.500,7
19:06:03.34700,1910.750,27
19:06:05.17500,1910.750,1
19:06:06.08500,1910.500,3
19:06:07.16700,1910.500,8
19:06:10.22600,1910.500,1
19:06:11.10900,1910.750,12
19:06:11.45700,1910.500,2
19:06:15.62100,1910.500,2
19:06:17.48800,1910.750,4
19:06:17.92100,1910.750,3
19:06:18.47600,1910.750,7
19:06:18.66400,1910.750,7
19:06:18.92900,1910.750,1
19:06:21.15600,1910.750,2
19:06:24.80000,1910.750,6
19:06:25.04600,1910.750,4
19:06:25.28500,1910.750,2
19:06:26.43700,1910.750,7
19:06:27.37100,1910.750,1
19:06:28.85100,1910.500,7
19:06:29.70700,1910.750,1
19:06:30.78900,1910.750,4
19:06:33.41000,1910.750,1
19:06:36.07400,1910.750,3
19:06:38.94500,1910.750,1
19:06:48.32800,1911.000,12
19:06:48.68700,1910.750,1
19:06:51.42900,1911.000,49
19:06:52.75000,1911.000,1
19:06:53.36300,1911.000,8
19:06:54.18300,1911.000,19
19:06:56.55000,1911.000,1
19:06:57.21800,1911.000,2
19:06:59.30000,1911.000,2
19:06:59.66400,1911.000,9
19:07:03.90600,1911.250,20
19:07:05.14000,1911.250,36
19:07:05.84300,1911.250,5
19:07:08.11700,1911.250,14
19:07:08.28900,1911.500,13
19:07:08.34300,1911.500,10
19:07:08.55800,1911.500,2
19:07:09.02300,1911.500,1
19:07:09.25300,1911.500,2
19:07:10.33500,1911.250,3
19:07:10.63600,1911.500,1
19:07:12.82000,1911.250,7
19:07:13.21400,1911.500,1
19:07:13.65200,1911.250,5
19:07:14.52300,1911.500,8
19:07:15.14800,1911.500,1
19:07:16.22200,1911.500,1
19:07:17.58200,1911.500,1
19:07:18.90600,1911.500,1
19:07:20.09700,1911.500,1
19:07:20.81200,1911.500,5
19:07:21.21400,1911.500,30
19:07:21.54600,1911.500,1
19:07:21.77700,1911.500,6
19:07:22.05400,1911.500,3
19:07:22.54600,1911.500,1
19:07:23.15600,1911.750,22
19:07:23.76900,1911.750,1
19:07:24.19500,1911.750,1
19:07:24.22600,1911.750,1
19:07:28.23800,1911.750,9
19:07:28.42900,1911.750,1
19:07:28.65600,1911.750,1
19:07:29.14000,1911.750,1
19:07:29.32000,1911.750,1
19:07:29.68700,1911.750,2
19:07:30.89400,1911.750,1
19:07:32.11300,1911.750,4
19:07:33.16400,1911.750,1
19:07:33.92500,1911.750,1
19:07:34.87500,1911.750,4
19:07:37.40600,1911.750,11
19:07:40.53900,1911.500,1
19:07:40.77300,1911.750,22
19:07:42.24200,1911.750,1
19:07:43.48000,1912.000,26
19:07:45.16400,1911.750,1
19:07:47.50000,1911.750,2
19:07:47.80000,1911.750,27
19:07:48.79200,1911.750,1
19:07:49.11700,1911.750,1
19:07:54.41400,1911.500,4
19:07:57.88200,1911.500,1
19:07:58.15200,1911.500,1
19:08:01.22200,1911.500,2
19:08:02.06600,1911.500,1
19:08:03.05800,1911.750,4
19:08:03.72600,1911.500,3
19:08:05.01500,1911.500,1
19:08:06.42900,1911.500,27
19:08:06.66700,1911.500,4
19:08:07.81600,1911.500,5
19:08:08.56600,1911.500,5
19:08:12.07000,1911.500,9
19:08:14.93300,1911.500,5
19:08:15.37100,1911.500,2
19:08:16.03900,1911.500,10
19:08:17.12500,1911.500,13
19:08:24.46000,1911.500,9
19:08:28.15600,1911.750,7
19:08:34.10100,1911.750,4
19:08:34.30000,1911.500,9
19:08:36.19900,1911.500,13
19:08:37.76500,1911.500,7
19:08:38.01500,1911.500,1
19:08:39.87100,1911.500,6
19:08:40.08900,1911.500,9
19:08:40.50300,1911.500,5
19:08:41.08900,1911.500,1
19:08:41.52300,1911.500,4
19:08:41.76900,1911.500,5
19:08:42.48400,1911.500,6
19:08:43.31200,1911.750,5
19:08:43.55400,1911.500,10
19:08:44.63600,1911.500,3
19:08:45.82800,1911.500,6
19:08:46.85900,1911.250,2
19:08:49.85100,1911.250,34
19:08:50.10500,1911.250,10
19:08:55.16700,1911.250,6
19:08:56.89400,1911.250,2
19:08:57.57000,1911.250,5
19:08:57.70300,1911.250,15
19:08:58.77300,1911.250,12
19:09:11.09700,1911.500,9
19:09:11.50000,1911.250,10
19:09:12.20300,1911.500,1
19:09:16.57000,1911.500,6
19:09:17.48000,1911.250,29
19:09:17.83500,1911.250,9
19:09:18.76900,1911.500,1
19:09:19.73800,1911.500,10
19:09:20.80400,1911.500,6
19:09:21.30800,1911.500,32
19:09:21.48400,1911.500,14
19:09:21.83500,1911.500,1
19:09:24.41700,1911.500,4
19:09:26.28900,1911.750,5
19:09:26.90200,1911.750,14
19:09:29.49600,1911.750,9
19:09:29.68300,1911.750,3
19:09:30.24600,1911.750,1
19:09:32.52700,1911.500,15
19:09:33.05800,1911.750,4
19:09:36.34700,1912.000,1
19:09:39.51100,1912.000,6
19:09:41.51100,1912.000,5
19:09:45.39400,1912.000,92
19:09:47.14800,1912.000,44
19:09:48.10900,1912.000,1
19:09:48.43300,1912.000,1
19:09:48.74600,1912.000,11
19:09:48.96000,1912.000,1
19:09:50.26100,1912.000,1
19:09:51.35500,1912.000,1
19:09:52.25000,1912.000,4
19:09:52.47200,1911.750,70
19:09:52.80800,1911.750,6
19:09:56.93700,1912.000,4
19:10:00.39800,1911.750,6
19:10:01.08500,1912.000,28
19:10:01.64400,1911.750,23
19:10:02.65200,1911.750,12
19:10:03.42900,1911.750,7
19:10:03.50300,1911.750,6
19:10:04.69100,1911.750,14
19:10:05.46800,1912.000,5
19:10:07.04200,1911.750,10
19:10:07.62500,1912.000,4
19:10:07.97200,1912.000,25
19:10:09.52700,1911.750,4
19:10:15.17100,1912.000,1
19:10:17.05000,1912.000,4
19:10:18.18300,1912.000,1
19:10:20.23400,1912.000,62
19:10:21.69100,1911.750,12
19:10:22.02300,1912.000,1
19:10:22.64400,1911.750,31
19:10:22.96800,1911.750,9
19:10:30.49200,1912.000,5
19:10:33.21800,1912.000,5
19:10:33.59700,1912.000,14
19:10:35.68300,1912.000,12
19:10:36.64400,1911.750,11
19:10:37.05000,1912.250,4
19:10:37.35500,1912.000,26
19:10:37.78500,1912.000,4
19:10:38.91400,1912.000,4
19:10:42.57800,1912.000,4
19:10:43.55800,1912.250,4
19:10:44.85100,1912.000,4
19:10:45.54600,1912.000,4
19:10:51.37800,1912.250,1
19:10:52.50300,1912.250,1
19:10:53.58900,1912.250,1
19:10:56.10900,1912.250,5
19:10:57.97200,1912.250,18
19:10:58.40600,1912.000,1
19:11:06.23400,1912.250,34
19:11:07.57000,1912.250,4
19:11:09.03100,1912.250,1
19:11:09.18700,1912.500,12
19:11:09.29200,1912.500,4
19:11:09.49600,1912.500,1
19:11:09.62800,1912.500,2
19:11:10.14800,1912.250,1
19:11:10.55400,1912.500,13
19:11:11.22200,1912.500,23
19:11:11.78500,1912.250,4
19:11:12.03500,1912.500,2
19:11:16.75000,1912.500,1
19:11:17.12800,1912.500,1
19:11:18.14000,1912.500,1
19:11:20.61700,1912.250,1
19:11:22.93700,1912.250,1
19:11:26.13200,1912.500,34
19:11:29.19500,1912.250,1
19:11:36.10900,1912.500,1
19:11:37.97200,1912.250,55
19:11:38.42100,1912.250,4
19:11:44.93300,1912.000,2
19:11:45.21000,1912.250,1
19:11:46.35900,1912.250,4
19:11:48.00000,1912.250,5
19:11:54.09300,1912.250,1
19:11:56.23800,1912.250,1
19:11:57.53900,1912.250,1
19:12:00.60900,1912.000,3
19:12:01.19900,1912.250,2
19:12:03.21000,1912.250,1
19:12:04.90600,1912.250,1
19:12:08.42100,1912.000,4
19:12:10.22200,1912.250,1
19:12:12.52300,1912.250,1
19:12:21.53500,1912.250,1
19:12:30.22600,1912.250,1
19:12:32.32800,1912.250,1
19:12:39.16000,1912.250,1
19:12:42.24600,1912.250,18
19:12:43.46800,1912.500,11
19:12:45.73000,1912.500,16
19:12:47.13600,1912.750,23
19:12:47.32800,1912.500,2
19:12:48.18300,1912.750,1
19:12:51.19100,1912.500,4
19:12:51.73000,1912.750,1
19:12:52.79200,1912.750,1
19:12:57.36700,1912.500,13
19:13:06.19100,1912.750,15
19:13:09.69500,1912.500,1
19:13:10.58200,1912.500,10
19:13:14.21800,1912.750,11
19:13:15.15600,1912.750,1
19:13:24.35100,1912.750,1
19:13:27.50700,1912.750,2
19:13:29.49600,1912.750,1
19:13:33.26900,1912.750,1
19:13:34.35500,1912.500,1
19:13:34.94100,1912.500,1
19:13:42.40600,1912.750,1
19:13:45.93700,1912.750,45
19:13:46.10900,1912.750,28
19:13:48.00700,1912.750,4
19:13:48.56200,1912.750,1
19:13:49.61700,1912.500,5
19:13:50.51500,1912.750,8
19:13:51.09700,1912.750,1
19:13:53.13200,1912.750,1
19:13:58.09700,1912.750,1
19:14:00.57800,1912.250,66
19:14:01.95700,1912.250,4
19:14:03.75000,1912.250,34
19:14:05.61700,1912.250,2
19:14:06.09300,1912.250,4
19:14:06.37100,1912.250,1
19:14:09.25300,1912.250,1
19:14:10.10500,1912.250,14
19:14:11.55000,1912.250,1
19:14:14.67100,1912.250,14
19:14:18.11300,1912.500,3
19:14:18.30000,1912.500,11
19:14:18.70300,1912.500,2
19:14:18.83900,1912.500,6
19:14:19.08500,1912.250,1
19:14:20.17100,1912.250,4
19:14:20.49600,1912.250,5
19:14:20.69500,1912.500,4
19:14:21.33500,1912.500,4
19:14:26.33200,1912.500,1
19:14:38.57000,1912.750,5
19:14:40.10500,1912.500,5
19:14:41.01500,1912.500,4
19:14:42.33900,1912.750,1
19:14:43.67500,1912.500,67
19:14:44.16000,1912.500,9
19:14:47.08500,1912.500,2
19:14:51.01100,1912.500,4
19:14:51.18300,1912.500,7
19:14:55.49200,1912.500,2
19:14:56.00300,1912.500,4
19:15:02.18300,1912.500,49
19:15:08.92500,1912.500,1
19:15:20.49600,1912.750,7
19:15:22.38600,1912.500,3
19:15:29.81200,1912.750,4
19:15:41.85100,1912.750,45
19:15:44.36300,1912.750,7
19:15:48.01500,1912.750,34
19:15:50.58200,1912.750,6
19:15:59.08200,1912.500,5
19:16:04.68700,1912.500,2
19:16:08.64400,1912.750,4
19:16:09.26100,1912.750,9
19:16:10.38600,1912.500,1
19:16:11.89400,1912.750,11
19:16:12.43700,1912.750,15
19:16:12.54600,1912.750,4
19:16:14.73000,1912.750,11
19:16:15.49200,1912.750,12
19:16:16.35100,1912.750,1
19:16:17.48800,1912.500,1
19:16:18.58900,1912.750,5
19:16:20.53500,1912.750,11
19:16:20.60500,1912.750,35
19:16:20.79200,1912.750,4
19:16:21.73800,1912.750,1
19:16:23.37100,1912.750,4
19:16:24.01500,1912.750,6
19:16:24.90600,1913.000,2
19:16:26.08200,1912.750,1
19:16:28.00300,1913.000,1
19:16:30.33200,1912.750,1
19:16:30.62800,1913.000,8
19:16:31.71000,1913.000,23
19:16:31.90200,1913.000,1
19:16:35.15200,1913.000,2
19:16:35.38200,1913.250,7
19:16:35.71400,1913.250,2
19:16:36.11300,1913.000,23
19:16:38.92900,1913.000,20
19:16:39.86700,1913.000,81
19:16:40.16700,1912.750,19
19:16:40.58500,1913.000,4
19:16:42.10500,1912.750,13
19:16:42.28100,1912.750,4
19:16:43.00300,1912.750,9
19:16:43.31600,1913.000,1
19:16:44.73800,1912.750,15
19:16:46.35100,1912.750,4
19:16:48.39000,1913.000,5
19:16:48.80800,1913.000,31
19:16:50.96400,1912.750,25
19:16:55.51100,1913.000,3
19:16:59.88200,1913.000,3
19:17:03.16000,1913.000,4
19:17:03.78500,1913.000,10
19:17:05.94500,1913.000,10
19:17:06.59300,1913.000,2
19:17:06.72600,1913.000,1
19:17:07.96800,1913.000,2
19:17:10.50000,1913.000,1
19:17:10.60100,1913.000,7
19:17:11.80800,1912.750,3
19:17:18.12800,1913.000,51
19:17:20.48000,1913.250,13
19:17:20.66700,1913.000,4
19:17:22.49600,1913.000,4
19:17:23.03900,1913.000,2
19:17:27.07400,1913.000,1
19:17:27.65600,1913.000,8
19:17:29.03500,1913.000,1
19:17:30.03100,1913.250,8
19:17:31.95300,1913.250,1
19:17:35.00700,1913.000,4
19:17:44.89400,1913.000,4
19:17:45.13200,1913.000,1
19:17:47.84300,1913.250,2
19:17:50.90600,1913.250,4
19:17:53.10500,1913.250,9
19:17:54.93700,1913.250,1
19:17:58.43700,1913.250,4
19:17:58.90600,1913.000,4
19:18:02.29200,1913.000,1
19:18:02.67100,1913.250,1
19:18:02.86300,1913.250,2
19:18:03.62500,1913.250,1
19:18:10.32400,1913.250,84
19:18:11.18300,1913.000,4
19:18:11.32000,1913.250,7
19:18:13.88200,1913.250,1
19:18:14.09700,1913.250,1
19:18:14.39400,1913.500,6
19:18:15.35100,1913.250,4
19:18:17.74200,1913.500,65
19:18:19.70300,1913.500,1
19:18:20.50300,1913.500,4
19:18:22.96000,1913.250,2
19:18:25.49600,1913.250,3
19:18:25.79200,1913.500,2
19:18:26.23000,1913.250,22
19:18:27.07800,1913.250,35
19:18:27.29200,1913.250,1
19:18:27.66400,1913.250,1
19:18:27.92100,1913.000,6
19:18:28.92900,1913.000,24
19:18:29.16000,1913.000,1
19:18:29.76900,1913.000,8
19:18:31.85100,1913.250,3
19:18:32.03100,1913.000,18
19:18:33.83900,1913.000,1
19:18:35.57000,1913.000,3
19:18:35.69500,1913.000,2
19:18:36.06200,1913.000,2
19:18:36.84300,1913.250,7
19:18:37.01100,1913.000,1
19:18:47.08500,1913.000,4
19:18:49.89400,1913.000,3
19:18:50.51500,1913.000,9
19:18:51.08500,1912.750,6
19:18:53.09700,1913.000,1
19:18:53.53500,1913.000,1
19:18:53.71800,1913.000,1
19:18:53.91000,1913.000,1
19:18:55.94900,1913.000,2
19:18:57.05000,1913.000,8
19:19:06.35500,1913.000,13
19:19:08.59700,1913.000,4
19:19:09.74600,1913.000,6
19:19:12.05800,1913.250,2
19:19:17.04200,1913.250,3
19:19:20.50000,1913.250,18
19:19:22.34300,1913.250,1
19:19:23.36700,1913.250,1
19:19:32.87100,1913.000,3
19:19:37.26100,1913.250,8
19:19:38.45300,1913.250,4
19:19:46.10500,1913.250,19
19:19:49.91000,1913.250,1
19:19:51.87100,1913.000,1
19:19:53.14000,1913.000,7
19:19:55.81600,1913.250,9
19:19:57.70300,1913.250,5
19:20:02.33500,1913.250,7
19:20:03.79200,1913.250,1
19:20:06.25700,1913.250,2
19:20:11.30400,1913.250,2
19:20:11.49200,1913.250,3
19:20:14.08200,1913.250,1
19:20:20.59300,1913.250,6
19:20:21.40200,1913.250,2
19:20:23.35500,1913.250,5
19:20:31.58200,1913.500,50
19:20:33.78100,1913.500,2
19:20:38.25000,1913.250,1
19:20:49.69100,1913.500,1
19:20:49.91700,1913.500,1
19:20:58.89000,1913.500,2
19:21:02.93700,1913.250,2
19:21:04.68300,1913.500,1
19:21:10.59700,1913.250,43
19:21:12.85100,1913.250,1
19:21:12.96400,1913.250,1
19:21:20.16000,1913.250,4
19:21:20.48000,1913.250,11
19:21:21.38600,1913.250,28
19:21:21.75000,1913.000,6
19:21:22.33500,1913.000,5
19:21:28.78100,1913.000,1
19:21:30.14800,1913.000,1
19:21:30.68300,1913.000,1
19:21:33.44100,1913.250,5
19:21:37.12500,1913.250,5
19:21:40.89000,1913.000,1
19:21:41.66000,1913.000,1
19:21:42.63200,1913.250,5
19:21:45.10500,1913.250,1
19:21:48.05400,1913.250,1
19:21:49.94900,1913.250,22
19:21:51.39800,1913.250,7
19:21:52.69100,1913.250,2
19:21:53.63200,1913.000,11
19:21:54.64400,1913.250,2
19:21:55.09300,1913.250,1
19:21:55.48800,1913.250,3
19:21:56.44900,1913.250,2
19:21:57.62500,1913.250,7
19:22:02.02300,1913.250,4
19:22:03.16400,1913.250,1
19:22:04.76100,1913.250,2
19:22:13.03500,1913.250,2
19:22:13.96000,1913.250,2
19:22:16.61700,1913.250,1
19:22:18.96800,1913.000,1
19:22:20.51500,1913.250,11
19:22:21.80000,1913.250,2
19:22:22.74600,1913.250,1
19:22:30.05000,1913.000,2
19:22:34.54200,1913.000,18
19:22:42.45700,1913.000,1
19:22:48.18300,1913.250,2
19:22:51.92100,1913.000,4
19:22:57.05000,1913.000,31
19:22:57.85500,1913.000,4
19:22:58.55400,1913.000,10
19:23:01.28500,1913.000,9
19:23:05.73000,1913.250,1
19:23:06.67100,1913.250,1
19:23:07.53900,1913.000,4
19:23:12.93700,1913.000,4
19:23:18.48400,1913.250,66
19:23:23.21000,1913.000,9
19:23:23.42100,1913.250,1
19:23:35.19900,1913.250,10
19:23:44.13600,1913.000,16
19:23:46.51500,1913.000,2
19:23:47.07800,1913.000,3
19:23:48.23800,1913.000,1
19:23:56.88200,1913.250,2
19:23:57.55400,1913.250,1
19:23:58.39400,1913.000,4
19:24:14.20700,1913.250,22
19:24:16.21400,1913.250,1
19:24:18.30400,1913.250,5
19:24:32.87500,1913.500,1
19:24:35.73400,1913.500,74
19:24:40.61300,1913.750,18
19:24:41.83200,1913.750,4
19:24:42.29200,1913.750,4
19:24:44.72600,1913.750,8
19:24:45.49600,1913.750,13
19:24:46.66000,1913.750,24
19:24:47.47200,1913.750,14
19:24:48.16400,1913.750,17
19:24:49.19500,1913.750,2
19:24:49.36700,1913.750,13
19:24:49.54600,1914.000,21
19:24:49.82800,1913.750,19
19:24:51.14800,1914.000,4
19:24:51.96800,1914.000,12
19:24:52.25000,1914.000,5
19:24:52.78100,1913.750,1
19:24:55.20300,1914.000,5
19:24:56.82000,1914.000,1
19:24:57.75700,1914.000,1
19:24:58.51500,1913.750,10
19:24:59.07400,1913.750,1
19:25:00.91000,1913.750,2
19:25:01.17100,1913.750,9
19:25:02.66400,1913.750,5
19:25:03.55000,1913.750,3
19:25:04.55400,1913.750,1
19:25:04.69500,1913.750,1
19:25:10.60500,1913.750,1
19:25:11.89000,1913.750,2
19:25:13.44500,1913.750,4
19:25:15.96800,1913.750,1
19:25:17.37500,1913.750,1
19:25:19.69500,1913.500,6
19:25:23.79600,1913.750,8
19:25:23.90600,1913.500,1
19:25:27.05000,1913.500,53
19:25:27.07000,1913.500,1
19:25:27.67500,1913.500,12
19:25:28.07000,1913.500,1
19:25:28.46800,1913.500,22
19:25:31.51100,1913.500,1
19:25:33.96800,1913.500,1
19:25:41.04600,1913.250,66
19:25:44.62100,1913.250,4
19:25:44.73400,1913.000,1
19:25:47.76900,1913.000,1
19:25:56.63600,1913.000,12
19:26:02.84300,1913.250,6
19:26:03.94500,1913.250,6
19:26:09.37100,1913.000,1
19:26:11.42900,1913.000,1
19:26:14.48000,1913.250,3
19:26:14.76900,1913.000,1
19:26:18.53500,1913.000,6
19:26:19.66400,1913.250,1
19:26:20.46800,1913.250,14
19:26:21.07800,1913.250,1
19:26:22.25300,1913.250,9
19:26:23.68700,1913.250,1
19:26:29.60100,1913.250,8
19:26:32.48000,1913.250,4
19:26:35.83200,1913.250,20
19:26:45.78900,1913.250,10
19:26:56.62800,1913.000,4
19:26:57.06600,1913.250,1
19:26:57.25700,1913.000,26
19:26:57.44500,1913.000,4
19:26:59.44100,1912.750,7
19:27:01.09300,1912.750,12
19:27:01.51100,1912.750,1
19:27:02.52700,1912.750,4
19:27:04.10900,1912.750,1
19:27:05.10100,1912.750,1
19:27:07.19100,1913.000,1
19:27:08.64400,1912.750,1
19:27:12.31600,1913.000,5
19:27:14.03900,1912.750,2
19:27:14.32800,1913.000,4
19:27:16.19900,1913.000,2
19:27:17.07400,1913.000,19
19:27:19.71800,1912.750,4
19:27:20.51500,1913.250,13
19:27:20.72200,1913.000,5
19:27:21.55800,1913.000,4
19:27:33.73000,1913.250,48
19:27:34.00700,1913.250,2
19:27:34.16700,1913.250,4
19:27:35.27300,1913.250,4
19:27:36.12500,1913.250,9
19:27:37.87800,1913.250,3
19:27:38.43300,1913.000,5
19:27:45.33900,1913.000,11
19:27:45.73800,1913.000,4
19:27:46.27300,1913.000,1
19:27:49.34300,1913.000,1
19:27:53.05000,1913.000,8
19:27:53.48800,1912.750,5
19:27:58.57400,1913.000,4
19:28:04.57800,1913.000,4
19:28:21.02300,1912.750,4
19:28:28.96800,1912.750,1
19:28:32.85900,1913.000,4
19:28:39.58900,1913.000,6
19:28:40.75300,1913.000,5
19:28:41.25000,1913.000,1
19:28:41.89000,1913.000,1
19:28:43.90200,1913.000,17
19:28:46.60900,1913.000,9
19:28:46.89400,1913.000,4
19:28:48.46800,1913.000,1
19:28:52.82000,1913.000,2
19:28:52.92100,1913.000,6
19:28:55.77700,1913.000,1
19:29:00.69100,1912.750,6
19:29:04.54200,1913.000,2
19:29:07.63200,1912.750,4
19:29:19.19100,1912.750,54
19:29:22.52300,1912.750,8
19:29:25.44900,1912.500,136
19:29:25.68700,1912.500,7
19:29:29.05400,1912.500,1
19:29:31.86700,1912.500,10
19:29:32.95700,1912.500,5
19:29:33.32800,1912.250,5
19:29:33.47200,1912.500,1
19:29:36.80400,1912.500,11
19:29:37.87500,1912.500,1
19:29:41.48400,1912.750,5
19:29:45.23400,1912.500,8
19:29:45.78900,1912.500,6
19:29:47.34300,1912.500,3
19:29:52.43700,1912.500,17
19:29:59.25700,1912.500,1
19:30:04.77300,1912.500,6
19:30:05.71800,1912.500,4
19:30:09.00700,1912.750,20
19:30:12.35500,1912.750,1
19:30:15.93700,1912.500,8
19:30:16.66000,1912.500,36
19:30:17.93300,1912.500,1
19:30:20.15600,1912.500,5
19:30:20.44100,1912.500,1
19:30:20.55400,1912.500,5
19:30:21.27700,1912.500,1
19:30:23.86700,1912.750,2
19:30:30.53500,1912.500,4
19:30:33.31600,1912.500,26
19:30:36.07000,1912.500,1
19:30:41.23400,1912.750,1
19:30:43.31200,1912.750,4
19:30:47.32400,1912.750,9
19:30:47.78900,1912.500,8
19:30:52.33500,1912.750,1
19:30:55.00000,1912.500,3
19:30:56.52700,1912.500,11
19:30:57.02300,1912.500,19
19:30:57.44100,1912.750,9
19:30:58.80800,1912.500,6
19:31:04.23000,1912.500,3
19:31:04.69500,1912.500,1
19:31:05.00700,1912.500,2
19:31:08.36300,1912.750,2
19:31:08.53500,1912.750,14
19:31:08.65200,1912.500,4
19:31:13.91000,1912.750,14
19:31:15.91400,1912.750,1
19:31:20.84300,1912.750,16
19:31:22.24600,1912.750,2
19:31:24.58900,1912.750,19
19:31:33.11300,1912.750,6
19:31:33.32800,1912.750,2
19:31:35.20300,1912.750,2
19:31:36.08200,1912.750,1
19:31:40.65600,1912.750,7
19:31:44.22600,1912.750,7
19:31:44.38600,1912.750,1
19:31:44.92100,1912.750,4
19:31:45.20700,1912.750,2
19:31:53.91000,1912.500,4
19:31:55.94500,1912.500,1
19:31:57.68300,1912.750,20
19:32:02.36700,1912.750,2
19:32:05.77300,1912.750,3
19:32:09.17100,1912.500,5
19:32:13.64400,1912.500,1
19:32:14.57000,1912.750,5
19:32:16.36300,1912.750,1
19:32:18.11300,1912.750,1
19:32:20.51500,1912.750,1
19:32:26.17900,1912.500,1
19:32:27.66400,1912.500,4
19:32:36.28900,1912.500,27
19:32:47.16000,1912.750,1
19:32:49.15200,1912.500,19
19:32:50.01900,1912.750,3
19:32:50.33900,1912.500,17
19:32:50.85900,1912.750,4
19:32:54.51100,1912.500,2
19:32:57.73400,1912.500,1
19:32:59.01500,1912.500,4
19:33:05.09700,1912.250,31
19:33:08.54600,1912.500,23
19:33:12.61700,1912.250,118
19:33:14.84700,1912.250,1
19:33:20.12100,1912.000,9
19:33:20.25000,1912.000,1
19:33:20.74200,1912.250,4
19:33:23.72200,1912.000,1
19:33:23.92900,1912.000,1
19:33:26.47600,1912.000,111
19:33:28.85100,1912.000,1
19:33:31.66700,1912.000,1
19:33:36.36300,1911.750,7
19:33:36.52300,1911.750,1
19:33:37.68700,1912.000,2
19:33:38.17100,1912.000,1
19:33:38.87800,1912.000,1
19:33:40.26900,1912.000,1
19:33:44.24600,1912.000,1
19:33:46.45300,1912.000,7
19:33:46.58200,1912.000,26
19:33:46.68300,1912.000,22
19:33:47.67500,1912.000,74
19:33:48.01100,1912.000,44
19:33:53.41700,1911.750,3
19:33:55.33200,1911.750,15
19:33:57.32000,1911.750,1
19:33:57.88200,1911.750,1
19:34:01.82800,1912.000,16
19:34:03.11300,1912.000,4
19:34:11.06600,1911.750,2
19:34:11.78500,1912.000,29
19:34:12.62800,1911.750,1
19:34:16.30000,1911.750,1
19:34:17.89000,1912.000,1
19:34:17.97200,1912.000,2
19:34:18.65600,1912.000,2
19:34:20.46400,1912.000,22
19:34:21.39800,1912.000,1
19:34:21.53900,1912.000,1
19:34:29.96000,1911.750,1
19:34:31.26900,1912.000,1
19:34:32.07000,1911.750,30
19:34:42.83200,1912.000,1
19:34:50.48400,1911.750,58
19:34:50.60500,1911.750,1
19:34:51.30800,1911.750,1
19:34:52.80400,1911.750,1
19:34:53.50300,1911.750,18
19:34:57.23400,1911.500,7
19:34:57.46400,1911.500,1
19:35:01.03100,1911.750,5
19:35:01.13600,1911.500,1
19:35:02.46000,1911.750,14
19:35:05.41400,1911.500,1
19:35:05.80000,1911.750,10
19:35:06.79600,1911.500,1
19:35:13.30000,1911.750,2
19:35:14.90200,1911.750,6
19:35:15.24600,1911.500,1
19:35:19.84700,1911.750,1
19:35:20.55000,1911.750,20
19:35:21.80000,1911.500,2
19:35:22.51500,1911.750,2
19:35:23.87500,1911.750,1
19:35:26.07800,1911.750,1
19:35:29.76500,1911.750,32
19:35:32.19500,1911.750,6
19:35:32.30800,1911.750,1
19:35:48.14800,1911.750,8
19:35:52.93300,1911.750,1
19:35:53.56200,1911.750,9
19:35:54.74200,1911.750,5
19:36:10.90600,1912.000,16
19:36:15.57000,1911.750,4
19:36:17.39800,1912.000,6
19:36:19.21000,1912.000,4
19:36:20.43300,1912.250,12
19:36:22.29600,1912.250,1
19:36:35.35100,1912.000,4
19:36:43.84700,1912.000,28
19:36:44.12500,1912.000,8
19:36:46.20300,1912.000,4
19:36:47.89800,1911.750,2
19:36:50.33200,1912.000,1
19:36:50.84300,1912.000,4
19:36:52.29600,1912.250,1
19:36:57.42500,1912.000,4
19:37:11.83900,1912.000,11
19:37:17.51500,1912.250,1
19:37:20.87100,1912.000,11
19:37:25.48800,1912.250,9
19:37:26.15200,1912.250,2
19:37:29.69500,1912.000,1
19:37:29.86300,1912.000,1
19:37:29.93700,1912.000,4
19:37:30.48400,1912.000,1
19:37:30.76900,1912.000,2
19:37:32.60500,1912.000,5
19:37:34.43700,1911.750,1
19:37:36.79200,1912.000,1
19:37:38.55400,1912.000,8
19:37:43.51500,1912.000,6
19:37:50.49200,1912.250,37
19:37:50.61700,1912.250,6
19:37:51.39400,1912.250,2
19:37:54.32000,1912.250,16
19:37:56.04600,1912.250,25
19:37:57.27700,1912.250,1
19:37:57.52300,1912.250,10
19:37:59.41700,1912.250,8
19:38:05.01500,1912.500,5
19:38:05.25700,1912.500,23
19:38:05.35500,1912.500,1
19:38:07.83200,1912.500,4
19:38:12.67100,1912.500,9
19:38:13.69900,1912.500,9
19:38:14.40200,1912.750,12
19:38:17.12100,1912.500,3
19:38:22.31200,1912.500,1
19:38:23.37800,1912.500,1
19:38:25.53100,1912.250,1
19:38:26.55400,1912.500,2
19:38:28.39400,1912.500,5
19:38:29.95300,1912.500,4
19:38:40.23800,1912.250,24
19:38:40.89800,1912.250,8
19:38:43.44100,1912.250,1
19:38:50.56200,1912.250,3
19:38:52.64400,1912.000,3
19:38:52.96400,1912.000,2
19:38:56.92100,1912.000,1
19:38:57.51100,1912.250,4
19:39:02.61300,1912.250,20
19:39:17.08900,1912.000,21
19:39:17.44100,1912.000,33
19:39:18.18300,1912.000,1
19:39:21.24200,1912.000,3
19:39:31.28900,1912.000,12
19:39:39.06600,1912.000,10
19:39:49.09700,1911.750,14
19:39:54.57000,1911.750,7
19:39:55.24600,1911.750,1
19:39:56.12800,1911.750,4
19:39:57.97200,1911.750,2
19:40:04.83900,1911.750,5
19:40:05.45300,1911.500,4
19:40:06.53100,1911.500,1
19:40:08.88200,1911.500,1
19:40:09.05400,1911.750,5
19:40:13.50300,1911.500,4
19:40:17.30400,1911.500,1
19:40:20.48800,1911.750,8
19:40:31.86700,1911.750,1
19:40:33.32000,1911.500,1
19:40:34.42900,1911.750,6
19:40:37.03900,1911.500,69
19:40:52.86300,1911.250,41
19:40:53.40600,1911.250,31
19:40:54.38600,1911.000,7
19:40:54.72200,1911.250,1
19:40:54.84300,1911.000,1
19:40:58.48000,1911.000,1
19:40:59.23400,1911.250,4
19:40:59.46400,1911.000,1
19:41:00.28100,1911.000,5
19:41:00.36700,1911.250,1
19:41:00.65600,1911.250,2
19:41:01.19500,1911.250,1
19:41:01.85900,1911.000,1
19:41:05.39000,1911.250,1
19:41:06.31600,1911.250,9
19:41:06.92500,1911.000,15
19:41:07.90200,1911.250,6
19:41:09.65200,1911.000,24
19:41:12.15200,1911.000,1
19:41:13.58200,1911.250,5
19:41:13.69100,1911.250,12
19:41:13.82800,1911.250,10
19:41:14.90200,1911.000,4
19:41:16.69100,1911.250,1
19:41:17.82400,1911.250,9
19:41:18.62100,1911.250,2
19:41:20.39800,1911.500,8
19:41:23.92100,1911.250,13
19:41:25.13600,1911.500,4
19:41:25.48800,1911.250,3
19:41:27.31600,1911.500,5
19:41:27.55400,1911.500,5
19:41:29.08500,1911.250,5
19:41:30.74200,1910.500,252
19:41:30.74200,1910.500,13
19:41:30.78500,1910.500,14
19:41:30.87800,1910.500,11
19:41:31.51900,1910.500,11
19:41:32.14000,1910.750,3
19:41:32.92900,1910.750,2
19:41:34.75000,1911.000,5
19:41:36.81200,1910.750,4
19:41:37.66000,1911.000,1
19:41:39.41000,1911.000,1
19:41:42.10500,1911.000,3
19:41:42.69100,1911.000,8
19:41:43.64000,1911.000,4
19:41:44.18300,1911.000,8
19:41:47.66400,1910.750,6
19:41:50.14000,1910.750,8
19:41:50.51900,1910.750,11
19:41:52.07400,1910.750,1
19:41:54.60100,1910.750,1
19:41:55.93300,1910.500,10
19:42:01.43700,1910.750,9
19:42:01.57400,1910.750,14
19:42:05.03500,1911.000,12
19:42:05.85100,1910.750,1
19:42:06.75700,1911.000,8
19:42:09.53900,1910.750,24
19:42:09.93700,1911.000,1
19:42:10.85900,1911.000,3
19:42:17.18700,1911.000,1
19:42:18.96000,1910.750,1
19:42:20.42900,1911.000,17
19:42:20.77300,1910.750,2
19:42:21.81200,1911.000,5
19:42:25.38600,1911.000,10
19:42:27.10100,1911.000,59
19:42:30.30800,1911.000,1
19:42:38.68700,1911.000,11
19:42:41.33500,1911.000,1
19:42:44.00300,1911.000,10
19:42:50.15600,1911.000,1
19:42:50.44500,1911.000,8
19:42:51.63600,1911.000,4
19:42:55.65200,1911.000,2
19:42:58.15200,1911.250,1
19:42:59.74200,1911.250,4
19:43:03.80400,1911.000,2
19:43:04.85500,1911.250,6
19:43:05.17500,1911.250,5
19:43:06.91400,1911.250,2
19:43:08.82400,1911.250,1
19:43:09.62800,1911.500,12
19:43:10.64000,1911.500,1
19:43:12.47600,1911.250,4
19:43:12.69100,1911.250,3
19:43:12.92100,1911.250,1
19:43:14.23400,1911.250,2
19:43:15.27300,1911.250,12
19:43:20.52700,1911.500,7
19:43:24.15200,1911.250,4
19:43:24.54200,1911.250,5
19:43:30.40200,1911.000,17
19:43:32.18300,1910.750,7
19:43:32.95700,1911.000,18
19:43:33.17500,1911.000,1
19:43:34.34700,1911.000,4
19:43:34.69100,1910.750,2
19:43:40.25000,1911.000,1
19:43:45.87100,1911.000,14
19:43:48.79600,1911.000,7
19:43:50.76100,1911.000,1
19:43:55.51100,1910.750,4
19:44:00.53500,1911.000,3
19:44:01.74200,1910.750,1
19:44:12.52700,1911.000,4
19:44:12.82000,1911.000,1
19:44:17.04600,1911.000,4
19:44:17.27300,1910.750,18
19:44:18.88200,1910.750,1
19:44:22.28500,1910.750,3
19:44:23.86300,1910.750,2
19:44:31.44100,1910.500,1
19:44:38.28500,1910.500,1
19:44:48.41000,1910.750,3
19:44:48.55000,1910.750,1
19:44:56.25300,1910.750,10
19:44:59.81200,1911.000,1
19:45:03.16000,1910.750,6
19:45:04.19100,1910.750,15
19:45:09.27700,1910.750,7
19:45:09.92100,1911.000,1
19:45:12.27700,1911.000,4
19:45:18.55000,1910.750,7
19:45:20.00300,1911.000,4
19:45:21.77700,1910.750,4
19:45:21.96800,1910.750,11
19:45:24.46800,1910.750,8
19:45:27.96000,1910.750,4
19:45:33.05000,1910.750,63
19:45:33.42900,1910.500,5
19:45:34.10900,1910.500,2
19:45:37.07800,1910.750,3
19:45:38.40200,1910.750,2
19:45:41.90600,1910.500,4
19:45:44.81200,1910.750,1
19:45:45.75300,1910.750,1
19:45:50.57400,1910.750,4
19:45:52.87500,1910.750,5
19:45:53.35900,1910.750,3
19:46:06.03100,1910.750,10
19:46:06.44100,1910.750,4
19:46:07.92500,1910.750,1
19:46:12.45700,1910.750,3
19:46:14.82400,1910.750,5
19:46:16.64400,1910.500,6
19:46:19.19100,1910.750,2
19:46:20.49600,1910.750,1
19:46:29.83900,1910.750,9
19:46:30.35900,1910.750,13
19:46:34.38600,1910.750,2
19:46:42.60900,1910.750,10
19:46:47.17900,1910.750,4
19:46:51.33900,1910.750,2
19:46:52.23800,1911.000,18
19:46:53.60500,1911.000,3
19:46:54.03500,1911.000,2
19:46:58.35500,1911.000,6
19:47:01.47200,1911.000,2
19:47:02.39000,1911.000,8
19:47:04.82800,1911.000,2
19:47:07.85500,1911.000,1
19:47:14.80800,1911.250,1
19:47:18.39400,1911.250,50
19:47:21.32400,1911.250,1
19:47:25.12100,1911.500,2
19:47:27.84700,1911.500,1
19:47:28.28100,1911.500,2
19:47:29.26500,1911.500,2
19:47:29.92100,1911.500,1
19:47:30.65600,1911.500,9
19:47:30.92100,1911.500,1
19:47:31.23800,1911.500,1
19:47:32.89000,1911.500,5
19:47:33.27700,1911.250,2
19:47:33.47600,1911.500,1
19:47:38.14800,1911.500,2
19:47:41.48800,1911.500,4
19:47:45.34300,1911.500,27
19:47:45.51900,1911.250,1
19:47:46.61300,1911.500,3
19:47:48.06200,1911.500,3
19:47:48.24200,1911.750,3
19:47:50.00700,1911.750,10
19:47:50.73400,1911.500,4
19:47:50.94500,1911.500,9
19:47:51.41400,1911.500,1
19:47:51.64400,1911.250,1
19:47:53.78900,1911.500,1
19:47:57.08500,1911.500,5
19:47:57.57800,1911.500,6
19:47:59.67100,1911.500,3
19:47:59.80400,1911.500,2
19:48:04.01900,1911.500,12
19:48:07.00000,1911.500,5
19:48:10.10900,1911.500,1
19:48:11.01500,1911.500,1
19:48:13.26500,1911.500,1
19:48:19.70300,1911.750,6
19:48:20.14000,1911.500,4
19:48:29.19300,1911.500,4
19:48:29.19300,1911.750,9
19:48:29.19300,1912.000,106
19:48:29.19300,1912.250,62
19:48:29.19300,1912.250,5
19:48:29.60900,1912.000,1
19:48:31.31200,1912.500,7
19:48:32.32400,1912.250,2
19:48:33.16400,1912.250,2
19:48:33.17500,1912.250,7
19:48:33.58900,1912.250,2
19:48:34.92900,1912.250,11
19:48:35.39800,1912.000,1
19:48:35.60100,1912.250,2
19:48:35.96800,1912.500,1
19:48:36.76900,1912.250,1
19:48:37.44500,1912.250,4
19:48:38.11700,1912.500,112
19:48:39.16000,1912.250,1
19:48:39.41700,1912.500,17
19:48:39.86300,1912.500,1
19:48:41.83900,1912.500,1
19:48:42.04200,1912.250,5
19:48:43.14800,1912.500,1
19:48:44.28100,1912.750,4
19:48:44.80400,1912.750,1
19:48:45.15200,1912.500,2
19:48:45.30800,1912.500,4
19:48:46.73400,1912.500,3
19:48:48.53100,1912.750,1
19:48:48.85500,1912.500,3
19:48:49.37100,1912.750,5
19:48:49.94900,1912.750,1
19:48:50.57800,1912.500,1
19:48:50.73000,1912.750,17
19:48:50.92900,1912.750,3
19:48:51.35100,1912.750,6
19:48:52.26500,1913.000,17
19:48:52.51900,1912.750,7
19:48:54.08200,1912.750,1
19:48:55.44900,1912.500,1
19:48:55.57000,1912.750,1
19:48:57.32800,1912.750,1
19:48:58.70300,1912.500,1
19:48:59.12800,1912.750,8
19:48:59.65200,1912.750,1
19:49:01.94900,1912.750,5
19:49:03.90200,1912.750,4
19:49:04.07000,1912.750,6
19:49:04.60900,1913.000,1
19:49:05.92500,1912.750,2
19:49:08.41700,1912.750,1
19:49:08.62800,1912.750,11
19:49:08.76900,1912.750,1
19:49:09.12500,1912.750,1
19:49:09.47200,1912.750,6
19:49:09.60500,1912.750,4
19:49:16.52700,1912.750,14
19:49:17.58500,1912.750,8
19:49:17.82000,1913.000,1
19:49:22.32800,1912.500,4
19:49:24.66400,1912.500,37
19:49:25.01100,1912.500,1
19:49:26.01500,1912.750,2
19:49:26.10900,1912.500,1
19:49:26.28100,1912.500,1
19:49:28.10900,1912.750,1
19:49:29.80000,1912.750,1
19:49:31.35500,1912.750,10
19:49:31.74600,1912.750,1
19:49:33.60100,1912.750,1
19:49:38.70700,1912.750,3
19:49:39.46400,1913.000,11
19:49:57.43700,1912.750,1
19:50:01.35100,1912.750,2
19:50:01.76500,1912.750,19
19:50:02.26500,1912.750,4
19:50:04.08200,1912.250,8
19:50:04.45300,1912.500,4
19:50:07.51900,1912.500,19
19:50:09.26900,1912.500,3
19:50:09.56200,1912.500,3
19:50:14.80000,1912.750,1
19:50:15.51100,1912.750,5
19:50:15.74600,1912.500,16
19:50:18.76500,1912.750,17
19:50:21.83900,1913.000,5
19:50:29.88200,1912.750,4
19:50:33.77700,1913.000,5
19:50:37.09300,1912.750,1
19:50:39.73400,1913.250,45
19:50:39.96400,1913.250,4
19:50:40.19500,1913.000,4
19:50:42.58500,1913.000,8
19:50:43.14800,1913.000,2
19:50:47.86300,1913.000,6
19:50:48.40600,1913.250,129
19:50:50.08500,1913.250,1
19:50:50.22200,1913.000,14
19:50:51.53500,1913.250,1
19:50:54.97200,1913.000,5
19:50:56.03100,1913.000,5
19:50:56.45700,1913.000,3
19:50:57.13600,1913.250,2
19:50:57.49200,1913.250,12
19:50:58.47600,1913.250,22
19:50:59.58500,1913.000,3
19:50:59.80000,1913.250,5
19:51:02.68300,1913.250,13
19:51:05.13200,1913.250,2
19:51:08.30400,1913.250,1
19:51:08.70700,1913.500,6
19:51:10.73800,1913.500,2
19:51:13.68300,1913.500,1
19:51:14.14000,1913.500,4
19:51:15.59300,1913.250,53
19:51:16.86700,1913.250,9
19:51:19.28500,1913.250,2
19:51:21.20300,1913.250,2
19:51:21.96400,1913.250,4
19:51:26.18300,1913.250,3
19:51:28.75300,1913.250,11
19:51:29.42500,1913.250,2
19:51:29.56200,1913.250,5
19:51:30.20700,1913.250,1
19:51:31.95700,1913.250,1
19:51:36.57000,1913.250,2
19:51:42.72600,1913.500,5
19:51:44.79600,1913.500,1
19:51:52.57800,1913.250,2
19:51:53.23000,1913.250,11
19:51:54.89000,1913.250,2
19:51:55.14800,1913.250,14
19:51:55.59300,1913.250,4
19:51:55.80400,1913.500,4
19:51:56.85900,1913.250,2
19:51:59.68700,1913.250,4
19:51:59.76900,1913.250,2
19:52:07.62500,1913.500,7
19:52:08.94500,1913.500,14
19:52:11.82800,1913.250,11
19:52:14.88200,1913.500,2
19:52:18.42900,1913.750,19
19:52:21.59700,1913.750,1
19:52:21.68700,1913.750,1
19:52:29.08900,1913.750,38
19:52:29.87500,1913.750,23
19:52:29.96400,1914.000,1
19:52:30.18700,1913.750,6
19:52:30.28100,1913.750,2
19:52:30.63600,1913.750,7
19:52:31.21400,1913.750,2
19:52:31.41000,1913.750,1
19:52:31.62500,1913.750,2
19:52:31.69900,1913.750,1
19:52:31.78500,1913.750,1
19:52:32.71800,1913.750,1
19:52:32.92100,1913.750,1
19:52:34.65200,1913.750,1
19:52:35.15600,1913.750,2
19:52:36.79200,1913.750,1
19:52:36.97200,1913.750,3
19:52:37.05400,1913.750,1
19:52:42.45300,1913.500,4
19:52:43.37500,1913.750,4
19:52:48.13200,1913.500,15
19:52:48.64800,1913.500,1
19:52:49.03100,1913.500,1
19:52:49.11700,1913.500,3
19:52:50.08900,1913.500,5
19:52:57.16400,1913.500,8
19:53:02.79600,1913.750,23
19:53:04.55800,1913.750,1
19:53:10.67900,1913.750,2
19:53:11.71400,1913.750,1
19:53:12.38200,1914.000,2
19:53:12.43700,1914.000,8
19:53:13.68700,1913.750,4
19:53:14.79600,1914.000,1
19:53:15.36700,1914.000,2
19:53:17.94100,1913.750,27
19:53:18.47200,1913.750,4
19:53:19.01500,1913.750,2
19:53:22.31200,1913.500,1
19:53:24.10900,1913.500,4
19:53:25.01100,1913.750,35
19:53:25.40600,1913.750,1
19:53:25.82400,1913.750,1
19:53:26.72600,1913.750,17
19:53:26.80800,1913.750,6
19:53:30.38200,1913.750,1
19:53:33.41400,1913.750,3
19:53:41.82800,1913.750,1
19:53:43.36300,1914.000,44
19:53:43.53100,1914.000,4
19:53:45.54600,1914.000,5
19:53:47.23400,1914.000,1
19:53:48.03500,1914.000,4
19:53:48.43700,1914.250,29
19:53:48.66000,1914.250,1
19:53:49.11300,1914.250,1
19:53:49.53900,1914.250,1
19:53:50.13600,1914.250,2
19:53:50.95300,1914.250,79
19:53:51.41400,1914.500,35
19:53:51.45700,1914.500,1
19:53:52.75300,1914.500,1
19:53:56.04600,1914.250,1
19:53:57.17900,1914.500,70
19:53:57.42100,1914.250,9
19:53:59.64400,1914.500,1
19:53:59.79200,1914.500,1
19:54:00.60900,1914.250,3
19:54:01.81200,1914.250,4
19:54:02.33200,1914.500,2
19:54:02.65200,1914.250,24
19:54:02.92900,1914.250,4
19:54:04.11700,1914.000,9
19:54:04.57400,1914.000,5
19:54:04.83900,1914.250,1
19:54:08.33900,1914.000,10
19:54:08.55800,1914.000,15
19:54:09.02300,1914.000,1
19:54:10.48800,1914.000,20
19:54:10.83900,1914.000,1
19:54:11.65600,1913.750,10
19:54:12.82800,1913.750,1
19:54:13.92100,1913.750,2
19:54:14.29600,1914.000,8
19:54:14.65200,1913.750,5
19:54:15.46400,1914.000,1
19:54:19.75700,1914.000,5
19:54:21.33900,1913.750,1
19:54:23.97200,1914.000,21
19:54:24.89000,1914.000,1
19:54:25.39800,1914.000,13
19:54:27.02300,1913.750,4
19:54:29.28500,1913.750,1
19:54:35.47600,1914.000,1
19:54:36.17100,1913.750,13
19:54:37.52700,1913.500,1
19:54:37.68300,1913.750,2
19:54:37.91000,1913.750,4
19:54:38.58500,1913.750,2
19:54:41.21000,1913.750,11
19:54:44.79200,1914.000,1
19:54:45.63600,1914.000,17
19:54:49.78900,1913.750,4
19:54:51.40200,1914.000,1
19:54:51.80400,1913.750,1
19:54:59.67100,1914.000,8
19:54:59.80400,1914.000,8
19:55:02.60500,1914.000,2
19:55:04.92900,1914.250,1
19:55:06.24200,1914.250,29
19:55:07.57000,1914.250,2
19:55:07.91000,1914.250,1
19:55:08.07400,1914.250,1
19:55:08.84700,1914.250,3
19:55:11.79600,1914.250,4
19:55:16.45700,1914.250,6
19:55:20.66700,1914.000,1
19:55:29.78900,1914.250,6
19:55:32.55000,1914.250,1
19:55:33.93300,1914.000,1
19:55:35.79200,1914.250,4
19:55:37.31600,1914.250,16
19:55:45.82200,1914.250,1
19:55:45.82200,1914.250,1
19:55:45.82200,1914.000,1
19:55:45.82200,1914.250,1
19:55:46.20300,1914.250,2
19:55:46.29200,1914.500,1
19:55:48.25700,1914.250,6
19:55:51.14800,1914.500,6
19:55:52.66400,1914.500,3
19:55:53.18300,1914.250,2
19:55:53.47200,1914.500,4
19:55:53.92900,1914.500,1
19:55:55.52700,1914.250,5
19:55:56.26100,1914.500,1
19:55:58.01500,1914.000,54
19:55:58.20700,1914.250,14
19:55:58.21000,1914.000,1
19:55:59.16000,1914.000,10
19:56:06.54600,1913.750,5
19:56:09.23800,1913.750,5
19:56:12.49600,1914.000,20
19:56:14.78900,1914.250,15
19:56:15.35900,1914.000,8
19:56:18.87500,1914.250,35
19:56:22.40600,1914.250,3
19:56:22.50000,1914.250,5
19:56:24.10900,1914.250,5
19:56:34.85900,1914.250,15
19:56:36.69900,1914.250,1
19:56:37.66400,1914.250,4
19:56:38.59700,1914.250,5
19:56:38.83500,1914.000,13
19:56:39.14800,1914.000,1
19:56:39.66400,1914.250,1
19:56:46.28500,1914.000,1
19:56:46.89800,1914.000,4
19:56:47.61300,1914.000,1
19:56:48.18700,1914.250,50
19:56:51.93300,1914.250,1
19:56:53.60900,1914.250,6
19:56:55.08500,1914.250,1
19:56:56.90200,1914.250,2
19:56:59.78900,1914.500,1
19:57:01.29200,1914.500,4
19:57:01.80000,1914.250,6
19:57:13.29200,1914.250,1
19:57:17.41700,1914.500,2
19:57:23.33200,1914.500,1
19:57:26.56200,1914.500,10
19:57:28.60100,1914.500,10
19:57:30.36300,1914.500,11
19:57:34.10900,1914.500,15
19:57:36.95300,1914.500,4
19:57:37.22200,1914.250,5
19:57:44.63200,1914.500,2
19:57:44.83200,1914.750,34
19:57:47.12500,1914.750,1
19:57:47.92900,1914.750,1
19:57:48.03500,1914.750,1
19:57:50.33200,1914.750,1
19:57:50.86700,1914.750,21
19:57:51.86700,1914.500,5
19:57:52.32800,1914.500,3
19:57:53.75000,1914.500,1
19:57:54.87100,1914.750,11
19:57:55.62100,1914.750,1
19:57:56.08200,1915.000,5
19:57:56.28900,1914.750,6
19:57:57.15600,1914.750,1
19:57:58.81600,1915.000,1
19:58:02.39400,1914.750,26
19:58:04.82800,1914.750,4
19:58:05.51500,1915.000,8
19:58:05.71400,1915.000,1
19:58:09.00000,1914.750,20
19:58:13.66700,1914.500,2
19:58:14.81200,1914.750,1
19:58:16.42100,1914.500,11
19:58:16.73000,1914.500,3
19:58:17.25300,1914.250,1
19:58:19.18300,1914.500,57
19:58:21.92500,1914.500,28
19:58:26.17500,1914.500,5
19:58:26.96400,1914.500,2
19:58:29.78500,1914.750,1
19:58:30.03100,1914.500,1
19:58:31.47600,1914.750,46
19:58:35.30000,1914.750,10
19:58:36.34700,1914.750,10
19:58:36.44100,1914.750,15
19:58:36.62800,1914.750,1
19:58:37.00000,1914.750,1
19:58:37.11300,1915.000,14
19:58:41.42100,1914.750,1
19:58:44.31200,1915.000,284
19:58:44.41700,1915.250,4
19:58:44.45300,1915.250,44
19:58:44.88200,1915.250,2
19:58:45.46800,1915.250,58
19:58:46.05800,1915.000,1
19:58:46.26500,1915.000,25
19:58:46.62500,1915.000,5
19:58:47.53100,1915.250,36
19:58:47.53900,1915.500,4
19:58:47.55800,1915.750,27
19:58:47.58900,1915.500,1
19:58:47.85900,1915.500,46
19:58:48.05800,1915.750,7
19:58:48.15600,1915.750,22
19:58:48.21000,1916.000,7
19:58:48.30400,1915.750,6
19:58:48.46400,1915.750,11
19:58:49.33500,1915.750,5
19:58:49.81200,1915.750,15
19:58:51.10500,1915.500,11
19:58:51.37100,1915.500,1
19:58:52.26900,1915.750,1
19:58:53.09700,1915.750,5
19:58:53.20700,1915.750,1
19:58:53.57800,1915.750,7
19:58:53.85500,1915.500,22
19:58:54.05400,1915.500,17
19:58:54.17500,1915.750,2
19:58:54.89800,1915.500,14
19:58:54.94500,1915.500,4
19:58:55.65600,1915.500,2
19:58:55.78500,1915.500,1
19:58:56.59700,1915.500,3
19:58:56.85900,1915.500,4
19:58:57.79600,1915.500,1
19:58:58.08900,1915.500,2
19:58:58.75000,1915.500,15
19:58:59.48400,1915.500,1
19:58:59.64400,1915.500,5
19:58:59.74600,1915.500,4
19:59:01.87800,1915.500,21
19:59:02.73800,1915.750,2
19:59:05.22200,1915.500,8
19:59:06.14000,1915.500,2
19:59:06.96400,1915.250,8
19:59:08.39800,1915.500,8
19:59:09.63200,1915.500,5
19:59:09.92500,1915.500,3
19:59:11.23000,1915.500,1
19:59:12.56600,1915.750,8
19:59:13.01100,1915.500,8
19:59:14.46000,1915.500,1
19:59:14.78500,1915.750,1
19:59:15.30800,1915.500,5
19:59:16.69500,1915.500,1
19:59:18.61300,1915.500,1
19:59:19.01100,1915.500,5
19:59:22.93300,1915.500,4
19:59:23.12100,1915.500,1
19:59:23.32000,1915.500,1
19:59:29.04200,1915.250,4
19:59:32.96000,1915.500,1
19:59:33.60100,1915.500,10
19:59:34.78100,1915.500,2
19:59:35.59700,1915.250,2
19:59:36.55400,1915.250,1
19:59:38.41400,1915.500,6
19:59:39.39000,1915.500,11
19:59:40.36700,1915.500,1
19:59:40.51500,1915.500,10
19:59:41.01100,1915.500,7
19:59:41.78100,1915.500,8
19:59:42.03900,1915.500,20
19:59:43.11300,1915.500,3
19:59:44.94100,1915.500,15
19:59:46.82000,1915.500,4
19:59:47.54200,1915.500,1
19:59:49.07400,1915.250,1
19:59:49.55000,1915.500,1
19:59:50.44100,1915.500,7
19:59:50.87500,1915.750,1
19:59:51.16400,1915.500,1
19:59:52.37100,1915.500,1
19:59:54.56600,1915.500,1
19:59:55.50300,1915.500,4
19:59:55.60100,1915.500,1
19:59:56.12500,1915.500,5
19:59:57.04600,1915.500,4
19:59:58.93300,1915.500,4
19:59:59.36700,1915.750,30
19:59:59.78100,1915.750,6
20:00:00.33200,1915.500,0
20:00:00.55000,1915.750,3
20:00:00.84300,1916.000,5
20:00:01.05000,1915.750,1
20:00:01.36700,1915.750,2
20:00:02.44100,1916.000,3
20:00:02.52300,1915.750,1
20:00:03.38200,1915.750,2
20:00:03.74200,1915.750,3
20:00:05.22200,1915.750,2
20:00:06.17500,1916.000,1
20:00:06.34700,1915.750,1
20:00:10.02700,1915.750,13
20:00:10.85100,1915.750,1
20:00:12.06200,1915.750,2
20:00:14.57000,1915.750,5
20:00:14.80400,1915.750,5
20:00:15.16400,1915.750,1
20:00:21.05000,1915.750,11
20:00:21.29600,1915.750,9
20:00:21.65600,1915.750,1
20:00:30.46000,1915.750,1
20:00:30.82000,1915.750,1
20:00:31.30000,1915.750,1
20:00:34.92100,1915.750,6
20:00:37.41700,1916.000,2
20:00:39.31200,1916.000,1
20:00:41.81600,1915.750,2
20:00:42.39000,1915.750,5
20:00:44.78100,1916.000,1
20:00:44.96000,1916.000,1
20:00:46.20700,1916.000,5
20:00:47.39400,1916.000,55
20:00:47.62100,1915.750,1
20:00:51.74600,1916.000,3
20:00:52.13200,1916.000,1
20:00:52.87100,1916.000,5
20:00:53.90200,1916.000,1
20:00:56.19100,1916.250,51
20:00:56.33200,1916.000,12
20:00:57.49200,1915.750,1
20:00:57.85900,1916.000,2
20:00:58.23400,1916.000,1
20:00:58.35900,1916.250,1
20:00:58.54200,1916.000,2
20:00:59.39800,1916.250,4
20:00:59.45700,1915.750,20
20:00:59.61700,1916.000,1
20:00:59.83200,1916.000,1
20:01:00.54600,1916.000,5
20:01:00.84300,1916.000,1
20:01:05.78500,1915.750,4
20:01:06.16000,1916.000,20
20:01:06.75300,1916.000,3
20:01:07.85500,1915.750,6
20:01:08.03900,1915.750,4
20:01:14.15600,1915.750,2
20:01:16.08200,1916.000,29
20:01:16.28100,1916.000,4
20:01:18.76100,1916.000,11
20:01:19.63200,1916.000,4
20:01:21.66000,1916.000,12
20:01:23.78100,1915.750,1
20:01:25.69100,1915.750,15
20:01:26.39000,1915.750,5
20:01:26.64000,1915.750,1
20:01:26.86300,1916.000,11
20:01:29.78100,1915.750,1
20:01:31.91400,1915.750,1
20:01:32.10500,1915.750,17
20:01:33.94900,1915.500,9
20:01:35.88200,1915.500,1
20:01:39.81600,1915.500,1
20:01:40.18300,1915.500,5
20:01:40.45300,1915.500,5
20:01:41.88200,1915.500,1
20:01:42.07400,1915.750,1
20:01:45.24600,1915.500,59
20:01:45.56200,1915.750,8
20:01:47.22600,1915.750,1
20:01:47.88200,1915.500,5
20:01:52.55400,1915.500,8
20:01:57.75700,1915.500,4
20:01:59.81600,1915.500,1
20:02:01.42100,1916.000,107
20:02:01.70300,1916.250,2
20:02:01.77700,1915.750,4
20:02:03.21800,1916.000,2
20:02:03.37100,1915.750,7
20:02:04.00300,1916.000,1
20:02:04.85500,1916.000,3
20:02:06.25000,1916.250,2
20:02:06.28100,1916.000,1
20:02:08.60100,1916.000,1
20:02:08.66400,1916.000,1
20:02:11.30800,1916.000,1
20:02:12.46400,1916.000,4
20:02:13.14400,1915.750,1
20:02:13.55800,1915.750,23
20:02:14.77700,1916.000,2
20:02:16.12800,1915.750,1
20:02:23.24600,1915.750,1
20:02:23.39800,1916.000,1
20:02:23.53900,1915.750,1
20:02:24.92100,1915.750,5
20:02:25.23000,1915.750,5
20:02:27.33900,1916.000,6
20:02:28.26500,1915.750,1
20:02:29.13200,1916.000,1
20:02:30.20300,1915.750,1
20:02:30.58900,1916.000,1
20:02:32.51900,1915.750,5
20:02:33.00300,1916.000,4
20:02:34.48400,1916.000,24
20:02:35.49600,1916.000,5
20:02:39.01100,1916.250,2
20:02:40.67500,1916.250,1
20:02:46.81600,1916.250,2
20:02:47.74200,1916.000,4
20:02:49.19500,1916.250,1
20:02:52.30000,1916.250,5
20:02:55.03900,1916.250,5
20:02:55.42900,1916.250,34
20:02:56.51900,1916.250,1
20:02:58.25700,1916.250,1
20:02:59.48000,1916.250,55
20:02:59.48400,1916.250,4
20:02:59.83900,1915.750,334
20:03:00.42500,1916.000,26
20:03:03.73800,1915.750,9
20:03:04.03100,1915.750,5
20:03:04.27700,1916.000,6
20:03:04.55400,1915.750,6
20:03:04.74600,1916.000,37
20:03:05.65600,1916.000,9
20:03:06.28100,1916.000,3
20:03:06.33900,1915.750,4
20:03:07.18300,1916.000,4
20:03:07.33200,1916.000,10
20:03:08.20700,1916.000,4
20:03:08.62500,1916.000,1
20:03:10.17900,1916.000,4
20:03:10.48400,1916.250,1
20:03:11.32400,1916.000,2
20:03:11.49200,1916.000,4
20:03:12.81200,1916.000,4
20:03:14.20700,1916.000,4
20:03:17.43300,1916.000,2
20:03:18.10100,1916.000,4
20:03:18.54200,1916.250,2
20:03:20.46800,1916.000,1
20:03:21.27700,1916.000,1
20:03:22.59700,1916.000,4
20:03:23.57000,1916.000,1
20:03:24.94500,1916.250,64
20:03:26.16400,1916.250,30
20:03:27.66400,1916.250,30
20:03:32.66700,1916.250,25
20:03:32.90600,1916.250,4
20:03:33.66000,1916.500,11
20:03:33.85900,1916.250,5
20:03:34.22600,1916.500,12
20:03:37.05400,1916.500,16
20:03:37.46400,1916.500,10
20:03:38.12800,1916.500,1
20:03:39.35500,1916.500,4
20:03:39.56200,1916.750,25
20:03:39.66400,1916.750,7
20:03:39.78100,1916.750,1
20:03:41.65200,1916.750,3
20:03:41.75300,1916.500,1
20:03:41.91700,1916.750,8
20:03:43.48800,1916.750,137
20:03:44.78900,1916.500,8
20:03:45.17500,1916.500,9
20:03:45.30800,1916.500,8
20:03:46.18300,1916.500,8
20:03:46.85900,1916.500,2
20:03:47.44100,1916.500,1
20:03:50.55800,1916.500,5
20:03:51.26900,1916.000,70
20:03:52.11300,1916.250,51
20:03:52.65600,1916.250,2
20:03:57.60100,1916.250,2
20:03:58.00700,1916.000,2
20:03:58.55400,1916.000,13
20:03:59.02300,1916.000,1
20:04:01.08900,1916.250,7
20:04:02.36300,1916.000,2
20:04:02.50000,1916.000,1
20:04:04.26100,1916.000,6
20:04:05.15200,1916.000,4
20:04:07.29200,1916.000,1
20:04:07.91400,1916.000,4
20:04:11.66400,1916.000,2
20:04:13.57000,1916.000,1
20:04:14.54200,1916.250,8
20:04:15.63600,1916.250,9
20:04:18.87800,1916.250,3
20:04:29.77300,1916.250,1
20:04:30.28500,1916.000,14
20:04:30.82000,1916.250,1
20:04:41.93700,1916.000,1
20:04:52.23000,1916.250,2
20:04:55.27700,1916.000,1
20:05:01.79200,1916.000,13
20:05:02.10900,1916.000,11
20:05:02.29600,1916.000,1
20:05:03.14400,1916.000,3
20:05:09.57800,1916.000,4
20:05:09.80400,1916.000,5
20:05:14.77300,1916.250,1
20:05:15.69500,1916.000,1
20:05:18.14800,1916.000,1
20:05:19.85500,1916.000,5
20:05:20.18300,1916.000,1
20:05:20.80400,1916.000,3
20:05:23.69500,1916.000,4
20:05:27.43300,1916.250,1
20:05:28.43300,1916.250,36
20:05:29.51900,1916.250,1
20:05:30.14400,1916.500,6
20:05:31.41000,1916.250,1
20:05:31.87100,1916.500,10
20:05:34.33900,1916.500,23
20:05:36.86300,1916.750,4
20:05:36.91700,1916.750,1
20:05:37.51500,1916.750,10
20:05:38.50700,1916.750,55
20:05:38.71000,1916.750,1
20:05:39.78500,1916.750,11
20:05:40.06600,1916.500,2
20:05:40.46800,1916.750,2
20:05:41.73400,1916.750,1
20:05:47.36700,1916.750,6
20:05:48.29200,1916.500,5
20:05:49.41700,1916.500,1
20:05:50.32800,1916.750,1
20:05:50.48800,1916.750,46
20:05:50.69900,1916.750,2
20:05:51.40600,1916.750,3
20:05:52.69900,1916.750,6
20:05:55.94100,1916.750,1
20:05:57.01900,1916.750,1
20:05:57.70300,1916.500,11
20:05:58.95700,1916.500,4
20:05:59.13200,1916.500,1
20:05:59.76900,1916.750,2
20:06:00.80800,1916.750,12
20:06:01.55400,1916.750,12
20:06:01.83200,1916.750,1
20:06:03.32800,1917.250,110
20:06:03.43700,1917.250,39
20:06:03.67500,1917.500,24
20:06:03.80000,1917.250,8
20:06:03.85100,1917.250,1
20:06:04.26900,1917.250,7
20:06:05.00000,1917.250,6
20:06:05.71800,1917.500,4
20:06:07.71000,1917.500,1
20:06:08.30000,1917.500,4
20:06:09.96800,1917.250,2
20:06:11.24200,1917.250,22
20:06:11.83900,1917.250,10
20:06:12.17100,1917.250,1
20:06:14.41700,1917.250,3
20:06:15.03900,1917.250,1
20:06:16.57400,1917.000,9
20:06:18.71400,1917.250,1
20:06:19.05400,1917.250,1
20:06:19.25000,1917.000,5
20:06:19.73400,1917.250,2
20:06:21.03900,1917.000,120
20:06:21.75300,1917.000,1
20:06:24.04200,1916.750,1
20:06:24.54600,1917.000,1
20:06:25.92100,1917.000,1
20:06:26.23800,1917.000,5
20:06:26.58200,1917.000,1
20:06:28.16000,1917.000,1
20:06:28.57800,1917.000,17
20:06:30.61700,1917.250,3
20:06:31.18700,1917.250,2
20:06:31.30400,1917.250,8
20:06:31.51500,1917.000,4
20:06:31.88600,1917.000,1
20:06:33.27700,1917.000,4
20:06:33.59300,1917.000,3
20:06:35.71800,1917.250,4
20:06:37.29600,1917.000,1
20:06:39.04600,1917.250,2
20:06:40.49600,1917.000,1
20:06:42.25700,1917.000,1
20:06:44.76900,1917.250,1
20:06:47.12800,1917.250,1
20:06:48.05400,1917.250,1
20:06:56.75000,1917.000,26
20:06:57.37800,1917.000,4
20:06:57.46400,1916.750,20
20:06:58.56200,1917.000,1
20:06:59.27300,1916.750,1
20:07:00.46000,1917.000,65
20:07:01.56600,1917.000,34
20:07:02.89000,1917.000,20
20:07:03.67900,1917.000,1
20:07:06.19900,1917.250,1
20:07:10.92900,1917.250,3
20:07:11.48800,1917.250,19
20:07:12.95300,1917.250,4
20:07:15.73000,1917.500,26
20:07:17.26900,1917.750,9
20:07:17.36300,1917.750,4
20:07:17.58500,1917.750,1
20:07:18.07000,1917.750,22
20:07:19.21800,1917.750,1
20:07:19.38600,1918.000,43
20:07:19.55000,1918.000,1
20:07:19.77700,1918.000,1
20:07:20.33900,1918.000,4
20:07:22.29200,1917.750,17
20:07:22.61700,1917.500,5
20:07:23.11700,1917.500,2
20:07:23.60500,1917.750,4
20:07:24.11300,1917.750,1
20:07:26.71800,1917.750,5
20:07:29.58900,1917.750,8
20:07:29.76500,1917.750,1
20:07:32.68700,1917.500,2
20:07:33.36300,1917.750,4
20:07:34.83200,1917.750,7
20:07:34.93300,1917.750,2
20:07:36.14800,1917.500,1
20:07:36.48000,1917.750,1
20:07:36.66700,1917.500,1
20:07:37.79200,1917.500,1
20:07:40.39800,1917.750,1
20:07:40.69900,1917.500,2
20:07:42.20300,1917.750,1
20:07:47.14400,1917.750,2
20:07:47.29600,1917.750,8
20:07:49.10500,1917.750,1
20:07:54.59300,1917.750,80
20:07:55.44900,1918.000,1
20:07:56.87800,1917.750,1
20:07:59.80400,1917.750,1
20:08:04.31600,1917.750,16
20:08:05.43700,1918.000,2
20:08:06.36300,1918.000,1
20:08:07.41000,1918.000,1
20:08:08.20700,1918.000,10
20:08:09.59700,1918.000,3
20:08:11.06600,1918.000,10
20:08:12.29600,1917.750,2
20:08:13.34300,1917.750,1
20:08:13.82400,1917.750,7
20:08:14.23400,1918.000,1
20:08:14.76900,1918.000,1
20:08:16.64800,1918.000,9
20:08:17.72200,1918.000,4
20:08:18.95700,1918.000,1
20:08:21.08200,1918.000,33
20:08:22.39400,1918.000,2
20:08:23.59300,1918.000,12
20:08:23.89400,1918.000,6
20:08:24.81600,1918.000,4
20:08:25.55400,1918.000,5
20:08:27.31600,1917.750,3
20:08:27.64400,1918.000,10
20:08:28.81200,1918.000,4
20:08:29.40600,1918.250,41
20:08:30.63600,1918.250,1
20:08:31.03500,1918.000,4
20:08:33.91400,1918.000,1
20:08:35.25000,1918.250,10
20:08:35.94100,1918.250,1
20:08:36.11300,1918.000,4
20:08:44.10800,1919.250,810
20:08:44.10800,1918.750,73
20:08:44.10800,1918.500,18
20:08:44.10800,1918.750,7
20:08:44.10800,1918.500,2
20:08:44.10800,1918.500,2
20:08:44.10800,1919.500,174
20:08:44.10800,1919.250,23
20:08:44.10800,1919.000,11
20:08:44.10800,1919.250,3
20:08:44.10800,1919.000,52
20:08:44.10800,1919.250,3
20:08:44.10800,1919.250,4
20:08:44.10800,1919.000,8
20:08:44.10800,1919.250,1
20:08:44.10800,1919.250,36
20:08:44.10800,1919.000,5
20:08:44.10800,1919.250,3
20:08:44.10800,1919.000,10
20:08:44.10800,1919.000,3
20:08:44.10800,1919.250,20
20:08:44.10800,1919.000,5
20:08:44.49600,1919.000,23
20:08:44.69100,1918.750,1
20:08:45.08900,1919.000,2
20:08:47.58200,1918.750,3
20:08:47.71000,1918.750,1
20:08:49.28900,1918.750,1
20:08:50.33900,1918.750,1
20:08:50.39400,1918.750,1
20:08:50.95300,1918.750,1
20:08:51.35100,1919.000,1
20:08:51.68300,1919.000,20
20:08:51.90600,1919.000,2
20:08:52.10900,1919.000,5
20:08:52.41400,1919.000,2
20:08:52.82400,1919.250,31
20:08:53.06200,1919.250,6
20:08:53.13200,1919.250,1
20:08:55.37500,1919.000,2
20:08:55.66400,1919.000,2
20:08:57.32800,1919.000,4
20:08:58.01900,1919.000,25
20:08:58.54600,1919.000,3
20:08:59.01100,1919.000,5
20:08:59.76500,1919.000,1
20:09:00.60100,1918.750,7
20:09:01.47600,1919.000,2
20:09:02.52300,1919.000,1
20:09:04.73800,1919.000,2
20:09:06.16400,1918.750,1
20:09:06.71000,1919.000,1
20:09:09.75000,1918.750,2
20:09:11.74600,1918.750,1
20:09:12.17500,1919.000,1
20:09:13.46400,1919.000,3
20:09:13.78100,1919.000,11
20:09:14.32400,1919.000,1
20:09:17.29600,1919.000,5
20:09:17.62100,1919.000,1
20:09:19.03900,1919.000,3
20:09:19.41700,1919.000,89
20:09:21.14000,1919.250,5
20:09:22.16000,1919.250,7
20:09:23.37100,1919.000,11
20:09:23.82400,1919.000,1
20:09:24.22600,1919.250,3
20:09:25.12800,1919.250,6
20:09:25.68700,1919.250,1
20:09:26.07800,1919.000,5
20:09:27.10500,1919.250,2
20:09:28.10500,1919.250,1
20:09:30.02700,1919.250,2
20:09:31.15200,1919.000,1
20:09:31.83200,1919.000,1
20:09:35.18300,1919.250,7
20:09:35.85900,1919.250,1
20:09:36.37800,1919.250,5
20:09:38.51500,1918.750,41
20:09:38.66000,1919.000,1
20:09:39.05800,1919.000,1
20:09:40.46400,1919.000,2
20:09:41.00300,1919.000,1
20:09:41.17500,1919.000,2
20:09:42.86700,1919.000,19
20:09:43.40600,1919.000,3
20:09:44.78500,1918.750,3
20:09:47.52700,1919.000,15
20:09:51.02700,1919.000,1
20:09:51.48400,1919.000,25
20:09:52.69100,1919.000,1
20:09:54.91400,1919.000,17
20:09:56.42500,1919.000,1
20:10:00.38600,1919.000,8
20:10:01.54200,1919.000,7
20:10:02.02700,1919.000,9
20:10:02.33900,1919.000,3
20:10:02.44500,1919.000,1
20:10:03.83900,1919.250,1
20:10:04.33200,1919.000,2
20:10:04.39800,1919.000,1
20:10:04.74600,1919.000,1
20:10:07.01500,1919.250,1
20:10:11.25000,1919.250,2
20:10:11.51900,1919.250,3
20:10:12.78900,1919.000,1
20:10:14.94900,1919.000,1
20:10:17.24600,1919.250,1
20:10:20.77700,1919.250,1
20:10:21.76100,1919.000,1
20:10:23.48000,1919.000,1
20:10:23.85100,1919.000,1
20:10:29.39400,1919.000,1
20:10:29.76100,1919.250,1
20:10:30.07400,1919.000,3
20:10:31.45700,1919.250,4
20:10:31.96800,1919.000,1
20:10:35.24200,1919.250,1
20:10:35.57800,1919.500,85
20:10:35.57800,1919.500,12
20:10:35.58500,1919.500,13
20:10:36.53100,1919.500,4
20:10:37.00700,1919.750,12
20:10:37.12500,1919.500,2
20:10:37.46000,1919.500,2
20:10:39.71000,1919.500,2
20:10:40.95700,1919.500,1
20:10:43.13600,1919.500,3
20:10:43.31200,1919.500,1
20:10:43.58500,1919.500,1
20:10:44.08200,1919.500,1
20:10:44.18700,1919.500,1
20:10:44.36300,1919.500,2
20:10:45.60900,1919.500,1
20:10:47.42500,1919.750,1
20:10:47.55400,1919.750,2
20:10:49.28100,1919.500,1
20:10:49.78900,1919.500,1
20:10:51.46000,1919.750,4
20:10:52.88600,1919.750,1
20:10:54.62800,1919.750,1
20:10:55.93300,1919.500,1
20:10:56.86700,1919.750,33
20:10:58.02300,1919.500,14
20:10:58.96000,1919.750,4
20:11:01.84300,1919.500,7
20:11:02.14800,1919.500,3
20:11:02.59700,1919.500,5
20:11:03.25300,1919.500,13
20:11:03.33200,1919.250,1
20:11:04.03500,1919.500,1
20:11:04.55800,1919.500,1
20:11:06.41400,1919.500,2
20:11:15.75600,1919.500,1
20:11:15.75600,1919.500,1
20:11:15.75600,1919.750,16
20:11:15.75600,1919.750,26
20:11:15.75600,1919.750,2
20:11:15.75600,1919.750,1
20:11:15.75600,1919.500,1
20:11:15.75600,1919.750,4
20:11:17.29600,1920.000,16
20:11:17.39800,1920.000,1
20:11:17.75700,1920.000,10
20:11:18.25700,1920.000,2
20:11:18.66000,1919.750,1
20:11:21.05000,1919.750,3
20:11:21.14400,1920.000,1
20:11:21.88200,1920.000,10
20:11:22.22200,1920.000,1
20:11:22.78100,1920.000,1
20:11:23.59700,1920.000,1
20:11:23.97200,1919.750,5
20:11:25.89800,1920.250,253
20:11:26.28100,1920.000,5
20:11:26.48800,1920.000,1
20:11:27.07000,1920.250,3
20:11:27.30400,1920.000,5
20:11:27.64400,1920.250,1
20:11:28.38200,1920.250,10
20:11:30.19500,1920.250,8
20:11:30.40200,1920.250,1
20:11:31.26500,1920.250,7
20:11:32.42500,1920.250,4
20:11:32.59700,1920.250,2
20:11:33.00300,1920.250,1
20:11:34.11300,1920.000,5
20:11:34.34300,1920.250,4
20:11:34.91700,1920.000,1
20:11:35.85500,1920.000,2
20:11:36.57400,1920.250,1
20:11:37.01100,1920.250,3
20:11:37.48400,1920.250,1
20:11:37.86700,1920.250,3
20:11:40.20700,1920.250,10
20:11:40.41400,1920.250,1
20:11:43.23000,1920.250,1
20:11:44.26500,1920.250,2
20:11:44.53100,1920.250,2
20:11:44.95300,1920.500,2
20:11:45.27300,1920.250,6
20:11:46.35100,1920.250,1
20:11:47.30000,1920.250,3
20:11:47.87800,1920.250,7
20:11:48.12500,1920.000,4
20:11:48.85900,1920.250,1
20:11:53.00000,1920.250,6
20:11:54.00700,1920.000,87
20:11:55.21000,1919.750,1
20:11:55.57800,1920.000,1
20:11:56.79600,1919.750,3
20:11:59.31200,1919.750,5
20:11:59.76100,1920.000,1
20:12:00.52700,1919.750,8
20:12:00.82800,1920.000,1
20:12:01.53500,1919.750,21
20:12:02.15200,1919.750,1
20:12:02.96800,1919.750,6
20:12:03.30400,1919.750,1
20:12:03.94900,1919.750,1
20:12:04.33900,1920.000,1
20:12:05.43700,1920.000,1
20:12:06.31200,1920.000,9
20:12:06.43700,1920.000,1
20:12:06.80000,1919.750,2
20:12:07.14800,1919.750,1
20:12:08.17500,1919.750,2
20:12:08.80000,1919.750,1
20:12:09.22200,1919.750,2
20:12:13.82400,1919.750,5
20:12:15.41000,1919.750,1
20:12:19.68300,1920.000,1
20:12:19.91400,1919.750,1
20:12:22.75700,1919.750,1
20:12:23.67100,1919.750,1
20:12:26.06200,1919.750,1
20:12:26.57800,1919.750,30
20:12:27.56600,1919.750,1
20:12:28.36300,1919.750,1
20:12:29.42500,1919.500,1
20:12:30.09300,1919.500,1
20:12:30.73400,1919.500,1
20:12:31.43700,1919.750,3
20:12:33.23800,1919.750,2
20:12:33.83500,1919.500,1
20:12:36.41000,1919.500,1
20:12:39.67100,1919.750,5
20:12:40.17500,1919.500,1
20:12:40.85500,1919.750,10
20:12:41.29200,1919.500,1
20:12:41.61300,1919.500,1
20:12:41.84300,1919.500,1
20:12:43.21000,1919.500,1
20:12:44.64000,1919.500,1
20:12:44.75700,1919.750,1
20:12:45.55400,1919.500,4
20:12:47.79200,1919.500,1
20:12:48.26500,1919.500,44
20:12:48.90200,1919.500,1
20:12:51.66400,1919.250,2
20:12:51.78500,1919.250,1
20:12:53.39400,1919.250,1
20:12:54.37800,1919.250,1
20:12:59.26500,1919.500,35
20:12:59.50300,1919.250,25
20:12:59.72600,1919.250,4
20:13:00.73000,1919.750,5
20:13:01.03900,1919.500,4
20:13:01.51900,1919.500,24
20:13:01.55800,1919.500,3
20:13:02.42100,1919.250,5
20:13:02.69100,1919.500,2
20:13:03.13600,1919.500,1
20:13:03.96000,1919.250,1
20:13:04.19500,1919.250,1
20:13:04.37800,1919.500,30
20:13:04.54600,1919.500,13
20:13:05.96400,1919.500,15
20:13:06.66400,1919.750,1
20:13:12.64800,1919.500,1
20:13:12.85100,1919.750,1
20:13:13.25300,1919.750,63
20:13:13.77300,1919.750,6
20:13:14.04600,1919.750,1
20:13:16.15600,1919.750,3
20:13:18.20700,1919.750,1
20:13:18.49600,1919.750,14
20:13:20.10500,1919.750,1
20:13:20.46000,1920.000,1
20:13:21.50700,1919.750,1
20:13:24.71400,1919.500,1
20:13:29.53100,1919.500,1
20:13:29.75700,1919.750,1
20:13:30.63200,1919.500,1
20:13:32.00700,1919.500,4
20:13:32.85500,1919.500,20
20:13:34.08500,1919.500,4
20:13:34.47200,1919.500,1
20:13:36.42500,1919.750,2
20:13:41.17500,1919.750,5
20:13:42.57400,1919.750,4
20:13:43.23400,1919.750,1
20:13:45.60900,1919.750,1
20:13:45.94500,1919.750,1
20:13:46.22200,1919.750,1
20:13:47.44100,1919.750,2
20:13:48.10100,1919.750,4
20:13:48.53900,1919.750,1
20:13:49.41700,1919.750,2
20:13:50.04600,1919.750,6
20:13:50.39400,1919.750,8
20:13:53.53900,1919.750,55
20:13:57.10500,1919.500,1
20:13:58.23400,1919.500,1
20:14:00.57400,1919.750,11
20:14:02.15200,1919.750,35
20:14:03.91000,1920.000,1
20:14:05.19900,1920.000,47
20:14:06.38600,1920.250,4
20:14:06.80000,1920.000,3
20:14:07.25700,1920.250,2
20:14:08.17100,1920.000,1
20:14:10.07000,1920.250,2
20:14:10.26900,1920.250,23
20:14:11.67500,1920.250,3
20:14:12.14000,1920.250,29
20:14:14.16700,1920.250,1
20:14:14.75700,1920.500,2
20:14:15.01100,1920.250,3
20:14:16.12100,1920.250,1
20:14:17.01500,1920.250,2
20:14:17.75300,1920.250,1
20:14:18.89800,1920.250,1
20:14:19.86300,1920.250,1
20:14:20.58200,1920.250,1
20:14:21.25300,1920.250,1
20:14:21.47600,1920.250,1
20:14:22.22200,1920.250,1
20:14:22.77700,1920.250,1
20:14:23.74600,1920.250,1
20:14:24.27300,1920.250,1
20:14:25.62800,1920.250,1
20:14:26.08500,1920.250,5
20:14:26.55000,1920.250,1
20:14:26.69900,1920.250,1
20:14:26.88600,1920.250,1
20:14:27.36700,1920.250,4
20:14:28.23800,1920.250,2
20:14:28.33900,1920.250,1
20:14:29.23400,1920.250,15
20:14:29.83200,1920.250,4
20:14:32.03100,1920.250,1
20:14:33.83900,1920.500,4
20:14:34.71400,1920.250,1
20:14:36.10100,1920.250,6
20:14:36.31200,1920.250,1
20:14:37.81200,1920.250,3
20:14:38.89000,1920.250,8
20:14:39.66700,1920.250,6
20:14:40.37500,1920.250,1
20:14:40.79600,1920.250,1
20:14:45.31600,1920.500,5
20:14:45.82400,1920.500,16
20:14:50.16000,1920.250,1
20:14:51.07400,1920.500,1
20:14:52.49600,1920.500,1
20:14:53.44500,1920.500,6
20:14:55.03100,1920.250,1
20:14:55.47600,1920.500,2
20:14:59.61300,1920.500,1
20:14:59.75300,1920.500,1
20:15:00.36700,1920.250,15
20:15:00.63200,1920.250,1
20:15:01.00700,1920.250,1
20:15:01.37500,1920.500,2
20:15:01.71400,1920.250,1
20:15:03.79200,1920.500,4
20:15:04.30000,1920.500,6
20:15:05.61700,1920.750,85
20:15:05.69900,1920.750,34
20:15:05.85100,1920.500,5
20:15:08.19500,1920.750,5
20:15:09.82800,1920.750,1
20:15:11.00700,1920.750,1
20:15:11.19100,1920.750,1
20:15:11.76900,1920.750,1
20:15:12.73400,1920.500,1
20:15:13.09700,1920.750,3
20:15:14.05000,1920.750,1
20:15:14.27300,1920.500,2
20:15:14.69900,1920.750,12
20:15:15.45700,1920.750,1
20:15:15.87800,1920.750,13
20:15:16.10100,1920.750,6
20:15:17.06600,1921.000,21
20:15:17.28500,1921.000,1
20:15:17.87500,1921.000,2
20:15:18.46400,1920.750,1
20:15:19.14400,1920.750,1
20:15:20.08200,1920.750,2
20:15:22.84300,1920.750,2
20:15:23.37100,1920.750,1
20:15:23.56600,1921.000,4
20:15:24.14800,1921.000,6
20:15:26.01500,1920.750,1
20:15:26.63200,1920.750,5
20:15:27.10500,1920.750,12
20:15:27.73800,1920.750,1
20:15:28.01900,1920.500,4
20:15:28.75700,1920.750,2
20:15:29.87100,1920.750,1
20:15:30.82800,1920.500,20
20:15:31.64400,1920.500,1
20:15:32.02700,1920.500,3
20:15:32.16700,1920.500,1
20:15:32.33900,1920.750,2
20:15:33.05000,1920.750,1
20:15:33.32000,1920.500,2
20:15:34.00300,1920.750,7
20:15:34.63600,1920.750,2
20:15:35.64800,1920.500,2
20:15:36.46800,1920.750,1
20:15:36.91700,1920.750,1
20:15:37.53100,1920.750,1
20:15:41.57400,1920.750,2
20:15:43.01100,1920.500,1
20:15:43.24600,1920.500,1
20:15:44.33200,1920.500,1
20:15:44.75300,1920.750,2
20:15:46.95300,1920.750,1
20:15:47.06200,1920.500,1
20:15:47.49200,1920.750,39
20:15:48.72600,1920.750,1
20:15:49.29200,1920.750,11
20:15:50.49200,1921.000,5
20:15:50.78100,1921.000,1
20:15:51.89800,1920.750,1
20:15:52.26900,1920.750,1
20:15:52.78100,1920.750,1
20:15:55.23800,1921.000,13
20:15:56.87500,1921.250,51
20:15:57.10500,1921.000,7
20:15:57.37500,1921.250,4
20:15:58.08900,1921.250,38
20:15:58.50300,1921.000,6
20:15:59.41700,1921.250,8
20:15:59.53900,1921.000,1
20:16:00.70700,1921.250,27
20:16:00.89000,1921.250,1
20:16:01.07400,1921.250,4
20:16:02.17500,1921.250,1
20:16:02.61700,1921.250,2
20:16:03.17900,1921.000,1
20:16:03.87100,1921.000,1
20:16:04.86700,1921.000,1
20:16:05.13600,1921.000,1
20:16:05.72200,1921.250,1
20:16:06.13200,1921.250,12
20:16:06.56600,1921.250,13
20:16:06.91400,1921.000,1
20:16:07.27700,1921.500,8
20:16:07.32400,1921.500,1
20:16:08.20300,1921.500,1
20:16:09.12100,1921.250,3
20:16:09.53900,1921.250,11
20:16:10.42500,1921.000,1
20:16:10.63200,1921.250,1
20:16:10.82400,1921.250,1
20:16:12.05000,1921.250,1
20:16:12.28500,1921.000,4
20:16:12.74200,1921.000,6
20:16:13.01100,1921.000,37
20:16:13.26900,1920.750,21
20:16:14.58500,1921.000,22
20:16:14.80000,1921.000,5
20:16:15.00700,1921.250,64
20:16:15.07400,1921.250,10
20:16:15.67100,1921.250,1
20:16:15.96000,1921.250,6
20:16:16.11300,1921.000,4
20:16:16.38200,1921.000,4
20:16:17.39800,1921.250,1
20:16:17.53500,1921.000,4
20:16:18.24600,1921.250,4
20:16:20.09300,1921.250,2
20:16:20.59300,1921.250,2
20:16:21.55400,1921.500,7
20:16:21.96800,1921.250,2
20:16:22.35900,1921.500,2
20:16:22.51100,1921.250,4
20:16:23.46400,1921.250,1
20:16:26.34700,1921.250,1
20:16:26.71400,1921.250,1
20:16:27.12100,1921.250,1
20:16:28.08200,1921.250,1
20:16:28.84300,1921.250,2
20:16:29.25300,1921.500,9
20:16:29.75000,1921.500,1
20:16:30.54200,1921.250,31
20:16:30.76500,1921.250,6
20:16:31.07000,1921.250,18
20:16:31.44100,1921.250,5
20:16:31.65200,1921.250,6
20:16:34.27300,1921.250,3
20:16:35.92100,1921.250,1
20:16:36.39800,1921.500,122
20:16:36.47200,1921.500,8
20:16:36.87500,1921.500,3
20:16:36.93700,1921.500,28
20:16:37.15200,1921.500,1
20:16:37.74200,1921.500,41
20:16:38.28500,1921.250,1
20:16:39.78100,1921.500,1
20:16:40.67500,1921.500,1
20:16:41.13600,1921.500,12
20:16:42.71400,1921.500,1
20:16:44.32800,1921.500,1
20:16:45.56600,1921.500,7
20:16:46.11300,1921.500,8
20:16:46.64000,1921.500,6
20:16:46.96800,1921.500,7
20:16:47.57800,1921.500,10
20:16:48.31600,1921.500,1
20:16:49.00000,1921.500,2
20:16:50.10500,1921.500,4
20:16:50.21800,1921.500,1
20:16:51.19100,1921.750,29
20:16:51.43700,1921.500,4
20:16:51.64000,1921.500,1
20:16:52.71800,1921.750,3
20:16:53.25700,1921.500,14
20:16:54.39800,1921.500,9
20:16:55.74200,1921.500,2
20:16:56.68300,1921.250,17
20:16:56.85500,1921.250,1
20:16:56.95300,1921.250,1
20:16:59.45700,1921.250,1
20:16:59.75000,1921.250,1
20:17:00.37100,1921.250,19
20:17:00.48800,1921.250,1
20:17:00.71400,1921.250,1
20:17:01.27700,1921.250,1
20:17:02.75000,1921.500,5
20:17:03.09700,1921.250,1
20:17:06.09300,1921.250,1
20:17:06.96000,1921.250,11
20:17:07.51100,1921.250,4
20:17:07.81600,1921.250,17
20:17:08.02700,1921.250,4
20:17:08.62100,1921.250,25
20:17:10.32000,1921.250,1
20:17:11.27300,1921.250,5
20:17:12.16000,1921.000,1
20:17:12.97200,1921.000,1
20:17:14.41400,1921.250,1
20:17:14.75000,1921.250,1
20:17:16.72200,1921.250,1
20:17:17.73800,1921.250,1
20:17:17.91700,1921.000,1
20:17:18.03500,1921.250,10
20:17:18.26100,1921.000,1
20:17:18.64000,1921.000,2
20:17:20.57400,1921.250,10
20:17:21.40600,1921.250,1
20:17:22.29600,1921.000,1
20:17:22.43300,1921.250,2
20:17:22.56200,1921.000,92
20:17:23.42900,1920.750,4
20:17:24.47600,1920.750,1
20:17:24.65200,1921.000,4
20:17:25.65200,1920.750,12
20:17:26.19500,1920.750,5
20:17:26.29200,1920.750,5
20:17:26.76900,1920.750,2
20:17:27.06600,1920.750,3
20:17:27.39800,1921.000,12
20:17:27.69100,1921.000,5
20:17:27.85100,1921.000,4
20:17:29.70300,1920.750,4
20:17:30.50300,1920.750,1
20:17:33.07000,1920.750,1
20:17:34.15600,1920.750,2
20:17:35.23800,1920.750,1
20:17:37.16700,1920.750,3
20:17:37.80400,1921.000,26
20:17:38.21800,1921.000,2
20:17:39.19100,1921.250,5
20:17:40.48400,1921.000,6
20:17:43.01500,1921.250,5
20:17:43.76500,1921.250,1
20:17:44.17900,1921.000,1
20:17:45.19100,1921.000,3
20:17:45.40200,1921.000,1
20:17:45.81200,1921.250,1
20:17:46.94900,1921.000,5
20:17:48.49200,1921.000,20
20:17:48.69900,1921.000,1
20:17:49.19100,1921.250,4
20:17:49.82800,1921.250,30
20:17:50.53500,1921.250,1
20:17:51.00700,1921.250,5
20:17:52.35100,1921.000,4
20:17:53.62500,1921.250,4
20:17:54.35100,1921.000,1
20:17:55.56600,1921.250,1
20:17:56.16000,1921.250,2
20:17:56.28100,1921.250,2
20:17:56.86300,1921.250,1
20:17:57.08500,1921.250,6
20:17:58.20300,1921.500,2
20:17:58.91400,1921.500,2
20:17:59.25300,1921.500,6
20:17:59.75000,1921.500,1
20:18:00.41700,1921.250,5
20:18:01.32400,1921.250,19
20:18:01.89000,1921.000,10
20:18:03.40600,1921.250,4
20:18:04.78900,1921.250,2
20:18:05.14000,1921.000,1
20:18:06.57800,1921.000,12
20:18:07.08900,1921.000,11
20:18:10.53100,1921.000,1
20:18:10.73000,1921.250,3
20:18:10.97200,1921.000,5
20:18:12.42900,1921.000,23
20:18:12.60100,1921.000,7
20:18:14.04200,1921.000,1
20:18:15.88600,1921.000,3
20:18:16.15200,1921.000,1
20:18:16.32400,1921.250,4
20:18:17.16700,1921.000,4
20:18:17.39400,1921.000,26
20:18:18.36300,1921.000,7
20:18:20.30400,1921.000,1
20:18:20.45700,1920.750,8
20:18:21.30000,1920.750,2
20:18:21.46400,1921.000,3
20:18:21.72600,1921.000,4
20:18:22.48400,1920.750,10
20:18:22.95700,1920.750,34
20:18:24.72200,1921.000,11
20:18:26.60900,1920.750,1
20:18:28.23800,1920.750,2
20:18:30.10100,1920.750,1
20:18:30.17500,1920.750,1
20:18:32.32000,1921.000,10
20:18:32.47200,1921.000,23
20:18:32.73400,1920.750,35
20:18:35.60900,1921.000,4
20:18:36.11700,1921.250,17
20:18:36.40200,1921.000,1
20:18:37.16700,1921.250,2
20:18:38.06600,1921.250,5
20:18:40.93300,1921.250,10
20:18:43.14400,1921.000,5
20:18:44.56200,1921.000,1
20:18:44.74600,1921.250,1
20:18:53.49200,1921.250,1
20:18:53.49200,1921.250,1
20:18:53.49200,1921.250,1
20:18:53.49200,1921.000,1
20:18:53.49200,1921.250,1
20:18:53.49200,1921.250,1
20:18:53.49200,1921.000,2
20:18:53.49200,1921.000,5
20:18:53.56600,1921.000,1
20:18:53.70300,1921.000,51
20:19:00.82400,1920.750,3
20:19:06.44500,1921.000,10
20:19:10.14000,1920.500,83
20:19:10.23400,1920.500,14
20:19:10.71800,1920.250,4
20:19:11.00000,1920.500,10
20:19:15.08200,1920.250,2
20:19:21.32800,1920.250,2
20:19:21.76500,1920.250,1
20:19:23.36700,1920.250,1
20:19:25.87800,1920.250,1
20:19:28.06600,1920.250,1
20:19:29.52700,1920.500,1
20:19:29.74600,1920.500,1
20:19:32.26100,1920.250,1
20:19:32.41400,1920.250,1
20:19:34.34700,1920.250,1
20:19:34.64800,1920.250,2
20:19:36.30400,1920.500,8
20:19:37.54200,1920.500,10
20:19:38.19100,1920.250,1
20:19:38.34700,1920.250,1
20:19:41.42500,1920.250,1
20:19:41.69100,1920.250,1
20:19:43.17100,1920.500,40
20:19:43.54600,1920.750,29
20:19:43.91700,1920.750,2
20:19:44.75700,1920.750,1
20:19:45.00700,1920.750,1
20:19:45.10500,1921.000,1
20:19:45.25000,1920.750,1
20:19:45.53100,1920.750,1
20:19:47.43700,1920.750,1
20:19:48.47200,1920.750,3
20:19:49.37500,1920.750,5
20:19:50.07000,1920.750,1
20:19:51.51900,1921.000,10
20:19:52.30400,1921.000,33
20:19:53.65600,1921.000,1
20:19:55.17100,1921.000,1
20:19:55.69100,1921.250,27
20:19:56.75300,1921.250,18
20:19:57.05000,1921.250,1
20:19:58.27300,1921.250,53
20:19:58.53900,1921.250,1
20:20:01.01100,1921.500,9
20:20:02.32000,1921.500,4
20:20:04.25300,1921.500,1
20:20:05.37100,1921.250,22
20:20:05.62500,1921.250,3
20:20:06.16400,1921.000,1
20:20:06.30400,1921.250,2
20:20:06.89400,1921.250,8
20:20:07.95300,1921.250,1
20:20:09.33200,1921.250,2
20:20:10.66700,1921.250,1
20:20:11.80400,1921.500,1
20:20:12.33200,1921.250,1
20:20:12.58500,1921.250,10
20:20:13.13600,1921.250,5
20:20:14.37100,1921.500,1
20:20:14.74200,1921.500,1
20:20:15.39000,1921.250,1
20:20:20.53100,1921.250,4
20:20:20.81600,1921.250,2
20:20:23.76900,1921.250,1
20:20:25.29600,1921.250,1
20:20:32.17900,1921.250,5
20:20:35.91000,1921.250,1
20:20:46.64800,1921.500,59
20:20:46.84300,1921.500,1
20:20:47.03100,1921.500,1
20:20:47.67500,1921.500,1
20:20:48.32400,1921.500,1
20:20:50.18700,1921.500,1
20:20:50.82400,1921.500,2
20:20:52.28100,1921.500,2
20:20:52.71000,1921.500,2
20:20:57.17500,1921.250,1
20:20:57.94500,1921.250,1
20:20:59.60500,1921.250,1
20:20:59.74200,1921.500,1
20:21:01.17900,1921.250,60
20:21:01.51100,1921.250,2
20:21:01.67500,1921.250,1
20:21:05.81200,1921.250,1
20:21:06.28900,1921.250,1
20:21:09.03100,1921.250,3
20:21:09.91000,1921.000,1
20:21:10.89400,1921.000,5
20:21:12.68700,1921.000,1
20:21:13.86300,1921.000,2
20:21:16.35100,1921.000,67
20:21:17.16400,1920.750,1
20:21:18.79600,1920.750,7
20:21:19.88200,1920.500,1
20:21:20.42900,1920.500,3
20:21:21.48000,1920.500,1
20:21:21.86700,1920.500,11
20:21:23.21800,1920.500,1
20:21:24.42900,1920.750,29
20:21:28.27300,1920.500,1
20:21:29.37500,1920.500,4
20:21:30.67900,1920.500,25
20:21:32.81600,1920.250,2
20:21:34.16700,1920.500,10
20:21:34.55800,1920.500,3
20:21:35.58200,1920.250,1
20:21:37.23000,1920.500,30
20:21:37.96400,1920.500,15
20:21:38.54600,1920.500,1
20:21:39.61300,1920.500,2
20:21:40.81600,1920.500,2
20:21:40.91400,1920.500,1
20:21:44.74200,1920.750,1
20:21:45.23800,1920.500,11
20:21:47.64000,1920.500,12
20:21:47.87100,1920.500,2
20:21:48.03900,1920.500,6
20:21:48.43300,1920.750,15
20:21:50.90600,1921.000,2
20:21:51.87800,1920.750,1
20:21:54.03500,1921.000,1
20:21:54.73000,1920.750,2
20:21:55.13200,1921.000,2
20:21:55.26100,1921.000,43
20:21:56.31200,1921.250,1
20:21:57.26500,1921.000,10
20:22:02.78500,1921.000,6
20:22:03.13600,1921.250,15
20:22:03.40600,1921.250,2
20:22:03.62500,1921.500,48
20:22:03.85100,1921.500,6
20:22:04.31200,1921.500,1
20:22:04.65200,1921.750,6
20:22:05.20700,1921.500,1
20:22:05.65200,1921.500,1
20:22:06.05400,1921.750,1
20:22:06.90600,1921.500,2
20:22:07.66700,1921.250,40
20:22:07.83500,1921.500,1
20:22:08.14800,1921.250,1
20:22:08.70700,1921.250,6
20:22:09.12100,1921.250,1
20:22:09.66400,1921.250,1
20:22:10.69100,1921.250,1
20:22:10.85900,1921.250,1
20:22:11.54600,1921.500,3
20:22:11.91000,1921.250,1
20:22:12.21400,1921.250,61
20:22:12.73400,1921.000,35
20:22:13.41700,1921.000,1
20:22:13.63200,1921.000,1
20:22:14.74200,1921.000,19
20:22:15.00300,1921.000,1
20:22:15.73000,1920.750,6
20:22:16.00300,1921.000,10
20:22:16.27300,1921.250,3
20:22:16.91700,1921.000,4
20:22:17.17500,1921.000,7
20:22:17.78500,1921.000,2
20:22:18.00000,1920.750,2
20:22:19.01500,1920.750,1
20:22:25.63200,1920.750,1
20:22:27.40600,1920.750,1
20:22:28.61300,1921.000,25
20:22:29.74200,1921.000,1
20:22:33.32800,1921.000,2
20:22:33.67500,1921.000,1
20:22:34.04200,1920.750,27
20:22:35.73000,1920.750,2
20:22:36.77700,1920.750,2
20:22:41.63600,1921.000,1
20:22:42.96800,1921.000,8
20:22:43.22200,1921.000,1
20:22:43.50700,1921.000,2
20:22:46.23000,1921.250,33
20:22:47.41700,1921.000,1
20:22:48.95700,1921.000,4
20:22:50.17900,1921.000,29
20:22:51.28900,1920.750,1
20:22:53.06600,1920.750,62
20:22:53.59700,1920.500,72
20:22:54.09700,1920.500,24
20:22:54.84700,1920.500,1
20:22:55.02700,1920.250,4
20:22:55.36700,1920.250,4
20:22:57.38200,1920.250,1
20:22:57.73800,1920.250,1
20:22:59.37500,1920.500,1
20:23:00.50000,1920.500,7
20:23:01.11300,1920.250,3
20:23:03.14400,1920.250,1
20:23:03.46400,1920.250,1
20:23:04.81600,1920.500,58
20:23:05.39800,1920.750,5
20:23:05.59700,1920.500,1
20:23:06.23400,1920.750,6
20:23:08.62100,1920.500,1
20:23:09.85500,1920.500,1
20:23:13.16000,1920.500,51
20:23:13.33200,1920.500,1
20:23:13.86700,1920.500,4
20:23:14.73800,1920.750,4
20:23:17.21400,1920.500,4
20:23:18.82400,1920.750,1
20:23:19.06600,1920.500,4
20:23:25.08900,1920.500,3
20:23:26.94100,1920.500,8
20:23:27.75700,1920.500,2
20:23:28.10100,1920.500,29
20:23:28.50300,1920.500,1
20:23:29.93700,1920.500,1
20:23:30.12100,1920.500,1
20:23:30.22600,1920.750,1
20:23:30.68300,1920.500,6
20:23:35.46400,1920.500,14
20:23:36.53500,1920.750,2
20:23:37.83500,1920.500,2
20:23:41.28500,1920.500,12
20:23:41.92500,1920.500,1
20:23:42.20700,1920.500,2
20:23:43.07000,1920.750,1
20:23:43.60900,1920.750,1
20:23:44.12500,1920.500,1
20:23:47.58200,1920.500,11
20:23:47.89000,1920.500,3
20:23:50.01900,1920.500,1
20:23:51.20700,1920.500,1
20:23:52.01500,1920.500,2
20:23:52.71000,1920.500,12
20:23:54.72600,1920.500,3
20:23:57.41000,1920.500,1
20:23:59.73400,1920.750,1
20:24:02.08500,1920.250,30
20:24:02.35900,1920.250,1
20:24:02.70700,1920.500,1
20:24:05.66000,1920.500,10
20:24:13.02700,1920.500,1
20:24:13.47200,1920.250,1
20:24:13.67500,1920.500,83
20:24:14.79200,1920.500,2
20:24:15.20300,1920.500,3
20:24:15.51500,1920.500,1
20:24:16.36700,1920.500,1
20:24:22.73800,1920.750,8
20:24:23.38600,1920.500,1
20:24:23.80800,1920.750,1
20:24:24.51500,1920.750,8
20:24:27.19500,1920.750,1
20:24:28.48800,1920.500,24
20:24:28.92900,1920.500,1
20:24:32.78100,1920.250,1
20:24:37.12800,1920.250,1
20:24:39.16700,1920.250,1
20:24:39.65200,1920.250,1
20:24:39.84300,1920.250,1
20:24:41.93700,1920.250,1
20:24:44.73400,1920.500,1
20:24:45.50700,1920.250,1
20:24:47.74600,1920.250,1
20:24:49.49200,1920.250,1
20:24:52.48800,1920.500,1
20:24:55.72200,1920.250,1
20:24:56.00000,1920.250,1
20:24:58.20700,1920.250,1
20:25:01.51100,1920.250,3
20:25:04.37100,1920.250,2
20:25:04.90200,1920.500,47
20:25:05.24200,1920.500,1
20:25:07.15200,1920.500,1
20:25:11.40600,1920.500,25
20:25:13.82400,1920.750,1
20:25:14.18700,1920.500,1
20:25:14.72600,1920.750,1
20:25:19.15600,1920.500,1
20:25:20.07800,1920.500,1
20:25:20.52300,1920.500,1
20:25:20.74200,1920.750,10
20:25:23.17100,1920.500,17
20:25:27.26100,1920.500,2
20:25:29.73400,1920.500,1
20:25:30.92900,1920.250,1
20:25:41.64000,1920.250,1
20:25:42.89400,1920.250,1
20:25:46.62100,1920.250,1
20:25:47.48800,1920.500,2
20:25:51.92500,1920.500,10
20:25:53.08200,1920.250,1
20:25:55.43300,1920.500,20
20:25:55.61300,1920.500,2
20:26:02.31200,1920.500,2
20:26:07.06600,1920.500,1
20:26:13.73800,1920.500,1
20:26:14.23800,1920.500,1
20:26:14.73400,1920.750,1
20:26:15.42500,1920.750,10
20:26:20.92100,1920.500,2
20:26:23.41700,1920.500,1
20:26:27.49600,1920.750,1
20:26:29.44500,1920.500,1
20:26:33.32800,1920.500,1
20:26:34.37100,1920.750,1
20:26:35.46800,1920.750,1
20:26:36.05000,1920.500,1
20:26:39.50300,1920.750,78
20:26:41.17900,1921.000,1
20:26:41.44900,1921.000,1
20:26:45.15200,1921.000,1
20:26:46.58900,1920.750,1
20:26:47.49200,1921.000,1
20:26:50.20300,1921.000,1
20:26:53.92500,1921.000,2
20:26:54.23400,1920.500,85
20:26:54.85900,1920.500,1
20:26:57.91700,1920.250,1
20:26:59.08500,1920.500,1
20:26:59.73000,1920.500,1
20:27:04.33500,1920.500,2
20:27:08.75300,1920.250,1
20:27:10.48000,1920.500,1
20:27:16.07000,1920.500,1
20:27:16.89400,1920.750,108
20:27:17.91000,1920.500,1
20:27:20.64800,1920.500,1
20:27:24.80800,1920.750,2
20:27:25.20700,1920.500,1
20:27:27.45300,1920.500,1
20:27:32.91000,1920.500,1
20:27:38.40200,1920.500,1
20:27:41.67500,1920.500,2
20:27:44.73000,1920.750,1
20:27:45.07000,1920.500,2
20:27:50.12800,1920.750,1
20:27:50.51100,1920.500,1
20:28:02.76500,1920.500,2
20:28:09.10900,1920.750,2
20:28:12.43700,1920.750,1
20:28:13.56600,1920.500,1
20:28:23.91400,1920.500,1
20:28:29.48000,1920.500,1
20:28:29.73000,1920.750,1
20:28:32.79600,1920.500,1
20:28:33.51900,1920.750,2
20:28:44.75300,1920.750,1
20:28:45.03500,1920.750,1
20:28:46.22200,1920.500,1
20:28:47.36700,1920.750,23
20:28:48.41700,1920.750,9
20:28:48.84300,1920.500,4
20:28:49.81600,1920.750,2
20:28:53.02700,1920.500,40
20:28:53.13200,1920.500,5
20:28:54.04600,1920.500,1
20:28:56.36300,1920.250,1
20:28:59.42100,1920.250,2
20:29:02.04600,1920.250,3
20:29:03.92900,1920.500,3
20:29:04.42100,1920.500,27
20:29:06.95700,1920.500,1
20:29:07.82000,1920.500,1
20:29:12.55400,1920.500,1
20:29:14.72600,1920.750,1
20:29:15.89400,1920.500,1
20:29:16.44100,1920.500,1
20:29:18.12500,1920.500,4
20:29:18.36300,1920.750,2
20:29:19.53500,1920.500,2
20:29:20.39800,1920.500,1
20:29:21.11300,1920.500,1
20:29:22.90200,1920.500,1
20:29:24.03100,1920.500,1
20:29:27.10500,1920.750,20
20:29:27.53500,1920.500,1
20:29:40.19900,1920.500,1
20:29:49.22200,1920.500,1
20:29:49.44900,1920.500,1
20:29:52.32400,1920.500,1
20:29:58.41000,1920.750,1
20:29:59.72600,1920.750,1
20:30:00.37500,1920.750,5
20:30:02.01100,1920.750,1
20:30:02.94100,1920.750,63
20:30:03.35500,1921.000,2
20:30:04.75700,1920.750,2
20:30:08.69500,1921.000,2
20:30:13.22600,1920.750,12
20:30:15.40600,1921.000,1
20:30:21.14800,1921.000,1
20:30:21.86700,1921.000,65
20:30:24.04600,1921.250,3
20:30:24.38200,1921.250,15
20:30:26.61300,1921.000,8
20:30:26.94100,1920.750,2
20:30:33.00300,1920.750,4
20:30:33.10100,1921.000,1
20:30:37.56600,1921.000,1
20:30:41.28100,1921.000,3
20:30:42.28100,1920.750,5
20:30:47.01500,1920.750,12
20:30:53.62100,1920.750,1
20:30:53.85500,1920.500,59
20:30:58.30000,1920.500,1
20:30:58.77300,1920.500,1
20:31:01.73000,1920.750,43
20:31:01.91400,1920.750,3
20:31:04.05400,1920.750,2
20:31:06.17900,1920.750,2
20:31:07.39800,1920.500,25
20:31:07.95700,1920.750,1
20:31:10.25700,1920.500,1
20:31:14.96400,1920.500,24
20:31:16.51100,1920.750,1
20:31:17.79600,1920.750,1
20:31:24.07800,1920.750,4
20:31:29.58500,1920.750,27
20:31:32.88600,1920.750,1
20:31:41.82800,1921.000,5
20:31:41.96800,1921.000,1
20:31:46.43300,1920.750,30
20:31:48.33200,1920.500,18
20:31:52.91000,1920.500,1
20:31:53.72200,1920.500,4
20:31:55.35500,1920.500,1
20:31:56.18700,1920.500,2
20:31:56.33900,1920.750,5
20:31:59.04200,1920.500,29
20:32:05.28100,1920.500,2
20:32:08.80400,1920.750,38
20:32:20.44500,1920.750,1
20:32:22.65600,1921.000,17
20:32:27.29200,1921.000,1
20:32:29.29200,1921.000,2
20:32:29.97200,1921.000,9
20:32:32.50000,1921.000,48
20:32:32.80000,1921.000,4
20:32:33.24200,1921.000,1
20:32:33.46800,1921.000,1
20:32:38.23000,1921.250,1
20:32:45.36300,1921.000,2
20:32:45.79200,1921.000,1
20:32:46.77700,1921.000,52
20:32:54.48400,1921.000,1
20:32:55.14000,1921.000,1
20:33:01.64800,1921.000,19
20:33:02.39800,1921.250,2
20:33:06.45700,1921.250,2
20:33:06.73000,1921.250,1
20:33:10.26900,1921.250,42
20:33:10.94900,1921.500,1
20:33:13.87800,1921.500,1
20:33:16.08500,1921.500,1
20:33:16.44500,1921.500,3
20:33:16.57400,1921.500,1
20:33:28.71000,1921.500,1
20:33:32.24600,1921.250,1
20:33:33.16400,1921.500,1
20:33:36.64800,1921.500,1
20:33:37.22200,1921.250,1
20:33:37.58900,1921.500,1
20:33:38.84700,1921.500,1
20:33:39.46000,1921.500,1
20:33:41.29600,1921.250,1
20:33:42.52700,1921.500,1
20:33:44.90200,1921.500,2
20:33:46.88600,1921.500,60
20:33:48.97200,1921.750,3
20:33:49.26500,1921.750,2
20:33:49.55800,1921.750,23
20:33:51.37500,1922.000,27
20:33:51.87500,1922.000,4
20:33:52.07400,1922.000,1
20:33:52.61300,1922.000,25
20:33:53.06200,1922.000,1
20:33:53.21800,1922.000,1
20:33:53.80400,1922.000,2
20:33:54.01500,1922.000,1
20:33:54.69100,1922.000,10
20:33:55.89800,1922.000,32
20:33:56.16000,1922.000,3
20:33:58.00700,1921.750,2
20:33:58.74200,1921.750,5
20:34:01.01100,1922.000,160
20:34:01.28500,1922.000,11
20:34:01.41400,1922.000,1
20:34:01.51500,1921.750,2
20:34:05.02300,1922.000,1
20:34:05.45700,1922.000,1
20:34:05.79600,1922.000,1
20:34:06.39400,1922.000,1
20:34:07.12800,1922.000,22
20:34:07.32000,1922.000,6
20:34:09.70700,1922.000,1
20:34:10.25700,1922.000,1
20:34:10.69500,1922.250,123
20:34:10.80800,1922.500,2
20:34:10.88200,1922.500,2
20:34:11.05000,1922.500,2
20:34:11.25300,1922.500,3
20:34:12.88200,1922.250,12
20:34:15.11700,1922.500,4
20:34:15.42900,1922.500,1
20:34:16.62100,1922.500,2
20:34:18.19100,1922.500,4
20:34:18.49600,1922.500,1
20:34:18.70700,1922.250,15
20:34:19.66700,1922.250,7
20:34:20.06600,1922.250,1
20:34:20.52300,1922.000,2
20:34:22.00000,1922.500,177
20:34:22.05000,1922.500,10
20:34:22.23400,1922.500,1
