00:00:00.82800,1932.250,0
00:00:05.85500,1932.250,2
00:00:09.35900,1932.250,5
00:00:11.14800,1932.250,18
00:00:19.89000,1932.500,1
00:00:21.65200,1932.250,1
00:00:22.16400,1932.250,2
00:00:27.14800,1932.000,1
00:00:34.28100,1932.250,4
00:00:44.80800,1932.250,1
00:00:46.49200,1932.250,1
00:00:46.61700,1932.500,10
00:00:47.75700,1932.500,6
00:00:49.85900,1932.500,1
00:00:50.45700,1932.500,3
00:00:54.80400,1932.500,1
00:00:57.07800,1932.250,6
00:00:59.94900,1932.250,3
00:01:08.92100,1932.250,3
00:01:13.75000,1932.500,3
00:01:13.94900,1932.500,2
00:01:15.10100,1932.500,1
00:01:15.17500,1932.500,3
00:01:18.53100,1932.750,1
00:01:19.95300,1932.500,10
00:01:20.91400,1932.500,1
00:01:21.39800,1932.500,7
00:01:27.16000,1932.500,1
00:01:31.19900,1932.500,1
00:01:34.23000,1932.500,1
00:01:38.78100,1932.750,1
00:01:40.23000,1932.750,54
00:01:40.54200,1932.750,2
00:01:40.77300,1932.750,1
00:01:41.75700,1932.750,1
00:01:42.16000,1933.000,5
00:01:43.36700,1932.750,2
00:01:46.36300,1932.750,22
00:01:47.02700,1932.750,1
00:01:47.30400,1932.750,4
00:01:48.66400,1932.750,13
00:01:49.58500,1932.750,1
00:01:50.71400,1932.750,1
00:01:51.01100,1933.000,4
00:01:51.22600,1933.000,4
00:01:57.89000,1932.750,14
00:02:00.42100,1932.750,2
00:02:04.77300,1932.750,1
00:02:06.61300,1932.750,28
00:02:09.01100,1932.750,2
00:02:10.63600,1933.000,1
00:02:12.04200,1932.750,18
00:02:12.29200,1932.500,1
00:02:12.46400,1932.500,1
00:02:12.93300,1932.500,14
00:02:15.74200,1932.250,3
00:02:19.70700,1932.250,28
00:02:23.97200,1932.250,1
00:02:25.32800,1932.500,3
00:02:26.48400,1932.250,2
00:02:28.65200,1932.250,10
00:02:40.44100,1932.250,2
00:02:44.72600,1932.250,1
00:02:54.01900,1932.250,16
00:02:58.05000,1932.250,4
00:02:59.90600,1932.500,7
00:03:05.35900,1932.250,3
00:03:15.35500,1932.250,10
00:03:22.19100,1932.250,2
00:03:31.29600,1932.250,1
00:03:35.07800,1932.250,4
00:03:54.74200,1932.250,24
00:03:58.43300,1932.000,1
00:04:04.52700,1931.750,27
00:04:18.28900,1931.500,1
00:04:19.55800,1931.500,32
00:04:20.87500,1931.500,2
00:04:21.43700,1931.500,2
00:04:24.22200,1931.500,5
00:04:25.32800,1931.500,1
00:04:26.51500,1931.750,19
00:04:35.16400,1931.750,1
00:04:35.52700,1931.750,1
00:04:37.60500,1931.750,1
00:04:46.24600,1931.750,2
00:04:51.79600,1931.500,1
00:04:52.26900,1931.750,1
00:04:54.51100,1932.000,1
00:05:09.96400,1932.000,7
00:05:23.12100,1931.750,3
00:05:30.72600,1931.750,1
00:05:47.03100,1931.500,2
00:05:59.16400,1932.000,39
00:06:11.72200,1932.000,5
00:06:25.81200,1932.000,1
00:06:30.54200,1932.000,14
00:06:30.81600,1932.000,12
00:06:55.21400,1932.000,2
00:07:06.02700,1932.000,9
00:07:15.14000,1932.000,4
00:07:17.13600,1932.000,1
00:07:31.23000,1932.000,7
00:07:31.52700,1932.000,1
00:07:54.30000,1931.750,12
00:07:57.24600,1931.750,5
00:08:03.77300,1931.500,2
00:08:06.19900,1931.500,1
00:08:07.09300,1931.500,1
00:08:10.19900,1931.500,1
00:08:19.12800,1931.750,16
00:08:25.59300,1931.250,6
00:08:26.60500,1931.250,1
00:08:31.09300,1931.250,4
00:08:31.26900,1931.250,5
00:08:33.29600,1931.250,1
00:08:33.59300,1931.250,5
00:08:37.06200,1931.250,2
00:08:37.47200,1931.500,1
00:08:37.71400,1931.250,2
00:08:40.43300,1931.250,18
00:08:41.29600,1931.000,8
00:08:41.32400,1931.000,1
00:08:41.60100,1931.250,4
00:08:42.89400,1931.000,29
00:08:43.23400,1930.750,17
00:08:44.25300,1930.750,5
00:08:46.19100,1931.000,10
00:08:47.25700,1931.250,1
00:08:49.16400,1931.000,2
00:08:51.61700,1931.000,8
00:08:57.20300,1930.750,3
00:09:01.58200,1931.000,2
00:09:02.89400,1930.750,5
00:09:05.60900,1930.750,41
00:09:05.75700,1930.750,1
00:09:06.12500,1930.500,2
00:09:06.19900,1930.500,1
00:09:06.67500,1930.750,1
00:09:07.32800,1930.500,1
00:09:07.78100,1930.750,1
00:09:08.64800,1930.500,1
00:09:14.49600,1930.500,1
00:09:14.83900,1930.500,1
00:09:16.90200,1930.500,5
00:09:21.31200,1930.500,1
00:09:26.83900,1930.500,1
00:09:29.91400,1930.500,1
00:09:33.12500,1930.500,4
00:09:37.26500,1930.750,1
00:09:37.46800,1930.750,32
00:09:45.05400,1931.000,7
00:09:45.38200,1931.000,7
00:09:48.19100,1931.000,1
00:09:50.39000,1931.000,1
00:09:53.18300,1931.000,1
00:09:54.80800,1931.000,1
00:10:02.19100,1930.750,6
00:10:04.26900,1930.750,5
00:10:08.96800,1930.500,2
00:10:09.21400,1930.500,7
00:10:14.54200,1930.750,1
00:10:17.10900,1930.750,13
00:10:17.81200,1930.750,2
00:10:19.87500,1930.750,1
00:10:21.63600,1930.750,6
00:10:23.81200,1930.750,3
00:10:24.22200,1930.500,1
00:10:27.89000,1930.750,1
00:10:29.75300,1930.500,1
00:10:31.66000,1930.500,7
00:10:34.30000,1930.750,1
00:10:37.66400,1930.500,1
00:10:38.20700,1930.500,1
00:10:48.87100,1930.500,5
00:10:49.64000,1930.500,1
00:10:50.67100,1930.500,1
00:10:54.44900,1930.500,1
00:10:55.69500,1930.500,1
00:10:59.37800,1930.500,22
00:11:03.07000,1930.500,4
00:11:08.55400,1930.500,1
00:11:10.21800,1930.500,1
00:11:15.30400,1930.500,1
00:11:15.69900,1930.500,4
00:11:22.71400,1930.500,26
00:11:22.78100,1930.500,1
00:11:30.64400,1930.250,4
00:11:36.18300,1930.250,146
00:11:36.34300,1930.000,30
00:11:36.36700,1930.000,16
00:11:38.11700,1930.000,1
00:11:38.33200,1930.000,1
00:11:40.84300,1930.000,1
00:11:42.37100,1930.000,1
00:11:46.10500,1930.250,2
00:11:47.78900,1930.250,1
00:11:47.93700,1930.250,43
00:11:49.04600,1930.250,3
00:11:51.39400,1930.250,1
00:11:51.95700,1930.250,37
00:11:52.10100,1930.250,1
00:11:52.79600,1930.000,2
00:11:53.59300,1930.000,3
00:11:57.75300,1930.250,1
00:11:58.53100,1930.250,60
00:11:59.34300,1930.250,5
00:12:02.55400,1930.250,3
00:12:03.97200,1930.250,1
00:12:06.59300,1930.250,1
00:12:07.32000,1930.250,1
00:12:07.90200,1930.250,1
00:12:08.50300,1930.250,22
00:12:09.11700,1930.500,5
00:12:16.88200,1930.250,1
00:12:25.19500,1930.250,1
00:12:26.24600,1930.250,12
00:12:26.62800,1930.250,2
00:12:27.11300,1930.250,2
00:12:27.69900,1930.500,1
00:12:33.07400,1930.250,4
00:12:37.07800,1930.250,37
00:12:45.00700,1930.250,3
00:12:46.07800,1930.250,10
00:12:47.11300,1930.250,7
00:12:49.45300,1930.250,1
00:12:50.90600,1930.250,1
00:12:51.65600,1930.250,1
00:12:53.18700,1930.250,2
00:12:57.35100,1930.250,1
00:13:13.54200,1930.250,4
00:13:16.51900,1930.250,22
00:13:24.28100,1930.250,1
00:13:25.03500,1930.000,2
00:13:26.42500,1930.250,1
00:13:26.70300,1930.000,1
00:13:28.50000,1930.250,46
00:13:29.76500,1930.000,1
00:13:30.66000,1930.000,5
00:13:33.06200,1930.000,5
00:13:34.90200,1930.000,1
00:13:46.03500,1930.000,2
00:13:47.53500,1930.000,36
00:13:48.14400,1930.000,15
00:13:52.41000,1930.000,1
00:13:52.49200,1930.000,1
00:13:53.68700,1930.000,1
00:13:57.67900,1930.000,149
00:13:58.81200,1930.000,1
00:14:00.51100,1930.000,2
00:14:04.65600,1930.000,2
00:14:09.55800,1929.750,5
00:14:09.62500,1929.750,1
00:14:11.08900,1929.750,2
00:14:12.61300,1930.000,22
00:14:14.52700,1930.000,4
00:14:15.03900,1930.000,2
00:14:15.66400,1930.000,1
00:14:18.88600,1930.000,2
00:14:19.91700,1930.000,2
00:14:20.70300,1930.000,2
00:14:23.50300,1930.000,11
00:14:24.40200,1930.000,1
00:14:25.62500,1930.000,1
00:14:38.38200,1930.000,1
00:14:41.39400,1930.000,3
00:14:44.57000,1930.000,5
00:14:45.37100,1930.000,3
00:14:48.78500,1930.000,1
00:15:03.89000,1930.000,3
00:15:04.88200,1930.000,1
00:15:24.85100,1930.250,7
00:15:26.62800,1930.250,1
00:15:26.80400,1930.250,1
00:15:26.85900,1930.250,1
00:15:28.34300,1930.000,1
00:15:29.87500,1930.250,1
00:15:30.50700,1930.250,37
00:15:32.89400,1930.250,2
00:15:33.94900,1930.250,1
00:15:34.89000,1930.250,7
00:15:39.82000,1930.500,3
00:15:42.21400,1930.500,1
00:15:42.76100,1930.500,26
00:15:45.48800,1930.500,5
00:15:47.96800,1930.250,1
00:15:48.23400,1930.500,11
00:15:48.80400,1930.750,4
00:15:50.73800,1930.750,2
00:16:05.90200,1930.750,41
00:16:07.73000,1930.500,3
00:16:08.75300,1930.500,1
00:16:11.03100,1930.750,29
00:16:14.80000,1931.000,2
00:16:20.06600,1931.000,1
00:16:20.64400,1931.000,1
00:16:23.04600,1930.750,1
00:16:26.46400,1931.000,21
00:16:28.74200,1930.750,1
00:16:33.32000,1931.000,1
00:16:35.12800,1931.000,1
00:16:37.02700,1931.250,75
00:16:37.05000,1931.250,14
00:16:37.16700,1931.250,2
00:16:41.32000,1931.250,5
00:16:41.51100,1931.250,1
00:16:41.60500,1931.250,2
00:16:43.57000,1931.250,1
00:16:44.54200,1931.500,2
00:16:46.86700,1931.500,9
00:16:47.10500,1931.500,1
00:16:47.51900,1931.500,37
00:16:48.27700,1931.500,1
00:16:48.55000,1931.500,5
00:16:49.27300,1931.500,6
00:16:50.35500,1931.500,5
00:16:50.73800,1931.500,5
00:16:52.25300,1931.750,26
00:16:54.81200,1931.500,1
00:16:55.30000,1931.750,1
00:16:59.49600,1931.500,6
00:16:59.74200,1931.750,7
00:17:01.26900,1931.500,7
00:17:01.92500,1931.750,2
00:17:02.19100,1931.750,2
00:17:03.68300,1931.500,16
00:17:07.66000,1931.750,2
00:17:11.60500,1931.500,7
00:17:11.76100,1931.500,7
00:17:12.28500,1931.500,2
00:17:13.16000,1931.750,1
00:17:18.55800,1931.750,20
00:17:20.02700,1931.500,1
00:17:28.39400,1931.500,1
00:17:32.94100,1931.500,13
00:17:37.42900,1931.750,7
00:17:39.44100,1931.750,1
00:17:42.19500,1931.750,1
00:17:43.55000,1931.750,8
00:17:48.15600,1931.750,1
00:17:50.41700,1931.750,2
00:17:50.87800,1931.750,2
00:17:51.11300,1931.750,1
00:17:51.57400,1931.750,1
00:17:54.56200,1931.500,1
00:17:58.08500,1931.750,1
00:18:00.54600,1931.500,9
00:18:02.00700,1931.500,1
00:18:04.94500,1931.500,1
00:18:06.89800,1931.500,3
00:18:11.54200,1931.500,1
00:18:12.21800,1931.500,3
00:18:13.00700,1931.500,1
00:18:15.87500,1931.500,1
00:18:21.12100,1931.500,1
00:18:27.23400,1931.750,8
00:18:32.87100,1931.750,2
00:18:33.16400,1931.750,4
00:18:33.69100,1931.750,1
00:18:37.35100,1931.750,1
00:18:43.73800,1932.000,49
00:18:46.02700,1932.000,2
00:18:48.24200,1932.000,12
00:18:49.62800,1931.750,1
00:18:49.73800,1931.750,1
00:18:52.71800,1932.000,1
00:18:53.96000,1932.000,1
00:18:54.37500,1932.000,3
00:18:56.14400,1932.000,1
00:18:58.54200,1931.750,1
00:19:04.96000,1932.000,9
00:19:06.14400,1932.000,1
00:19:17.02700,1932.000,1
00:19:19.88600,1931.750,1
00:19:20.06600,1931.750,1
00:19:23.38200,1932.000,4
00:19:23.71800,1932.000,1
00:19:23.90600,1932.000,1
00:19:28.35500,1932.000,1
00:19:36.48400,1932.000,1
00:19:38.62100,1932.000,4
00:19:41.66400,1932.000,5
00:19:45.46400,1932.250,11
00:19:45.83500,1932.500,43
00:19:45.91400,1932.750,3
00:19:46.22200,1932.750,1
00:19:48.17900,1932.750,1
00:19:48.91000,1932.500,1
00:19:49.60500,1932.500,8
00:19:50.83500,1932.500,7
00:19:53.63600,1932.750,8
00:19:55.83500,1932.500,21
00:19:57.75300,1932.500,1
00:19:58.67900,1932.500,1
00:19:59.13600,1932.500,1
00:20:00.25000,1932.250,2
00:20:00.70700,1932.500,1
00:20:02.08900,1932.500,1
00:20:02.83500,1932.250,1
00:20:06.55400,1932.500,1
00:20:06.79600,1932.250,1
00:20:08.01900,1932.500,8
00:20:10.57400,1932.250,19
00:20:24.05800,1932.250,18
00:20:26.30000,1932.000,1
00:20:27.40200,1932.000,3
00:20:28.70700,1932.250,1
00:20:34.42900,1932.250,1
00:20:34.61300,1932.250,14
00:20:45.63200,1932.000,2
00:20:47.70700,1932.250,1
00:20:54.11300,1932.250,9
00:20:56.19500,1932.250,1
00:21:07.07400,1932.250,19
00:21:10.08900,1932.500,1
00:21:14.80000,1932.250,1
00:21:14.95300,1932.250,1
00:21:15.62500,1932.250,1
00:21:16.23000,1932.500,1
00:21:17.30000,1932.250,5
00:21:18.09300,1932.250,7
00:21:18.56600,1932.250,1
00:21:20.56600,1932.500,10
00:21:22.26500,1932.250,5
00:21:23.65200,1932.250,7
00:21:25.14000,1932.250,2
00:21:25.61300,1932.250,1
00:21:26.12800,1932.250,1
00:21:27.32800,1932.250,1
00:21:28.02300,1932.250,15
00:21:44.76500,1932.250,5
00:21:47.60100,1932.000,8
00:21:49.50700,1931.750,1
00:21:53.05000,1932.000,2
00:21:57.32800,1931.750,1
00:22:02.28100,1931.750,2
00:22:10.21000,1931.750,1
00:22:11.30400,1931.750,1
00:22:11.59700,1932.000,1
00:22:13.10100,1931.750,1
00:22:13.39000,1932.000,1
00:22:16.85900,1931.500,29
00:22:18.21000,1931.500,6
00:22:18.64800,1931.500,3
00:22:19.73400,1931.500,27
00:22:24.10900,1931.500,1
00:22:24.42100,1931.500,3
00:22:24.54600,1931.500,6
00:22:31.87100,1931.500,1
00:22:32.16700,1931.750,1
00:22:35.14400,1931.750,6
00:22:35.95700,1931.750,3
00:22:37.83900,1931.750,1
00:22:40.40200,1931.750,4
00:22:43.33900,1931.750,4
00:22:44.56200,1931.750,1
00:22:47.49600,1931.750,2
00:23:08.57800,1931.750,8
00:23:12.31600,1931.500,1
00:23:14.92900,1931.500,15
00:23:16.33200,1931.750,1
00:23:19.84300,1931.500,1
00:23:25.67100,1931.500,1
00:23:27.80400,1931.500,1
00:23:29.71000,1931.250,1
00:23:29.77700,1931.500,3
00:23:31.82800,1931.500,1
00:23:32.71400,1931.500,1
00:23:34.10900,1931.500,1
00:23:36.74600,1931.500,1
00:23:39.53500,1931.500,1
00:23:40.57400,1931.750,8
00:23:42.02700,1931.750,5
00:23:46.79600,1931.750,7
00:23:50.81600,1931.750,1
00:24:05.60500,1932.000,16
00:24:07.56600,1932.000,15
00:24:08.47200,1932.000,2
00:24:17.36700,1932.000,7
00:24:19.81600,1932.000,3
00:24:28.60100,1932.000,6
00:24:34.11700,1932.000,1
00:24:35.36700,1932.000,1
00:24:41.22200,1932.000,1
00:24:45.56600,1932.000,1
00:25:09.75700,1931.750,34
00:25:09.91400,1931.500,1
00:25:14.76900,1931.750,1
00:25:24.73800,1931.750,1
00:25:26.64400,1931.500,1
00:25:29.71000,1931.750,2
00:25:30.06600,1931.750,6
00:25:36.07800,1931.750,3
00:25:45.93300,1931.750,9
00:25:49.68300,1931.750,1
00:25:53.36700,1931.750,10
00:25:56.12800,1931.750,3
00:26:18.83900,1931.500,21
00:26:19.05800,1931.500,5
00:26:21.11700,1931.500,22
00:26:32.37100,1931.250,2
00:26:40.34300,1931.500,11
00:26:43.13600,1931.500,6
00:26:44.39400,1931.500,9
00:26:51.51500,1931.500,14
00:26:52.77300,1931.250,1
00:26:53.22600,1931.500,2
00:26:58.78500,1931.250,1
00:27:29.60900,1931.500,14
00:27:34.58500,1931.500,1
00:27:38.21400,1931.500,1
00:27:38.73000,1931.500,2
00:27:39.12800,1931.500,12
00:27:47.61300,1931.500,9
00:27:50.28900,1931.500,2
00:28:06.14400,1931.750,2
00:28:08.73400,1931.500,3
00:28:09.11300,1931.500,6
00:28:09.21400,1931.500,13
00:28:09.90600,1931.500,2
00:28:13.26500,1931.500,2
00:28:15.65200,1931.500,1
00:28:30.94900,1931.500,3
00:28:32.91000,1931.500,3
00:28:39.61300,1931.500,39
00:28:39.73000,1931.500,1
00:28:40.55400,1931.250,2
00:28:42.61300,1931.500,3
00:28:44.09700,1931.500,3
00:28:55.75700,1931.250,20
00:29:02.64400,1931.500,20
00:29:04.41000,1931.500,1
00:29:09.42100,1931.750,3
00:29:18.85900,1931.500,7
00:29:49.82800,1931.250,4
00:29:50.35900,1931.250,2
00:29:55.21800,1931.250,1
00:29:55.28900,1931.250,1
00:29:55.62500,1931.250,1
00:29:59.04600,1931.250,6
00:30:04.78900,1931.250,6
00:30:05.04200,1931.000,10
00:30:07.34700,1931.000,8
00:30:07.53900,1931.000,35
00:30:08.58200,1931.000,6
00:30:08.71000,1931.000,1
00:30:09.15600,1930.750,2
00:30:09.82800,1930.750,2
00:30:11.53100,1931.000,1
00:30:13.72200,1931.000,1
00:30:20.30800,1931.000,2
00:30:21.67500,1931.000,16
00:30:22.96800,1931.000,6
00:30:38.92500,1931.000,1
00:30:44.29200,1931.250,2
00:30:50.28900,1931.250,1
00:30:51.62100,1931.000,1
00:30:52.78500,1931.000,1
00:30:53.71000,1931.250,6
00:30:56.15600,1931.250,1
00:30:56.61700,1931.000,9
00:30:58.90600,1931.000,1
00:31:05.23000,1930.750,14
00:31:06.53500,1930.750,5
00:31:20.42500,1930.750,1
00:31:20.79200,1930.500,6
00:31:22.95700,1930.750,1
00:31:30.03900,1930.500,1
00:31:35.01900,1930.750,29
00:31:36.12800,1930.750,1
00:31:36.90600,1930.750,4
00:31:40.73400,1931.000,1
00:31:43.05400,1930.750,1
00:31:45.40200,1930.750,4
00:31:51.95300,1930.750,2
00:31:55.26500,1930.750,8
00:31:55.39800,1930.750,3
00:31:57.81600,1931.000,1
00:31:59.64400,1931.000,2
00:32:03.07800,1931.000,5
00:32:12.25300,1930.750,2
00:32:15.66000,1930.750,2
00:32:16.57400,1930.750,1
00:32:17.83900,1930.500,1
00:32:18.59700,1930.500,1
00:32:26.18300,1930.750,10
00:32:40.29600,1930.750,1
00:32:40.96800,1930.750,2
00:32:41.57800,1930.750,1
00:32:53.84700,1930.750,1
00:32:59.53900,1930.500,6
00:32:59.96800,1930.250,1
00:33:10.34300,1930.500,4
00:33:12.28100,1930.500,6
00:33:14.45700,1930.500,3
00:33:16.61300,1930.500,1
00:33:23.24200,1930.500,4
00:33:26.16700,1930.750,1
00:33:29.84300,1930.500,1
00:33:30.35500,1930.750,7
00:33:51.03900,1930.500,7
00:33:56.35100,1930.250,1
00:33:58.87100,1930.500,1
00:34:06.62800,1930.500,14
00:34:07.57800,1930.500,1
00:34:16.83500,1930.500,1
00:34:17.60500,1930.500,1
00:34:22.01500,1930.500,1
00:34:27.02300,1930.250,1
00:34:36.62100,1930.250,29
00:34:48.90600,1930.250,9
00:34:50.46000,1930.250,10
00:34:50.87500,1930.250,1
00:34:52.64400,1930.500,10
00:34:55.71000,1930.250,1
00:34:56.12500,1930.500,4
00:35:00.70300,1930.500,6
00:35:10.79200,1930.250,24
00:35:16.12800,1930.500,3
00:35:18.03500,1930.500,2
00:35:18.28900,1930.500,1
00:35:21.26500,1930.500,1
00:35:29.13200,1930.250,78
00:35:31.07800,1930.250,1
00:35:31.72600,1930.500,4
00:35:31.83200,1930.500,4
00:35:34.66000,1930.500,1
00:35:35.44100,1930.500,4
00:35:36.78500,1930.750,1
00:35:38.61300,1930.500,9
00:35:41.58900,1930.500,1
00:35:43.77300,1930.750,20
00:35:46.18700,1930.500,2
00:35:46.96000,1930.250,1
00:35:55.92100,1930.250,7
00:35:57.96800,1930.250,1
00:36:06.50000,1930.250,13
00:36:14.44500,1930.000,5
00:36:19.93700,1930.250,10
00:36:20.83200,1930.250,7
00:36:27.34700,1930.250,6
00:36:28.80400,1930.250,6
00:36:40.94900,1930.500,2
00:36:43.39000,1930.500,13
00:36:48.86700,1930.250,1
00:36:49.65600,1930.500,2
00:36:55.25700,1930.500,1
00:36:58.00300,1930.500,1
00:36:58.62800,1930.500,30
00:37:06.50300,1930.500,154
00:37:07.61300,1930.500,6
00:37:07.74200,1930.250,2
00:37:08.25000,1930.250,1
00:37:25.23000,1930.250,2
00:37:26.85500,1930.250,8
00:37:28.86700,1930.250,6
00:37:36.37800,1930.250,1
00:37:56.36700,1930.500,9
00:38:02.74200,1930.500,23
00:38:04.61700,1930.500,122
00:38:05.00700,1930.500,15
00:38:15.74200,1930.500,1
00:38:22.14800,1930.750,36
00:38:26.48400,1931.000,5
00:38:28.69900,1931.000,1
00:38:29.61700,1931.000,5
00:38:33.90200,1930.750,7
00:38:37.59700,1930.750,1
00:38:45.94500,1931.000,1
00:38:49.75300,1931.000,1
00:38:51.89400,1931.000,1
00:38:53.33200,1931.000,27
00:38:57.57400,1930.750,15
00:38:58.79600,1931.000,2
00:39:08.50300,1931.250,2
00:39:15.40200,1931.250,1
00:39:20.03100,1931.000,1
00:39:31.49600,1931.000,2
00:39:40.93700,1931.000,1
00:39:41.80800,1931.000,4
00:39:43.82000,1931.000,37
00:39:51.62100,1931.000,1
00:39:57.02300,1931.000,20
00:40:02.18300,1931.000,6
00:40:03.59700,1931.000,1
00:40:04.31600,1931.000,1
00:40:05.78100,1931.000,68
00:40:08.25000,1931.000,1
00:40:13.55400,1931.000,1
00:40:20.38200,1931.000,2
00:40:22.02700,1931.000,17
00:40:30.53900,1931.000,1
00:40:31.53500,1931.000,1
00:40:41.94500,1931.000,2
00:40:47.39000,1930.750,15
00:40:47.64000,1930.500,1
00:40:50.96400,1930.750,1
00:40:55.25300,1930.750,1
00:40:56.21400,1930.750,13
00:41:05.01100,1930.750,27
00:41:05.50700,1930.750,1
00:41:06.07800,1931.000,2
00:41:13.14000,1930.750,26
00:41:14.00700,1930.750,17
00:41:14.41000,1930.750,2
00:41:14.92900,1930.750,5
00:41:26.07400,1931.000,25
00:41:27.23000,1930.750,23
00:41:43.62100,1930.750,1
00:41:44.57400,1930.750,1
00:41:45.88600,1930.750,1
00:41:46.56600,1930.750,1
00:41:47.81200,1930.500,23
00:41:48.92900,1930.250,3
00:41:53.40600,1930.500,2
00:41:55.03100,1930.500,1
00:42:08.69100,1930.500,3
00:42:10.14400,1930.500,12
00:42:18.38600,1930.500,14
00:42:30.83500,1930.500,1
00:42:43.55800,1930.500,1
00:42:48.00700,1930.750,1
00:42:50.34300,1930.750,1
00:42:56.87100,1930.500,2
00:42:57.51500,1930.500,2
00:43:04.03500,1930.750,21
00:43:07.40600,1931.000,2
00:43:13.21800,1931.000,1
00:43:14.74200,1931.000,1
00:43:16.66000,1931.000,26
00:43:24.56600,1931.250,16
00:43:25.83200,1931.250,1
00:43:36.25700,1931.250,1
00:43:37.12500,1931.250,1
00:43:38.01900,1931.500,5
00:43:40.09300,1931.500,1
00:43:45.55400,1931.250,9
00:43:50.52300,1931.250,11
00:43:57.69500,1931.250,1
00:44:04.53100,1931.500,7
00:44:13.42100,1931.500,1
00:44:14.58900,1931.500,2
00:44:18.92900,1931.250,6
00:44:19.67100,1931.250,1
00:44:22.75300,1931.000,1
00:44:24.35100,1931.250,3
00:44:37.53900,1931.000,7
00:44:38.74200,1930.750,1
00:44:39.14800,1930.750,1
00:44:39.26900,1930.750,4
00:44:47.01900,1930.750,3
00:44:47.67100,1930.750,9
00:44:55.39400,1930.750,7
00:44:56.89400,1930.750,1
00:44:58.19500,1930.750,2
00:45:02.06600,1930.500,4
00:45:02.65600,1930.500,13
00:45:03.76900,1930.750,5
00:45:08.77700,1930.750,1
00:45:14.38200,1930.500,8
00:45:21.13200,1930.500,3
00:45:24.94900,1930.500,1
00:45:29.06600,1930.500,1
00:45:44.43700,1930.500,2
00:45:53.39000,1930.750,6
00:45:53.55400,1930.750,2
00:45:55.60500,1930.750,1
00:46:12.30800,1930.750,4
00:46:18.77300,1930.500,1
00:46:23.68300,1930.500,1
00:46:24.39400,1930.750,1
00:46:28.62800,1930.500,1
00:46:46.36300,1930.750,5
00:46:48.92900,1930.500,1
00:46:51.41700,1930.500,1
00:46:55.69500,1930.750,9
00:47:32.83200,1930.750,6
00:47:39.34300,1931.000,3
00:47:39.46800,1931.000,13
00:47:54.21000,1931.000,1
00:48:10.10500,1931.000,25
00:48:16.69900,1931.000,1
00:48:20.00000,1931.000,1
00:48:31.55400,1931.000,2
00:48:38.53100,1931.000,59
00:48:40.73400,1931.000,1
00:48:49.64400,1930.750,8
00:48:54.82000,1931.000,5
00:48:58.19500,1931.000,2
00:49:07.13600,1931.250,11
00:49:08.06200,1931.250,4
00:49:08.91700,1931.250,4
00:49:11.31600,1931.250,4
00:49:13.27700,1931.500,2
00:49:17.71000,1931.250,3
00:49:29.08500,1931.250,4
00:49:34.29600,1931.250,1
00:49:44.14400,1931.250,2
00:50:04.95300,1931.500,3
00:50:05.94900,1931.500,3
00:50:07.15200,1931.500,20
00:50:07.58900,1931.500,3
00:50:09.66000,1931.750,11
00:50:16.91400,1931.750,2
00:50:24.31600,1931.500,4
00:50:25.81600,1931.750,7
00:50:27.95300,1931.750,11
00:50:35.39400,1931.750,31
00:50:36.34700,1932.000,4
00:50:37.70700,1932.000,2
00:50:39.78900,1932.000,1
00:50:40.66700,1932.000,73
00:50:41.32400,1932.000,1
00:50:41.93700,1932.000,4
00:50:43.24200,1932.000,1
00:50:43.44500,1932.000,9
00:50:44.87800,1932.000,3
00:50:49.16000,1931.750,1
00:50:55.40200,1932.000,3
00:50:58.89800,1932.000,20
00:51:08.51900,1932.000,4
00:51:11.12800,1932.250,1
00:51:12.66000,1932.000,1
00:51:14.44500,1932.000,3
00:51:17.85100,1932.250,6
00:51:18.72200,1932.250,2
00:51:21.57800,1932.000,1
00:51:23.66000,1932.250,50
00:51:26.51500,1932.250,4
00:51:33.58900,1932.500,3
00:51:35.08900,1932.250,20
00:51:36.63200,1932.250,10
00:51:37.12100,1932.250,1
00:51:39.92100,1932.250,1
00:51:43.05400,1932.250,2
00:51:43.58500,1932.250,2
00:51:56.75700,1931.750,49
00:52:06.27300,1931.750,17
00:52:07.75700,1931.750,1
00:52:22.76100,1932.000,30
00:52:30.32000,1932.000,1
00:52:38.32400,1932.000,42
00:52:43.51100,1932.000,1
00:52:47.30000,1932.000,12
00:52:50.13200,1932.000,2
00:52:58.93300,1932.250,1
00:53:08.52700,1932.000,7
00:53:09.09300,1931.750,4
00:53:14.14400,1931.750,9
00:53:14.40200,1932.000,1
00:53:19.65600,1932.000,2
00:53:31.88600,1932.000,15
00:53:32.71800,1932.000,1
00:53:36.19900,1932.000,3
00:53:40.18700,1932.000,10
00:53:55.20700,1932.000,1
00:54:02.64800,1932.000,9
00:54:04.50000,1932.000,1
00:54:22.24200,1932.000,1
00:54:27.61700,1932.000,4
00:54:33.48400,1932.250,1
00:54:39.10100,1932.250,5
00:54:39.67500,1932.250,20
00:54:57.73800,1932.000,21
00:55:13.80800,1932.000,2
00:55:14.58500,1931.750,6
00:55:15.32800,1931.750,2
00:55:16.37100,1931.750,16
00:55:16.54200,1931.500,1
00:55:23.58500,1931.500,1
00:55:29.12800,1931.750,4
00:55:30.86700,1931.750,3
00:55:45.65200,1931.750,1
00:55:50.11700,1931.750,1
00:55:53.14800,1931.500,2
00:56:14.44500,1931.750,11
00:56:15.62500,1931.750,1
00:56:20.76500,1931.750,1
00:56:29.38600,1931.750,1
00:56:33.13600,1931.500,1
00:56:48.09700,1931.500,1
00:56:52.70300,1931.750,6
00:56:55.90600,1931.750,1
00:56:59.11700,1931.750,7
00:57:23.79200,1932.000,2
00:57:28.77300,1931.750,1
00:57:29.84700,1932.000,1
00:57:38.43300,1932.000,1
00:57:38.85100,1932.000,9
00:57:44.58200,1932.250,2
00:57:47.78500,1932.000,4
00:57:53.03900,1932.000,1
00:57:55.29200,1932.000,3
00:57:58.44100,1932.000,5
00:57:59.56200,1932.250,3
00:58:06.74600,1932.000,11
00:58:13.32400,1932.250,2
00:58:19.79600,1932.250,3
00:58:32.80000,1932.250,1
00:58:42.96400,1932.000,1
00:58:43.92900,1932.250,2
00:58:45.23400,1932.250,1
00:59:03.19500,1932.000,14
00:59:04.03100,1932.000,1
00:59:04.37500,1932.000,1
00:59:04.84700,1932.000,5
00:59:11.83200,1932.000,1
00:59:17.10900,1931.750,10
00:59:41.05800,1932.000,8
00:59:43.87500,1931.750,6
00:59:45.39800,1931.750,14
00:59:46.96400,1931.750,1
00:59:50.91400,1931.750,2
00:59:54.76100,1931.750,3
00:59:59.00000,1932.000,10
00:59:59.15200,1932.000,4
00:59:59.32000,1932.000,3
01:00:00.29200,1932.000,0
01:00:02.24200,1931.750,16
01:00:02.91400,1931.500,3
01:00:03.75000,1931.500,2
01:00:05.01500,1931.500,32
01:00:05.86700,1931.500,25
01:00:05.94900,1931.750,1
01:00:07.18700,1931.500,3
01:00:09.01100,1931.500,3
01:00:10.07800,1931.500,1
01:00:12.13200,1931.500,1
01:00:12.20300,1931.500,3
01:00:15.30400,1931.250,1
01:00:26.23400,1931.500,1
01:00:34.01500,1931.250,9
01:00:36.14000,1931.250,9
01:00:36.90600,1931.250,12
01:00:37.73000,1931.250,3
01:00:41.59700,1931.500,2
01:00:44.58900,1931.500,1
01:00:51.83900,1931.250,12
01:01:03.27300,1931.250,4
01:01:05.10500,1931.000,1
01:01:14.15200,1931.000,1
01:01:32.84700,1931.250,64
01:01:32.95300,1931.000,1
01:01:33.83500,1931.250,4
01:01:37.00000,1931.250,2
01:01:39.60900,1931.000,1
01:01:40.54200,1931.000,5
01:01:40.73800,1931.250,1
01:01:41.34700,1930.750,2
01:01:46.92100,1930.750,5
01:01:53.17100,1930.750,2
01:01:56.60500,1931.000,1
01:01:58.83500,1930.750,3
01:02:10.57800,1931.000,9
01:02:10.88600,1930.750,1
01:02:14.96400,1931.000,11
01:02:15.35100,1931.000,2
01:02:16.54600,1931.000,1
01:02:21.27300,1931.250,1
01:02:26.23000,1931.000,3
01:02:31.96800,1931.000,1
01:02:34.66000,1931.000,1
01:02:37.39000,1931.000,1
01:02:50.85100,1931.000,25
01:02:52.64000,1931.250,27
01:02:53.28900,1931.250,2
01:02:57.49600,1931.000,29
01:02:58.02700,1931.000,1
01:03:11.46000,1931.000,23
01:03:12.00000,1931.000,2
01:03:15.38200,1931.000,15
01:03:19.41700,1931.000,5
01:03:22.59700,1931.250,1
01:03:23.71800,1931.000,28
01:03:27.59300,1931.000,45
01:03:29.45700,1931.000,2
01:03:31.80000,1931.000,1
01:03:35.96800,1931.000,1
01:03:37.72600,1931.000,3
01:03:48.46000,1931.000,1
01:03:50.01500,1931.000,3
01:03:59.36700,1931.250,8
01:04:05.64000,1931.250,4
01:04:18.13600,1931.000,2
01:04:19.64000,1931.000,10
01:04:23.60100,1931.000,14
01:04:30.73000,1931.000,13
01:04:39.63600,1931.000,3
01:04:45.73400,1931.000,8
01:04:47.66000,1931.250,6
01:05:54.61700,1931.000,33
01:05:55.24200,1931.000,1
01:05:56.79600,1930.750,1
01:05:59.01100,1931.250,2
01:06:03.14400,1931.000,45
01:06:09.08900,1931.000,3
01:06:15.74600,1931.000,1
01:06:18.96000,1931.250,16
01:06:23.55400,1931.250,4
01:06:29.49200,1931.250,8
01:06:36.86300,1931.000,2
01:06:50.31600,1931.000,5
01:06:59.05800,1931.250,8
01:06:59.22200,1931.250,9
01:06:59.55800,1931.000,1
01:07:04.84300,1931.250,19
01:07:09.58200,1931.500,4
01:07:21.68300,1931.500,15
01:07:23.88600,1931.750,6
01:07:31.67100,1931.750,5
01:07:45.47600,1931.750,4
01:07:46.50700,1931.750,1
01:07:50.87500,1931.750,10
01:07:53.59300,1931.500,1
01:07:55.82400,1931.750,11
01:07:56.87800,1932.000,1
01:07:57.71400,1932.000,1
01:07:58.00000,1932.000,1
01:08:06.28100,1931.750,21
01:08:07.17900,1931.500,10
01:08:08.41700,1931.750,1
01:08:09.42900,1931.500,5
01:08:11.48400,1931.500,1
01:08:12.83500,1931.500,6
01:08:14.62500,1931.500,1
01:08:18.72200,1931.500,13
01:08:42.51500,1931.500,11
01:08:53.41700,1931.500,6
01:09:14.77700,1931.250,33
01:09:15.34300,1931.250,1
01:09:24.02700,1931.250,1
01:09:25.63200,1930.750,37
01:09:30.08500,1931.000,1
01:09:32.65200,1930.750,5
01:09:34.71400,1930.750,1
01:09:43.19100,1930.750,1
01:09:48.89800,1931.000,8
01:10:00.67900,1930.750,103
01:10:00.84700,1930.750,2
01:10:04.01900,1930.750,2
01:10:07.30400,1930.500,5
01:10:10.55400,1930.500,21
01:10:10.69500,1930.500,2
01:10:20.50700,1930.250,2
01:10:21.39000,1930.250,4
01:10:23.39000,1930.250,13
01:10:23.78900,1930.250,3
01:10:24.16700,1930.250,1
01:10:24.50700,1930.250,4
01:10:25.33900,1930.000,8
01:10:26.22200,1930.000,1
01:10:33.32800,1930.250,11
01:10:33.75000,1930.000,2
01:10:35.14400,1930.000,2
01:10:36.53100,1930.250,1
01:10:37.36700,1930.000,8
01:10:38.00300,1930.000,1
01:10:38.49600,1930.250,16
01:10:38.74600,1930.250,1
01:10:40.79200,1930.500,31
01:10:41.14400,1930.500,1
01:10:44.88600,1930.250,3
01:10:45.87800,1930.250,1
01:10:47.36300,1930.500,20
01:10:47.53100,1930.500,14
01:10:48.51900,1930.500,5
01:10:59.83900,1930.500,5
01:11:05.58500,1930.500,6
01:11:11.51100,1930.250,1
01:11:22.76500,1930.500,1
01:11:24.95300,1930.500,10
01:11:25.75700,1930.250,20
01:11:29.62500,1930.250,5
01:11:31.47200,1930.250,5
01:11:39.55400,1930.500,31
01:11:41.60500,1930.250,9
01:11:42.95300,1930.000,2
01:11:44.53900,1930.250,1
01:11:44.70700,1930.250,1
01:11:48.67500,1930.250,3
01:11:48.89000,1930.250,2
01:12:03.64400,1930.250,2
01:12:10.18300,1930.250,1
01:12:11.71000,1930.500,1
01:12:12.19100,1930.250,1
01:12:16.58200,1930.500,12
01:12:19.81600,1930.500,1
01:12:28.64400,1930.250,14
01:12:30.86700,1930.250,1
01:12:31.28900,1930.000,21
01:12:32.51900,1930.250,20
01:12:33.06600,1930.250,1
01:12:39.11300,1930.000,1
01:12:39.24200,1929.750,18
01:12:39.80400,1930.000,9
01:12:43.76100,1930.000,5
01:12:45.17500,1929.750,1
01:12:52.46800,1929.750,3
01:12:52.65200,1929.750,1
01:12:53.92100,1930.000,1
01:12:56.36700,1929.750,40
01:13:01.58500,1929.750,2
01:13:02.57400,1929.750,6
01:13:03.17100,1929.500,16
01:13:03.23400,1929.500,1
01:13:04.10500,1929.500,72
01:13:05.02700,1929.250,40
01:13:05.46000,1929.500,2
01:13:05.94500,1929.250,3
01:13:06.46000,1929.500,2
01:13:06.73400,1929.250,2
01:13:07.84300,1929.250,2
01:13:08.48800,1929.000,20
01:13:08.86700,1929.250,1
01:13:09.23400,1929.250,2
01:13:09.55800,1929.000,5
01:13:10.53900,1929.000,10
01:13:11.45700,1929.000,3
01:13:11.58900,1929.000,1
01:13:11.72600,1929.000,1
01:13:13.69100,1929.250,12
01:13:14.65600,1929.250,2
01:13:14.90600,1929.000,11
01:13:17.66400,1929.000,3
01:13:18.89000,1929.500,53
01:13:19.01100,1929.250,17
01:13:19.83500,1929.000,3
01:13:21.23800,1929.250,1
01:13:22.71000,1929.250,1
01:13:26.30400,1929.250,3
01:13:31.26900,1929.250,1
01:13:31.47200,1929.500,20
01:13:31.68700,1929.250,14
01:13:33.67100,1929.250,8
01:13:36.94100,1929.250,3
01:13:39.49200,1929.000,5
01:13:42.95700,1929.250,1
01:13:43.28500,1929.000,5
01:13:46.62100,1929.000,20
01:13:48.12800,1929.000,5
01:13:48.83200,1929.000,1
01:13:49.92100,1929.000,1
01:13:55.73000,1929.000,1
01:13:59.71000,1929.250,20
01:14:00.69900,1929.250,2
01:14:01.85900,1929.250,5
01:14:02.79200,1929.250,1
01:14:04.07400,1929.250,1
01:14:04.76500,1929.250,28
01:14:05.05800,1929.250,3
01:14:08.83200,1929.250,1
01:14:12.13200,1929.250,1
01:14:12.41700,1929.250,6
01:14:15.54600,1929.000,10
01:14:26.46800,1929.250,1
01:14:27.72600,1929.250,13
01:14:30.44500,1929.250,2
01:14:32.82400,1929.500,16
01:14:34.76100,1929.250,3
01:14:48.32800,1929.250,3
01:14:51.29600,1929.250,1
01:14:55.02300,1929.250,1
01:14:55.48800,1929.250,6
01:14:56.34300,1929.250,8
01:15:02.85100,1929.250,20
01:15:08.09700,1929.500,1
01:15:15.71000,1929.250,1
01:15:22.35500,1929.250,36
01:15:27.71800,1929.250,1
01:15:29.65200,1929.000,2
01:15:30.39000,1929.000,1
01:15:35.07800,1929.000,2
01:15:38.81600,1929.000,1
01:15:46.42500,1929.000,13
01:15:48.96400,1929.000,1
01:15:49.12100,1929.000,10
01:15:50.38600,1929.000,1
01:15:53.14400,1929.000,25
01:15:56.16700,1928.500,158
01:15:57.07800,1928.750,11
01:16:03.07000,1928.500,35
01:16:04.21000,1928.250,6
01:16:06.17500,1928.250,21
01:16:06.29600,1928.250,1
01:16:07.66000,1928.500,1
01:16:09.08200,1928.500,1
01:16:11.14400,1928.500,3
01:16:12.02700,1928.250,1
01:16:15.25300,1928.250,10
01:16:16.02300,1928.250,5
01:16:17.90200,1928.250,2
01:16:19.49200,1928.250,1
01:16:23.05400,1928.500,1
01:16:23.39400,1928.500,2
01:16:26.14800,1928.250,3
01:16:27.69100,1928.250,96
01:16:30.01100,1928.000,1
01:16:30.39800,1928.250,1
01:16:31.00000,1928.000,20
01:16:31.21800,1928.250,21
01:16:32.57400,1928.250,1
01:16:36.53500,1928.000,1
01:16:37.32400,1928.250,1
01:16:37.79600,1928.250,2
01:16:38.44100,1928.250,19
01:16:38.69900,1928.250,1
01:16:39.93300,1928.250,1
01:16:41.07000,1928.250,5
01:16:41.97200,1928.250,1
01:16:45.75700,1928.250,1
01:16:48.82400,1928.250,1
01:16:49.09300,1928.250,1
01:16:52.34700,1928.250,2
01:16:55.46400,1928.250,1
01:16:59.10100,1928.250,2
01:17:05.25000,1928.250,5
01:17:10.05400,1928.250,1
01:17:12.03100,1928.250,1
01:17:13.80800,1928.500,8
01:17:18.20300,1928.500,1
01:17:22.32000,1928.250,3
01:17:23.44500,1928.500,1
01:17:27.49200,1928.250,2
01:17:29.10500,1928.500,20
01:17:31.91700,1929.000,63
01:17:32.77300,1928.750,8
01:17:33.91000,1928.500,1
01:17:35.75700,1928.500,44
01:17:36.67900,1928.250,1
01:17:38.89800,1928.250,15
01:17:40.65200,1928.250,1
01:17:54.71800,1928.250,1
01:17:57.64000,1928.250,3
01:18:04.46000,1928.500,2
01:18:05.43300,1928.250,44
01:18:07.23800,1928.000,5
01:18:10.57000,1928.250,17
01:18:14.49200,1928.250,1
01:18:18.03900,1928.250,7
01:18:20.75000,1928.250,1
01:18:26.16700,1928.250,10
01:18:27.38600,1928.500,3
01:18:35.88600,1928.500,3
01:18:45.25700,1928.250,8
01:18:46.00000,1928.250,1
01:18:50.92100,1928.250,10
01:18:54.83500,1928.000,49
01:19:04.94500,1927.750,24
01:19:05.27300,1928.000,1
01:19:05.42900,1928.000,1
01:19:06.24600,1927.750,6
01:19:07.00000,1928.000,1
01:19:07.48400,1927.750,1
01:19:12.40600,1927.750,1
01:19:13.25000,1927.750,4
01:19:14.31600,1927.750,1
01:19:16.29200,1928.000,1
01:19:20.09700,1927.750,3
01:19:20.75000,1927.750,21
01:19:21.12100,1927.750,7
01:19:23.60100,1927.750,1
01:19:27.44500,1927.750,5
01:19:29.97200,1927.750,1
01:19:32.36300,1927.500,13
01:19:32.89400,1927.500,1
01:19:33.17100,1927.500,2
01:19:34.09700,1927.500,1
01:19:35.96400,1927.500,1
01:19:37.77300,1927.750,1
01:19:38.48800,1927.500,10
01:19:39.70300,1927.750,2
01:19:43.55000,1927.500,20
01:19:44.02300,1927.500,2
01:19:44.89800,1927.500,1
01:19:45.40600,1927.750,13
01:19:47.95300,1927.500,25
01:19:51.75700,1927.500,1
01:19:53.78900,1927.500,11
01:19:56.57000,1927.750,1
01:20:00.89000,1927.500,17
01:20:01.19100,1927.500,10
01:20:09.60900,1927.750,9
01:20:10.26100,1927.750,1
01:20:14.50000,1927.750,3
01:20:16.53500,1927.750,20
01:20:16.63600,1927.750,1
01:20:16.91400,1927.500,1
01:20:19.80400,1927.750,2
01:20:20.01100,1927.750,2
01:20:28.80400,1927.750,21
01:20:31.62100,1928.000,10
01:20:36.88600,1928.000,1
01:20:38.40200,1927.750,8
01:20:41.63200,1927.750,1
01:20:42.16000,1928.000,1
01:20:52.71400,1928.000,5
01:20:52.86300,1928.000,22
01:20:53.28900,1928.000,2
01:20:53.38200,1928.000,1
01:20:54.02300,1927.750,2
01:20:54.55000,1928.250,6
01:21:02.00000,1928.250,10
01:21:05.09700,1928.250,26
01:21:08.92500,1928.000,1
01:21:10.00700,1928.000,4
01:21:10.65200,1927.750,21
01:21:11.88200,1928.000,2
01:21:12.90200,1928.000,1
01:21:14.26100,1927.750,20
01:21:15.48800,1928.000,1
01:21:16.91700,1928.000,1
01:21:17.66000,1928.000,3
01:21:21.02300,1927.750,13
01:21:21.66000,1927.750,22
01:21:27.39000,1927.750,6
01:21:27.75700,1927.750,4
01:21:33.55000,1927.750,1
01:21:33.87800,1927.750,3
01:21:36.10500,1927.750,2
01:21:43.71800,1928.000,10
01:21:50.06200,1928.000,3
01:21:50.50700,1928.000,1
01:21:53.07400,1927.750,5
01:21:53.48000,1928.000,1
01:21:55.20700,1928.000,1
01:21:57.58200,1927.750,1
01:22:16.23800,1928.000,10
01:22:35.37800,1928.000,3
01:22:37.52700,1927.750,1
01:22:53.29200,1927.750,1
01:22:54.12800,1927.750,1
01:22:54.41700,1928.000,1
01:22:56.27700,1927.750,46
01:22:57.08900,1927.750,3
01:23:06.09300,1927.750,12
01:23:13.51100,1927.500,9
01:23:14.44100,1927.500,1
01:23:24.96400,1927.750,2
01:23:25.23000,1927.500,1
01:23:25.75000,1927.750,5
01:23:26.41400,1927.500,5
01:23:26.73800,1927.750,3
01:23:27.14400,1927.750,2
01:23:28.77700,1927.750,2
01:23:34.05000,1927.500,1
01:23:35.53500,1927.500,1
01:23:38.27700,1927.500,53
01:23:43.23400,1927.500,83
01:23:44.32000,1927.750,3
01:23:46.77300,1927.500,4
01:23:47.71800,1927.500,1
01:23:51.95700,1927.250,21
01:23:53.64400,1927.500,3
01:23:55.75000,1927.250,1
01:23:56.19500,1927.250,2
01:23:56.81200,1927.250,5
01:23:56.93700,1927.500,1
01:23:57.20700,1927.500,1
01:23:58.68300,1927.250,1
01:23:59.90200,1927.250,1
01:24:01.71400,1927.500,7
01:24:03.10100,1927.500,15
01:24:04.01900,1927.250,1
01:24:08.86300,1927.250,1
01:24:12.53500,1927.250,1
01:24:15.33200,1927.500,9
01:24:15.64800,1927.250,1
01:24:16.32000,1927.250,1
01:24:17.50000,1927.250,1
01:24:17.70300,1927.250,1
01:24:20.61300,1927.500,1
01:24:24.46800,1927.250,7
01:24:24.60100,1927.250,50
01:24:26.23000,1927.000,4
01:24:26.55800,1927.250,1
01:24:27.09700,1927.250,2
01:24:30.28500,1927.000,1
01:24:31.86700,1927.000,1
01:24:32.10500,1927.250,1
01:24:32.31200,1927.000,1
01:24:33.61700,1927.000,2
01:24:34.44500,1927.000,1
01:24:34.89000,1927.250,1
01:24:37.09700,1927.000,1
01:24:38.13600,1927.000,1
01:24:38.90200,1927.000,10
01:24:39.53900,1927.000,12
01:24:41.89800,1927.250,70
01:24:42.69100,1927.000,16
01:24:43.44100,1927.000,3
01:24:44.10500,1926.750,2
01:24:46.32000,1926.750,12
01:24:49.47600,1926.750,1
01:24:50.15600,1927.000,2
01:24:52.78100,1926.750,1
01:24:52.95300,1926.750,22
01:24:53.13600,1927.000,23
01:24:53.55400,1926.750,10
01:25:01.30000,1926.750,12
01:25:02.19500,1927.000,9
01:25:06.70700,1926.750,1
01:25:06.95300,1926.750,2
01:25:10.03900,1926.750,1
01:25:10.60500,1926.750,10
01:25:11.44500,1926.750,1
01:25:12.16400,1926.750,31
01:25:12.51100,1926.750,37
01:25:16.07800,1926.750,5
01:25:17.11700,1926.750,1
01:25:19.26900,1926.750,41
01:25:19.64800,1926.750,1
01:25:20.09300,1926.750,3
01:25:22.65600,1926.500,5
01:25:23.01900,1926.750,1
01:25:24.39800,1926.500,7
01:25:24.87100,1926.750,1
01:25:25.18300,1926.750,1
01:25:26.66400,1926.500,6
01:25:28.32400,1926.750,1
01:25:30.50000,1926.750,1
01:25:30.64400,1926.750,4
01:25:31.03900,1926.500,1
01:25:32.89800,1926.750,1
01:25:44.86300,1926.750,1
01:25:45.32800,1926.750,1
01:25:45.77700,1926.750,1
01:25:46.03900,1926.750,10
01:25:48.14800,1926.750,52
01:25:49.04600,1927.000,2
01:25:50.58200,1926.750,3
01:25:56.00000,1926.750,1
01:26:01.93300,1926.750,24
01:26:03.37800,1926.750,5
01:26:11.79200,1926.750,8
01:26:14.48800,1926.500,2
01:26:18.62100,1926.500,1
01:26:19.14000,1926.500,2
01:26:20.53100,1926.500,1
01:26:25.88200,1926.500,1
01:26:29.21000,1926.750,4
01:26:31.04600,1926.500,1
01:26:31.83500,1926.500,15
01:26:32.23400,1926.500,1
01:26:34.51100,1926.500,7
01:26:40.61300,1926.500,1
01:26:41.62500,1926.500,5
01:26:42.21000,1926.500,1
01:26:43.07800,1926.500,5
01:26:44.71400,1926.500,6
01:26:45.59300,1926.750,1
01:26:46.73000,1926.500,2
01:26:47.45700,1926.500,1
01:26:48.09700,1926.750,6
01:26:48.23400,1926.500,3
01:26:48.41700,1926.500,1
01:26:48.74600,1926.500,2
01:26:50.76100,1926.500,1
01:26:52.75000,1926.500,4
01:26:53.57400,1926.750,1
01:26:54.17900,1926.500,1
01:26:54.63200,1926.500,2
01:26:54.81600,1926.500,3
01:26:55.02300,1926.500,3
01:26:55.30000,1926.500,2
01:26:56.77700,1926.500,4
01:26:56.94100,1926.500,57
01:26:57.05800,1926.500,1
01:26:57.80800,1926.500,10
01:26:58.21000,1926.250,95
01:27:00.36700,1926.250,38
01:27:00.53100,1926.250,1
01:27:00.64800,1926.500,1
01:27:01.85900,1926.250,7
01:27:02.19900,1926.250,7
01:27:02.38200,1926.000,48
01:27:02.41700,1926.000,1
01:27:02.54200,1926.250,1
01:27:02.60500,1926.250,1
01:27:03.43300,1926.250,1
01:27:03.48800,1926.000,4
01:27:04.59700,1926.250,1
01:27:04.70700,1926.000,3
01:27:04.89000,1926.000,15
01:27:05.26500,1926.250,10
01:27:05.46800,1926.000,1
01:27:07.23400,1926.000,8
01:27:07.41400,1926.000,3
01:27:08.90600,1926.000,1
01:27:09.94900,1926.250,8
01:27:11.33500,1926.000,1
01:27:11.93700,1926.000,2
01:27:12.22600,1926.000,1
01:27:13.95700,1926.000,1
01:27:14.15200,1926.000,14
01:27:14.34700,1926.000,1
01:27:15.94900,1926.000,2
01:27:16.21400,1926.000,1
01:27:16.83900,1926.000,1
01:27:17.02700,1926.000,2
01:27:18.01900,1925.750,10
01:27:18.24200,1926.000,11
01:27:19.07000,1926.000,5
01:27:19.71800,1926.000,1
01:27:20.03900,1926.000,3
01:27:20.22200,1925.750,2
01:27:22.26500,1925.750,2
01:27:22.55400,1926.000,5
01:27:22.68300,1926.250,1
01:27:23.93700,1926.000,4
01:27:24.23800,1925.750,2
01:27:24.69500,1926.000,4
01:27:25.03900,1926.000,1
01:27:27.14000,1926.000,1
01:27:27.30400,1926.000,9
01:27:29.41400,1926.000,30
01:27:30.11300,1925.750,2
01:27:30.25300,1926.000,10
01:27:31.24200,1926.000,74
01:27:31.78900,1926.000,2
01:27:32.02300,1926.000,33
01:27:32.58900,1926.250,1
01:27:33.43700,1926.000,1
01:27:34.41400,1926.000,5
01:27:35.92500,1926.000,4
01:27:40.17100,1926.000,39
01:27:40.56600,1926.000,1
01:27:40.84300,1925.750,1
01:27:43.39800,1926.000,2
01:27:46.75700,1926.000,1
01:27:47.00700,1926.000,1
01:27:47.46800,1926.000,4
01:27:48.32000,1925.750,1
01:27:48.55000,1926.000,4
01:27:48.83200,1925.750,1
01:27:51.21400,1925.750,5
01:27:52.52300,1925.750,1
01:27:53.86300,1925.750,1
01:27:54.28500,1925.750,2
01:27:59.63200,1926.000,5
01:28:00.45300,1926.000,11
01:28:00.54600,1926.000,1
01:28:02.11700,1926.000,125
01:28:02.53500,1926.000,2
01:28:02.58900,1925.750,1
01:28:02.96400,1926.000,2
01:28:03.48400,1926.000,9
01:28:04.54600,1926.000,9
01:28:04.77700,1925.750,12
01:28:06.19500,1925.750,7
01:28:09.05000,1926.000,6
01:28:11.96000,1926.000,10
01:28:12.95700,1926.000,2
01:28:13.77700,1926.000,1
01:28:13.96000,1926.000,2
01:28:15.13200,1926.000,12
01:28:16.08900,1926.000,1
01:28:16.28900,1926.000,1
01:28:16.60900,1926.000,1
01:28:17.66400,1926.000,2
01:28:18.53900,1926.000,1
01:28:21.19900,1926.000,1
01:28:22.00000,1926.000,2
01:28:22.21400,1926.000,1
01:28:23.96400,1926.000,2
01:28:24.09300,1926.000,11
01:28:26.34300,1926.000,5
01:28:28.90600,1925.750,1
01:28:29.19500,1925.750,1
01:28:30.01500,1926.000,1
01:28:33.81600,1925.750,7
01:28:36.10100,1926.000,1
01:28:40.30000,1926.000,2
01:28:43.19900,1926.000,4
01:28:47.32800,1925.750,131
01:28:48.07800,1925.750,21
01:28:48.37800,1925.750,11
01:28:49.56200,1926.000,1
01:28:50.87100,1925.750,1
01:28:52.66000,1925.750,12
01:29:00.37100,1925.750,43
01:29:00.78900,1925.750,12
01:29:01.66000,1925.750,1
01:29:02.64000,1925.750,1
01:29:02.76500,1925.750,2
01:29:03.49200,1925.750,5
01:29:04.73800,1926.000,1
01:29:06.85500,1925.750,3
01:29:09.25300,1925.750,2
01:29:10.75000,1925.750,31
01:29:12.50700,1925.500,8
01:29:12.78900,1925.750,1
01:29:14.75700,1925.500,1
01:29:16.27300,1925.750,9
01:29:16.33200,1925.500,9
01:29:18.34300,1925.500,8
01:29:19.21000,1925.750,12
01:29:21.37800,1925.750,1
01:29:23.05800,1925.750,1
01:29:23.46000,1925.750,2
01:29:24.18300,1925.750,11
01:29:30.50000,1925.750,1
01:29:31.51500,1925.750,1
01:29:32.02700,1925.750,7
01:29:36.41000,1926.000,6
01:29:36.84700,1925.750,1
01:29:36.96400,1925.750,3
01:29:37.20700,1925.750,1
01:29:37.86300,1925.750,39
01:29:38.32400,1925.500,1
01:29:39.38600,1925.500,3
01:29:40.21000,1925.500,1
01:29:41.51100,1925.500,1
01:29:46.10500,1925.500,30
01:29:49.03100,1925.500,5
01:29:49.93700,1925.750,1
01:29:52.00700,1925.500,1
01:29:52.53100,1925.750,11
01:29:55.24600,1925.500,5
01:29:55.69500,1925.500,3
01:30:01.89400,1925.250,93
01:30:02.17900,1925.250,7
01:30:02.34700,1925.500,1
01:30:02.90200,1925.250,2
01:30:03.58200,1925.500,30
01:30:04.57000,1925.500,1
01:30:06.01500,1925.500,7
01:30:06.54600,1925.500,1
01:30:07.26100,1925.500,1
01:30:09.47200,1925.750,32
01:30:09.60900,1925.500,1
01:30:10.82800,1925.500,1
01:30:11.28900,1925.500,1
01:30:12.21000,1925.500,1
01:30:15.09700,1925.500,45
01:30:22.92900,1925.500,1
01:30:26.30000,1925.500,1
01:30:27.16400,1925.500,1
01:30:27.57000,1925.250,1
01:30:30.29600,1925.250,1
01:30:31.20700,1925.500,1
01:30:37.14800,1925.500,1
01:30:37.71400,1925.500,27
01:30:38.04200,1925.500,3
01:30:39.63600,1925.500,5
01:30:42.28500,1925.500,13
01:30:49.28500,1925.500,1
01:30:49.75700,1925.500,10
01:30:50.53900,1925.750,1
01:30:53.63600,1925.750,14
01:30:54.89800,1925.750,2
01:30:55.21000,1925.500,126
01:30:55.54200,1925.500,1
01:31:06.34300,1925.750,9
01:31:07.43300,1925.500,1
01:31:11.55000,1925.500,1
01:31:12.49600,1925.500,3
01:31:17.37100,1925.750,30
01:31:17.57800,1925.750,2
01:31:18.22600,1925.750,2
01:31:18.51500,1925.750,1
01:31:20.05800,1925.750,5
01:31:22.38600,1926.000,3
01:31:24.16700,1926.000,1
01:31:24.35500,1926.000,1
01:31:24.58900,1926.000,1
01:31:25.08200,1925.750,4
01:31:27.30000,1926.000,1
01:31:27.69100,1925.750,1
01:31:28.02300,1926.000,1
01:31:29.13600,1926.000,44
01:31:30.44500,1926.000,1
01:31:30.80400,1926.000,1
01:31:30.95700,1926.000,1
01:31:32.11700,1926.250,4
01:31:33.86300,1926.250,1
01:31:34.89800,1926.250,1
01:31:36.15200,1926.250,1
01:31:36.22600,1926.250,1
01:31:39.20300,1926.250,2
01:31:39.64000,1926.250,2
01:31:40.23800,1926.250,1
01:31:40.46800,1926.250,18
01:31:43.17100,1926.000,1
01:31:43.82400,1926.000,1
01:31:45.13600,1926.250,1
01:31:48.16000,1926.250,1
01:31:50.64400,1926.250,18
01:31:51.41700,1926.250,2
01:31:54.23800,1926.500,2
01:31:54.46800,1926.500,1
01:31:55.72200,1926.500,2
01:31:57.60100,1926.500,75
01:31:57.96000,1926.250,1
01:31:58.77300,1926.500,3
01:31:58.92100,1926.500,1
01:32:00.00700,1926.500,8
01:32:01.95300,1926.500,2
01:32:02.11700,1926.750,21
01:32:02.32400,1926.750,1
01:32:04.37500,1926.750,1
01:32:05.24600,1926.750,1
01:32:05.70300,1926.750,1
01:32:06.49600,1926.750,1
01:32:09.28900,1926.500,1
01:32:12.21800,1926.750,1
01:32:13.75000,1926.750,24
01:32:15.64800,1927.000,3
01:32:15.84700,1926.750,1
01:32:18.46400,1926.750,6
01:32:19.73400,1926.750,1
01:32:20.11300,1926.750,1
01:32:21.59700,1926.750,11
01:32:25.81200,1926.750,30
01:32:26.26100,1926.500,50
01:32:29.78100,1926.500,1
01:32:32.32000,1926.500,1
01:32:37.60900,1926.750,2
01:32:38.08500,1926.750,3
01:32:39.60500,1926.750,4
01:32:44.33900,1926.750,1
01:32:44.94900,1926.750,14
01:32:45.38200,1927.000,1
01:32:47.09700,1926.750,1
01:32:48.01900,1926.750,5
01:32:50.01100,1926.500,1
01:32:55.69500,1926.750,1
01:32:57.32800,1926.750,4
01:33:00.92100,1926.750,7
01:33:04.47200,1926.750,1
01:33:05.30000,1926.500,53
01:33:08.17100,1926.500,1
01:33:15.97200,1926.500,10
01:33:16.52300,1926.500,3
01:33:17.63200,1926.500,3
01:33:25.60500,1926.500,1
01:33:25.96800,1926.250,1
01:33:26.15600,1926.250,3
01:33:30.58900,1926.250,1
01:33:30.86300,1926.500,1
01:33:34.22600,1926.500,91
01:33:35.75300,1926.250,10
01:33:36.26900,1926.500,15
01:33:37.71800,1926.250,1
01:33:43.65200,1926.250,8
01:33:45.17100,1926.250,2
01:33:49.10100,1926.000,3
01:33:53.64800,1926.000,1
01:33:58.76500,1926.000,1
01:34:04.67100,1926.250,15
01:34:05.61700,1926.250,10
01:34:06.41400,1926.250,1
01:34:12.00000,1926.000,1
01:34:19.08200,1926.000,1
01:34:20.19500,1926.250,3
01:34:22.25300,1926.250,1
01:34:27.87500,1926.250,4
01:34:40.87800,1926.250,1
01:34:44.33900,1926.250,2
01:34:48.28900,1926.250,1
01:35:01.27300,1926.000,72
01:35:01.93300,1926.000,2
01:35:04.82400,1926.000,2
01:35:05.96000,1926.000,1
01:35:06.75700,1926.000,2
01:35:12.33500,1925.750,1
01:35:16.69500,1926.000,2
01:35:17.94500,1926.000,7
01:35:19.66400,1926.000,1
01:35:20.22200,1926.000,5
01:35:24.33500,1926.000,5
01:35:24.75300,1926.000,1
01:35:32.17900,1926.000,1
01:35:35.75700,1926.000,35
01:35:52.16000,1925.750,18
01:35:52.49600,1925.750,2
01:35:56.60500,1926.000,1
01:35:58.67500,1925.750,10
01:36:08.39800,1925.750,2
01:36:13.24600,1926.000,1
01:36:14.27300,1925.750,1
01:36:15.36300,1926.000,1
01:36:20.00000,1925.750,1
01:36:23.95300,1926.000,1
01:36:27.04600,1925.750,1
01:36:29.41000,1926.000,36
01:36:36.38600,1926.250,1
01:36:43.19900,1926.250,1
01:36:48.10900,1926.000,14
01:36:53.08500,1926.000,1
01:37:04.51500,1926.000,28
01:37:05.53100,1925.750,4
01:37:11.84700,1926.000,27
01:37:13.66000,1926.000,1
01:37:15.36300,1926.250,1
01:37:23.60100,1926.000,12
01:37:27.62100,1926.000,1
01:37:33.21800,1925.750,1
01:37:35.96800,1925.750,1
01:37:42.50000,1925.750,1
01:37:46.22600,1925.750,3
01:37:47.70300,1926.000,3
01:37:54.27300,1926.000,1
01:37:55.01900,1926.000,16
01:37:56.73000,1926.250,1
01:37:57.23800,1926.000,1
01:37:57.95700,1926.250,1
01:38:06.41000,1926.250,2
01:38:08.88200,1926.250,4
01:38:14.01900,1926.000,1
01:38:14.73400,1926.000,1
01:38:20.89400,1926.250,1
01:38:22.59700,1926.250,1
01:38:26.84700,1926.250,1
01:38:30.18700,1926.250,1
01:38:30.68300,1926.250,1
01:38:30.89400,1926.250,1
01:38:32.86300,1926.250,1
01:38:33.85900,1926.000,1
01:38:37.06600,1926.250,5
01:38:40.50300,1926.250,2
01:38:40.85900,1926.250,4
01:38:42.10500,1926.250,1
01:38:42.33900,1926.000,1
01:39:02.20700,1926.000,2
01:39:05.74600,1926.000,85
01:39:08.68700,1926.000,1
01:39:10.92100,1926.000,13
01:39:12.31600,1926.000,1
01:39:13.53500,1926.000,1
01:39:24.37500,1925.750,10
01:39:25.25700,1925.750,1
01:39:26.57800,1925.750,11
01:39:31.57800,1925.750,1
01:39:38.08900,1926.000,1
01:39:43.95300,1926.000,5
01:39:55.35900,1926.000,1
01:39:55.67500,1925.250,204
01:39:55.93300,1925.500,2
01:39:59.44900,1925.250,10
01:39:59.87500,1925.250,2
01:40:02.04600,1925.500,6
01:40:02.48800,1925.250,1
01:40:03.10100,1925.250,1
01:40:04.04200,1925.250,1
01:40:04.25300,1925.250,12
01:40:04.61300,1925.250,3
01:40:05.75300,1925.250,1
01:40:07.36700,1925.250,2
01:40:07.70300,1925.500,8
01:40:12.31600,1925.250,1
01:40:16.41400,1925.250,5
01:40:18.22600,1925.500,12
01:40:19.19100,1925.250,1
01:40:24.78500,1925.250,3
01:40:25.56200,1925.500,23
01:40:25.89000,1925.250,60
01:40:25.92900,1925.500,24
01:40:26.16000,1925.500,5
01:40:28.84700,1925.750,8
01:40:29.33500,1925.750,1
01:40:29.84700,1925.500,1
01:40:31.19500,1925.500,1
01:40:32.89000,1925.500,10
01:40:34.34300,1925.500,1
01:40:35.75000,1925.500,4
01:40:37.36700,1926.000,10
01:40:37.64400,1925.750,1
01:40:40.89800,1925.750,14
01:40:41.62800,1925.500,50
01:40:46.66700,1925.250,47
01:40:47.52700,1924.750,489
01:40:47.66000,1925.000,19
01:40:47.68300,1925.000,1
01:40:47.80800,1925.250,10
01:40:48.04200,1925.000,2
01:40:48.28100,1925.250,1
01:40:48.51100,1925.000,2
01:40:49.12100,1925.250,1
01:40:53.49200,1925.000,1
01:40:54.00000,1925.250,9
01:40:54.21000,1925.250,1
01:40:56.48000,1925.250,1
01:40:57.80000,1925.250,1
01:40:59.77300,1925.250,14
01:41:07.30400,1925.250,21
01:41:07.48400,1925.000,67
01:41:09.82800,1925.000,3
01:41:10.83900,1925.000,5
01:41:12.30000,1924.750,4
01:41:12.91400,1925.000,1
01:41:13.82400,1924.750,40
01:41:14.75300,1924.750,1
01:41:18.11300,1924.750,3
01:41:18.87100,1925.000,1
01:41:19.70300,1925.000,3
01:41:20.05800,1925.000,39
01:41:22.16000,1924.750,30
01:41:24.67500,1925.000,2
01:41:25.13200,1924.750,1
01:41:25.48400,1924.750,1
01:41:27.19900,1924.750,1
01:41:30.23000,1924.750,5
01:41:33.89000,1924.750,1
01:41:34.74200,1924.500,2
01:41:35.24600,1924.500,1
01:41:36.32400,1924.500,27
01:41:36.57800,1924.500,6
01:41:36.77300,1924.500,5
01:41:39.47600,1924.500,1
01:41:39.94500,1924.500,1
01:41:41.03100,1924.500,9
01:41:41.23000,1924.750,6
01:41:42.86700,1924.750,39
01:41:43.71000,1924.750,31
01:41:45.33200,1924.750,20
01:41:46.12800,1924.750,1
01:41:50.74600,1924.500,1
01:41:51.38200,1924.750,11
01:41:52.11300,1924.750,1
01:41:53.72600,1924.750,1
01:41:54.43300,1924.750,6
01:42:03.39000,1925.000,6
01:42:04.69100,1925.000,50
01:42:06.87500,1924.750,1
01:42:07.42500,1925.000,1
01:42:12.58200,1924.750,1
01:42:12.92900,1925.000,1
01:42:19.44900,1925.000,1
01:42:19.91400,1925.000,1
01:42:24.57000,1925.000,3
01:42:26.18300,1924.750,10
01:42:32.42500,1924.750,6
01:42:33.32800,1924.750,1
01:42:33.55000,1925.000,1
01:42:36.66700,1924.750,1
01:42:36.75700,1925.000,1
01:42:37.30400,1924.750,1
01:42:38.68300,1924.750,1
01:42:43.29200,1924.750,4
01:42:47.38600,1924.750,14
01:42:48.48400,1924.750,5
01:42:58.45700,1924.750,25
01:43:07.47200,1925.000,19
01:43:07.80400,1925.000,1
01:43:10.53500,1925.000,10
01:43:10.86700,1925.000,15
01:43:10.96000,1924.750,1
01:43:15.19100,1925.250,3
01:43:18.83900,1925.000,7
01:43:19.61300,1925.250,1
01:43:20.71000,1925.250,7
01:43:21.66000,1925.250,1
01:43:23.94500,1925.000,5
01:43:26.06200,1925.000,5
01:43:34.25300,1925.000,4
01:43:34.63200,1925.000,7
01:43:35.68300,1925.000,1
01:43:39.39000,1924.750,1
01:43:49.14800,1924.750,3
01:43:49.54600,1924.750,2
01:43:56.87500,1924.750,1
01:44:02.29600,1925.000,9
01:44:07.69100,1924.750,1
01:44:09.08900,1925.000,1
01:44:10.12500,1924.750,20
01:44:13.44500,1925.000,1
01:44:14.66700,1924.750,1
01:44:15.00000,1924.750,35
01:44:20.87100,1924.750,3
01:44:26.67100,1924.750,1
01:44:26.83500,1924.750,1
01:44:31.67900,1924.500,2
01:44:32.54600,1924.500,2
01:44:35.76100,1924.500,3
01:44:38.53900,1924.500,1
01:44:40.12500,1924.750,1
01:44:40.22200,1924.500,28
01:44:46.95300,1924.500,38
01:44:48.05400,1924.500,13
01:44:52.29600,1924.250,3
01:44:52.91700,1924.250,2
01:44:55.46400,1924.500,6
01:44:55.62800,1924.500,1
01:44:57.33900,1924.500,1
01:44:57.68300,1924.250,1
01:44:58.00300,1924.250,1
01:44:58.57000,1924.250,2
01:44:59.91700,1924.250,1
01:45:00.87500,1924.250,3
01:45:03.51100,1924.500,1
01:45:04.14000,1924.500,8
01:45:05.27300,1924.750,6
01:45:05.38600,1924.500,1
01:45:05.91000,1924.500,5
01:45:07.91700,1924.500,26
01:45:08.48400,1924.500,1
01:45:08.80800,1924.500,1
01:45:09.10500,1924.500,1
01:45:09.69100,1924.500,2
01:45:11.06200,1924.500,1
01:45:11.64800,1924.500,6
01:45:12.08900,1924.500,4
01:45:12.21800,1924.250,1
01:45:16.72600,1924.500,1
01:45:17.34700,1924.250,31
01:45:18.34300,1924.500,3
01:45:21.63600,1924.500,15
01:45:24.69100,1924.500,5
01:45:29.05800,1924.750,6
01:45:30.34700,1924.500,1
01:45:31.74600,1924.500,5
01:45:36.06200,1924.500,1
01:45:41.43300,1924.500,1
01:45:41.86700,1924.500,2
01:45:43.94500,1924.500,47
01:45:44.36700,1924.500,11
01:45:45.76500,1924.500,1
01:45:51.44500,1924.250,1
01:45:51.87500,1924.500,9
01:45:52.10900,1924.500,1
01:45:53.95700,1924.500,53
01:45:55.42100,1924.500,1
01:45:57.11700,1924.500,3
01:45:57.16700,1924.500,1
01:46:03.23800,1924.250,21
01:46:03.48400,1924.250,10
01:46:18.82400,1924.500,3
01:46:23.17100,1924.250,1
01:46:25.20300,1924.500,1
01:46:26.38200,1924.250,1
01:46:26.61700,1924.250,4
01:46:27.28500,1924.250,5
01:46:28.08500,1924.500,2
01:46:28.85100,1924.500,1
01:46:29.55000,1924.500,1
01:46:29.86300,1924.500,53
01:46:30.57800,1924.500,1
01:46:31.48800,1924.500,16
01:46:32.04600,1924.500,4
01:46:35.01500,1925.000,26
01:46:35.30400,1924.750,1
01:46:38.53900,1925.000,1
01:46:44.47200,1925.000,2
01:46:46.93300,1925.000,2
01:46:48.34300,1925.000,10
01:46:50.95700,1925.000,1
01:46:51.52700,1925.000,14
01:46:55.12500,1925.000,1
01:46:57.65600,1925.000,5
01:47:05.17900,1925.000,26
01:47:13.02700,1925.000,1
01:47:13.74200,1924.750,2
01:47:18.84700,1925.000,1
01:47:19.14800,1925.000,1
01:47:20.75700,1925.000,3
01:47:22.29600,1924.750,5
01:47:27.73400,1924.750,1
01:47:28.28100,1924.750,1
01:47:35.14800,1925.000,10
01:47:41.18300,1924.750,1
01:47:42.16700,1925.000,1
01:47:49.29200,1925.000,7
01:47:55.19100,1925.250,1
01:48:01.90200,1925.000,3
01:48:05.19500,1925.250,1
01:48:06.07800,1925.250,5
01:48:09.02300,1925.250,32
01:48:15.35500,1925.250,1
01:48:19.22600,1925.500,10
01:48:20.48400,1925.000,120
01:48:21.04600,1925.250,32
01:48:21.83200,1925.250,2
01:48:24.86700,1925.250,2
01:48:25.47200,1925.250,3
01:48:28.21400,1925.250,7
01:48:29.59300,1925.250,3
01:48:29.96000,1925.250,1
01:48:32.21800,1925.500,4
01:48:50.86300,1925.500,36
01:48:52.74600,1925.750,16
01:48:53.09300,1925.750,2
01:48:53.34300,1925.500,1
01:48:58.22600,1925.500,8
01:49:03.44100,1925.250,27
01:49:04.54600,1925.500,1
01:49:05.21400,1925.250,4
01:49:05.86700,1925.500,4
01:49:06.96800,1925.250,5
01:49:10.71400,1925.500,1
01:49:10.90200,1925.250,1
01:49:18.88600,1925.750,1
01:49:22.03500,1925.500,1
01:49:22.33500,1925.500,14
01:49:22.48400,1925.750,1
01:49:22.51100,1925.500,10
01:49:23.16000,1925.500,3
01:49:23.54600,1925.500,1
01:49:32.33900,1925.500,6
01:49:34.96400,1925.500,5
01:49:37.12100,1925.500,1
01:49:37.42500,1925.250,1
01:49:47.43300,1925.250,46
01:49:52.54600,1925.000,2
01:49:52.76100,1925.000,1
01:49:55.16700,1925.000,1
01:49:55.34300,1925.000,1
01:50:00.89800,1925.000,6
01:50:04.64000,1925.250,11
01:50:06.83900,1925.250,4
01:50:10.96800,1925.250,2
01:50:20.08500,1925.250,2
01:50:23.03900,1925.250,46
01:50:30.55400,1925.250,1
01:50:30.97200,1925.250,1
01:50:34.25300,1925.250,7
01:50:37.70700,1925.250,1
01:50:38.33500,1925.250,1
01:50:46.08900,1925.500,40
01:50:49.90200,1925.250,1
01:50:50.42900,1925.250,1
01:50:50.61700,1925.500,1
01:50:54.57400,1925.500,7
01:51:02.42900,1925.500,5
01:51:12.42900,1925.500,12
01:51:14.91000,1925.750,2
01:51:17.26900,1925.750,1
01:51:19.83900,1925.750,5
01:51:20.27700,1925.750,1
01:51:27.08200,1925.750,1
01:51:32.46800,1925.750,1
01:51:37.00700,1925.750,1
01:51:40.08900,1925.750,1
01:51:40.86300,1925.750,1
01:51:45.44500,1925.750,64
01:51:49.46800,1925.750,2
01:51:55.01100,1925.750,11
01:51:56.29600,1925.750,5
01:51:59.16700,1925.750,1
01:51:59.73400,1925.750,8
01:52:08.19500,1925.750,8
01:52:09.02700,1925.750,25
01:52:10.76500,1925.750,1
01:52:12.32800,1925.750,13
01:52:14.93700,1926.000,3
01:52:17.88600,1925.750,1
01:52:18.92900,1926.000,3
01:52:21.92100,1926.000,1
01:52:29.62500,1926.000,1
01:52:32.00000,1926.000,4
01:52:33.57800,1925.750,1
01:52:36.12800,1925.750,14
01:52:42.49600,1925.750,3
01:52:44.38600,1925.500,1
01:52:47.67100,1925.500,1
01:52:48.16400,1925.750,1
01:52:58.68300,1925.750,9
01:53:01.94500,1926.000,16
01:53:03.96000,1925.750,1
01:53:09.72600,1926.000,2
01:53:10.76900,1926.000,1
01:53:11.09700,1925.750,3
01:53:12.07400,1925.500,5
01:53:15.94100,1925.750,2
01:53:18.28500,1925.750,2
01:53:24.28500,1925.750,1
01:53:26.03900,1925.750,5
01:53:35.64400,1925.750,1
01:53:47.55000,1926.000,2
01:53:48.36300,1926.000,5
01:53:50.54200,1925.750,6
01:53:54.83500,1925.750,2
01:53:57.42900,1926.000,1
01:53:58.83500,1926.000,1
01:54:03.03900,1925.750,11
01:54:05.16700,1925.750,1
01:54:09.95700,1925.750,1
01:54:16.40200,1925.750,13
01:54:21.80800,1925.750,12
01:54:27.43700,1926.000,1
01:54:34.40200,1925.750,2
01:54:37.21400,1925.750,1
01:54:40.12500,1926.000,1
01:54:42.78900,1925.750,1
01:54:42.94900,1925.750,3
01:54:48.01500,1926.000,1
01:54:59.04600,1926.000,1
01:54:59.30400,1926.000,1
01:55:07.51900,1926.250,84
01:55:09.35500,1926.250,2
01:55:09.79600,1926.000,4
01:55:10.01100,1926.250,1
01:55:11.00000,1926.250,2
01:55:13.72600,1926.000,1
01:55:20.18700,1926.000,1
01:55:20.40600,1926.000,1
01:55:29.44500,1926.000,2
01:55:30.85100,1926.000,1
01:55:32.40600,1926.250,17
01:55:32.94100,1926.000,11
01:55:36.24200,1926.000,1
01:55:37.58200,1926.250,1
01:55:39.22200,1926.250,1
01:55:39.35900,1926.000,1
01:55:40.37100,1926.000,10
01:55:42.51900,1926.000,1
01:55:43.78500,1926.000,1
01:55:45.84300,1926.000,25
01:55:46.23000,1926.000,5
01:55:50.07400,1926.000,2
01:55:59.42100,1926.000,14
01:56:03.52700,1926.250,13
01:56:08.31600,1926.000,10
01:56:08.67500,1926.000,1
01:56:16.21000,1926.250,1
01:56:25.46400,1926.000,6
01:56:25.87500,1926.250,6
01:56:31.00300,1926.000,27
01:56:33.23000,1926.000,9
01:56:34.73000,1925.750,11
01:56:36.01100,1925.750,74
01:56:37.18300,1925.500,10
01:56:41.38200,1925.500,23
01:56:44.03100,1925.500,5
01:56:44.36300,1925.750,1
01:56:45.90200,1925.500,3
01:56:49.64000,1925.500,7
01:56:51.15600,1925.500,1
01:56:54.66700,1925.500,4
01:56:59.92100,1925.250,11
01:57:00.00300,1925.500,4
01:57:00.14400,1925.500,1
01:57:00.94900,1925.500,1
01:57:03.02300,1925.750,1
01:57:03.88200,1925.750,5
01:57:07.29600,1925.750,1
01:57:09.28900,1925.500,10
01:57:10.05400,1925.750,1
01:57:11.04200,1925.500,1
01:57:11.93300,1925.750,1
01:57:14.35100,1925.750,1
01:57:19.75300,1925.750,5
01:57:21.19500,1925.750,1
01:57:28.38600,1925.750,1
01:57:30.72200,1925.500,10
01:57:31.15600,1925.500,4
01:57:49.33500,1925.750,1
01:57:49.60500,1925.750,3
01:57:56.79600,1925.750,1
01:58:07.33500,1925.750,5
01:58:19.82000,1925.750,1
01:58:23.84300,1925.750,1
01:58:25.37100,1925.500,50
01:58:28.95300,1925.500,23
01:58:30.57400,1925.500,2
01:58:40.77300,1925.250,1
01:58:41.18700,1925.250,64
01:58:44.13600,1925.250,7
01:58:44.32400,1925.500,1
01:58:44.94100,1925.500,1
01:58:48.87100,1925.250,1
01:58:51.96400,1925.250,19
01:58:53.32800,1925.250,6
01:58:54.27300,1925.250,1
01:58:54.84700,1925.250,1
01:58:58.27300,1925.250,8
01:59:11.13600,1925.250,2
01:59:12.01900,1925.500,6
01:59:26.19900,1925.500,1
01:59:27.35100,1925.500,1
01:59:34.82000,1925.250,6
01:59:38.14400,1925.500,25
01:59:39.39000,1925.500,10
01:59:41.01100,1925.500,1
01:59:41.28100,1925.250,1
01:59:44.49600,1925.500,15
01:59:47.83500,1925.500,5
01:59:51.48800,1925.250,1
01:59:51.73000,1925.500,6
01:59:58.46400,1925.250,4
02:00:00.12100,1925.250,0
02:00:00.18300,1925.250,1
02:00:00.29200,1925.000,22
02:00:00.35100,1925.250,6
02:00:01.73800,1925.250,6
02:00:02.64000,1925.250,1
02:00:02.83500,1925.000,2
02:00:04.82400,1925.000,1
02:00:05.57000,1925.000,1
02:00:07.07000,1925.000,20
02:00:09.00700,1925.250,1
02:00:10.00300,1925.000,1
02:00:10.26100,1925.000,3
02:00:11.82000,1925.000,2
02:00:12.00300,1925.000,2
02:00:12.11700,1925.000,2
02:00:12.85500,1925.250,61
02:00:12.91700,1925.000,1
02:00:13.39400,1925.000,13
02:00:13.47200,1925.000,7
02:00:13.90200,1925.000,8
02:00:14.26100,1925.000,3
02:00:15.00700,1925.000,1
02:00:16.19100,1925.000,17
02:00:17.34300,1925.000,1
02:00:17.92900,1925.000,16
02:00:18.41400,1925.000,1
02:00:19.09300,1924.750,4
02:00:19.72200,1925.000,1
02:00:19.89400,1924.750,1
02:00:20.27700,1924.750,24
02:00:21.33200,1924.500,10
02:00:21.66000,1924.500,1
02:00:21.79600,1924.500,11
02:00:24.28900,1924.750,1
02:00:25.73000,1924.500,3
02:00:26.35100,1924.500,5
02:00:28.01500,1924.500,4
02:00:28.68300,1924.500,3
02:00:30.39400,1924.500,10
02:00:31.83200,1924.500,42
02:00:31.89800,1924.500,2
02:00:33.07400,1924.500,2
02:00:33.23000,1924.500,5
02:00:33.42500,1924.500,2
02:00:34.00700,1924.500,6
02:00:34.46400,1924.500,33
02:00:34.76900,1924.500,6
02:00:34.85100,1924.750,10
02:00:35.10100,1924.500,1
02:00:35.94500,1924.250,3
02:00:36.08500,1924.500,1
02:00:36.91700,1924.500,2
02:00:37.53900,1924.250,10
02:00:38.03900,1924.250,1
02:00:39.23800,1924.750,49
02:00:39.97200,1924.500,1
02:00:40.33500,1924.500,2
02:00:41.46800,1924.500,1
02:00:42.50000,1924.750,1
02:00:43.12500,1924.500,1
02:00:44.42500,1924.500,2
02:00:45.85100,1924.500,9
02:00:46.18300,1924.500,13
02:00:47.85900,1924.500,1
02:00:49.04200,1924.250,10
02:00:50.55800,1924.250,1
02:00:51.83900,1924.250,4
02:00:52.18700,1923.000,797
02:00:52.28900,1923.250,338
02:00:52.47200,1923.500,16
02:00:52.50000,1923.500,9
02:00:52.57000,1923.250,1
02:00:52.88600,1923.500,1
02:00:53.12800,1923.500,3
02:00:53.19500,1923.500,8
02:00:53.82800,1923.500,2
02:00:54.64400,1923.250,1
02:00:55.51900,1923.500,2
02:00:55.96800,1923.250,3
02:00:56.85100,1923.250,2
02:00:57.04600,1923.250,20
02:00:57.44100,1923.250,1
02:00:58.08900,1923.250,5
02:00:58.29200,1923.250,1
02:00:58.92500,1923.250,10
02:00:59.75700,1923.250,10
02:01:00.35100,1923.250,18
02:01:00.54200,1923.250,2
02:01:01.39400,1923.250,23
02:01:01.57400,1923.250,8
02:01:01.91000,1923.250,3
02:01:02.18700,1923.250,2
02:01:02.33200,1923.250,2
02:01:02.90600,1923.000,10
02:01:03.06600,1923.250,27
02:01:03.72600,1923.000,10
02:01:04.29600,1923.000,1
02:01:05.42100,1923.250,24
02:01:05.78500,1923.250,5
02:01:06.76500,1923.250,22
02:01:07.89800,1923.500,48
02:01:08.32800,1923.500,1
02:01:08.86300,1923.500,4
02:01:11.68300,1923.750,1
02:01:14.17100,1923.500,23
02:01:14.69100,1923.250,1
02:01:16.10900,1923.500,6
02:01:16.28500,1923.500,2
02:01:16.46000,1923.500,2
02:01:16.89400,1923.500,1
02:01:18.03900,1923.250,2
02:01:18.21800,1923.250,3
02:01:19.11700,1923.250,6
02:01:19.65600,1923.500,2
02:01:20.78500,1923.500,3
02:01:21.51100,1923.250,4
02:01:22.14800,1923.250,49
02:01:22.42100,1923.500,1
02:01:22.61700,1923.250,23
02:01:22.80400,1923.250,5
02:01:22.96000,1923.500,5
02:01:23.05800,1923.250,10
02:01:23.19500,1923.250,3
02:01:23.38200,1923.500,1
02:01:26.62800,1923.500,53
02:01:26.96000,1923.500,9
02:01:27.26500,1923.500,3
02:01:27.84300,1923.250,1
02:01:28.54200,1923.500,17
02:01:29.80800,1923.750,4
02:01:29.93300,1923.500,1
02:01:30.91000,1923.500,1
02:01:31.64800,1923.500,1
02:01:32.90200,1923.500,49
02:01:33.15600,1923.500,4
02:01:34.59300,1923.500,3
02:01:38.10500,1923.500,1
02:01:39.23400,1923.500,98
02:01:40.23800,1923.250,5
02:01:41.13600,1923.500,44
02:01:41.71800,1923.500,1
02:01:42.48800,1923.500,4
02:01:43.04200,1923.250,4
02:01:44.91000,1923.500,2
02:01:45.18300,1923.500,4
02:01:45.83200,1923.500,22
02:01:46.18700,1923.500,14
02:01:47.80800,1923.500,3
02:01:47.94900,1923.500,9
02:01:48.10900,1923.500,3
02:01:49.80000,1923.500,1
02:01:50.16400,1923.500,34
02:01:50.52300,1923.500,29
02:01:50.76100,1923.250,3
02:01:52.80800,1923.250,3
02:01:53.13200,1923.250,3
02:01:53.60500,1923.250,5
02:01:55.16000,1923.250,11
02:01:55.40600,1923.250,11
02:01:55.60900,1923.250,1
02:01:57.39000,1923.250,1
02:01:57.66400,1923.250,4
02:01:57.77700,1923.500,11
02:01:58.40200,1923.250,4
02:02:00.60100,1923.250,33
02:02:00.71800,1923.250,14
02:02:00.85900,1923.250,3
02:02:03.00700,1923.500,2
02:02:04.39800,1923.500,1
02:02:04.62500,1923.500,1
02:02:05.91000,1923.500,1
02:02:09.91700,1923.250,1
02:02:13.23400,1923.500,1
02:02:17.05400,1923.500,1
02:02:17.19900,1923.500,1
02:02:19.60900,1923.500,1
02:02:20.01500,1923.500,58
02:02:20.01900,1923.500,27
02:02:20.10100,1923.500,17
02:02:20.46000,1923.500,2
02:02:21.48800,1923.250,1
02:02:21.83900,1923.250,1
02:02:23.16700,1923.500,1
02:02:23.95700,1923.250,2
02:02:24.96800,1923.250,2
02:02:28.35100,1923.250,2
02:02:33.46000,1923.250,1
02:02:34.20300,1923.500,25
02:02:35.30800,1923.500,2
02:02:38.61700,1923.500,1
02:02:39.33200,1923.750,24
02:02:39.71400,1923.750,4
02:02:39.91000,1923.750,1
02:02:40.58900,1923.750,12
02:02:41.46000,1923.750,1
02:02:42.05800,1923.750,6
02:02:42.87100,1923.750,1
02:02:43.05000,1924.000,3
02:02:44.05000,1924.000,3
02:02:45.42500,1924.000,10
02:02:47.71800,1924.000,5
02:02:49.75300,1924.000,10
02:02:50.89000,1924.000,29
02:02:51.07400,1923.750,1
02:02:51.26100,1924.000,2
02:02:51.89400,1924.000,2
02:02:52.82400,1924.000,2
02:02:54.01100,1923.750,55
02:02:57.91400,1924.000,52
02:03:00.72600,1924.000,3
02:03:00.87800,1923.750,3
02:03:01.56200,1924.000,1
02:03:03.44100,1923.750,1
02:03:07.79600,1923.750,1
02:03:10.67500,1924.000,1
02:03:12.92100,1924.000,1
02:03:14.60500,1923.750,1
02:03:16.05800,1923.750,6
02:03:22.25300,1923.750,4
02:03:26.62800,1923.750,26
02:03:27.33500,1924.000,1
02:03:29.02700,1924.000,1
02:03:29.71000,1923.750,1
02:03:30.33200,1923.750,19
02:03:39.21000,1923.750,4
02:03:39.86300,1924.000,15
02:03:40.84700,1924.000,1
02:03:42.01900,1923.750,7
02:03:44.26900,1923.750,6
02:03:44.50300,1923.750,3
02:03:44.58200,1923.750,2
02:03:44.83500,1923.750,11
02:03:45.72600,1923.250,86
02:03:45.80400,1923.250,8
02:03:46.01100,1923.500,1
02:03:49.50700,1923.500,1
02:03:50.85900,1923.500,1
02:03:55.70700,1923.250,7
02:03:59.60100,1923.000,159
02:03:59.82000,1923.250,8
02:03:59.95700,1923.250,2
02:04:00.28100,1923.000,16
02:04:01.23400,1923.000,2
02:04:02.04200,1923.250,1
02:04:02.20300,1923.250,1
02:04:02.59700,1923.000,5
02:04:03.01100,1923.000,19
02:04:03.60100,1923.250,3
02:04:03.72200,1923.000,2
02:04:04.12500,1923.250,38
02:04:04.73000,1923.000,1
02:04:09.57000,1923.000,2
02:04:09.64800,1923.250,1
02:04:10.63600,1923.250,1
02:04:12.07400,1923.000,2
02:04:13.08500,1923.000,4
02:04:13.29600,1923.000,3
02:04:13.46000,1923.250,1
02:04:14.03500,1923.250,30
02:04:14.14000,1923.250,6
02:04:14.49600,1923.250,39
02:04:19.93700,1923.500,1
02:04:20.10500,1923.250,1
02:04:23.93300,1923.500,1
02:04:24.74200,1923.250,1
02:04:25.40200,1923.250,5
02:04:30.32800,1923.250,23
02:04:30.76500,1923.500,11
02:04:38.66400,1923.250,6
02:04:44.48400,1923.500,2
02:04:47.00000,1923.250,16
02:04:47.96400,1923.000,1
02:04:48.55800,1923.250,2
02:04:48.89000,1923.250,20
02:04:49.46800,1923.250,2
02:04:49.65600,1923.500,1
02:04:53.26900,1923.250,6
02:04:53.96000,1923.000,25
02:04:54.91000,1923.250,1
02:04:57.55000,1923.250,3
02:05:00.59700,1923.000,17
02:05:01.10100,1923.250,1
02:05:02.49600,1923.000,4
02:05:03.25700,1923.000,1
02:05:03.60100,1923.250,2
02:05:04.06600,1923.250,1
02:05:07.07800,1923.000,1
02:05:08.76100,1923.250,2
02:05:08.90600,1923.000,54
02:05:09.19500,1923.000,1
02:05:10.54200,1922.750,10
02:05:12.50000,1923.000,7
02:05:13.01100,1922.750,1
02:05:13.81600,1923.000,1
02:05:14.03900,1923.000,10
02:05:14.71400,1923.000,2
02:05:16.69900,1923.000,29
02:05:16.77300,1923.000,2
02:05:17.82000,1923.000,13
02:05:18.34700,1923.250,5
02:05:19.47200,1923.000,1
02:05:20.14800,1923.000,9
02:05:23.50300,1923.000,7
02:05:24.04600,1923.000,4
02:05:24.64800,1923.000,1
02:05:26.65600,1923.000,7
02:05:31.14800,1923.000,1
02:05:31.26900,1923.000,4
02:05:36.39400,1923.000,5
02:05:39.75300,1923.250,10
02:05:39.95700,1923.000,5
02:05:40.65200,1923.000,5
02:05:43.82000,1922.750,1
02:05:44.29600,1922.750,159
02:05:44.58200,1922.750,14
02:05:45.02700,1922.750,30
02:05:45.38200,1922.750,1
02:05:45.85900,1922.750,16
02:05:46.44500,1922.500,3
02:05:47.27300,1922.500,3
02:05:48.72600,1922.750,22
02:05:49.61300,1922.500,10
02:05:49.89400,1922.750,64
02:05:50.72600,1922.750,5
02:05:51.05400,1922.750,2
02:05:51.13600,1922.750,5
02:05:51.26500,1922.750,130
02:05:54.95700,1922.500,45
02:05:55.87100,1922.500,3
02:05:56.14800,1922.750,1
02:05:56.26900,1922.500,5
02:05:57.24200,1922.500,2
02:05:57.74600,1922.500,10
02:05:59.31600,1922.500,114
02:06:00.47200,1922.500,2
02:06:00.53900,1922.750,1
02:06:00.91000,1922.500,3
02:06:01.71000,1922.750,6
02:06:02.40600,1922.750,6
02:06:02.63600,1922.750,117
02:06:02.70300,1922.750,8
02:06:02.87800,1922.750,1
02:06:03.21800,1922.750,1
02:06:03.92100,1922.750,2
02:06:04.60500,1922.750,6
02:06:04.63200,1922.750,3
02:06:05.42100,1922.750,1
02:06:09.44500,1922.750,5
02:06:10.36300,1922.750,3
02:06:11.06600,1922.750,1
02:06:11.24600,1922.750,33
02:06:13.43300,1922.750,6
02:06:13.74200,1923.000,1
02:06:18.31600,1923.000,1
02:06:18.83900,1923.000,1
02:06:19.16000,1922.750,4
02:06:19.54600,1922.750,72
02:06:19.78100,1922.750,3
02:06:19.89400,1922.750,2
02:06:27.79200,1923.000,2
02:06:28.03500,1922.750,1
02:06:29.10500,1923.000,30
02:06:29.34300,1923.000,1
02:06:32.57000,1922.750,72
02:06:32.71000,1922.750,1
02:06:39.24600,1923.000,1
02:06:41.33500,1923.000,38
02:06:46.32000,1923.000,17
02:06:48.01100,1923.000,4
02:06:48.55400,1922.750,10
02:06:48.73400,1923.000,1
02:06:49.66400,1923.250,7
02:06:49.93700,1923.000,1
02:06:53.07000,1923.250,1
02:06:53.27300,1923.250,1
02:06:54.00300,1923.250,1
02:06:54.56200,1923.250,1
02:06:54.76500,1923.250,1
02:06:58.78100,1923.250,45
02:07:01.69900,1923.500,16
02:07:02.37100,1923.500,22
02:07:02.54200,1923.250,57
02:07:02.69100,1923.500,2
02:07:03.87100,1923.500,1
02:07:04.08200,1923.500,1
02:07:04.52700,1923.500,1
02:07:04.79600,1923.500,30
02:07:07.35500,1923.500,11
02:07:07.64000,1923.500,1
02:07:09.51100,1923.500,1
02:07:13.12500,1923.500,1
02:07:14.35900,1923.500,1
02:07:20.63600,1923.500,2
02:07:21.78500,1923.500,18
02:07:22.01500,1923.500,1
02:07:22.35500,1923.500,1
02:07:22.68700,1923.500,5
02:07:26.54200,1923.750,2
02:07:26.69900,1923.750,33
02:07:26.83200,1923.750,1
02:07:27.13600,1923.750,1
02:07:27.73800,1923.750,5
02:07:31.17500,1923.750,2
02:07:32.94500,1923.500,3
02:07:33.42900,1923.750,3
02:07:36.27300,1923.750,16
02:07:36.58900,1923.750,1
02:07:37.20700,1923.500,2
02:07:37.78100,1923.500,17
02:07:47.22200,1923.250,4
02:07:48.60900,1923.250,58
02:07:50.96000,1923.250,4
02:07:51.20300,1923.250,5
02:07:51.70700,1923.250,140
02:07:55.33200,1923.250,10
02:08:01.17900,1923.250,2
02:08:10.17100,1923.000,2
02:08:10.65200,1923.000,1
02:08:14.83500,1923.250,51
02:08:21.27300,1923.250,3
02:08:22.25000,1923.250,94
02:08:22.39000,1923.250,1
02:08:22.52300,1923.250,1
02:08:24.50300,1923.000,1
02:08:24.73000,1923.250,105
02:08:25.44900,1923.250,5
02:08:26.55800,1923.250,3
02:08:27.58900,1923.500,6
02:08:27.67500,1923.250,1
02:08:31.91000,1923.250,2
02:08:32.82000,1923.250,1
02:08:33.18700,1923.250,5
02:08:36.50300,1923.250,1
02:08:39.57800,1923.500,2
02:08:40.48000,1923.500,3
02:08:46.51100,1923.500,1
02:08:46.75300,1923.500,1
02:08:50.56200,1923.250,3
02:08:51.76900,1923.500,3
02:08:57.42500,1923.500,15
02:08:57.75300,1923.250,14
02:08:58.46400,1923.250,136
02:08:58.70300,1923.250,12
02:08:59.88600,1923.250,1
02:09:02.75300,1923.250,6
02:09:03.64800,1923.500,1
02:09:04.30800,1923.250,17
02:09:04.71400,1923.250,1
02:09:05.80000,1923.250,10
02:09:07.81200,1923.000,233
02:09:07.81200,1923.000,7
02:09:07.81200,1923.000,30
02:09:08.50700,1923.000,8
02:09:08.79200,1923.000,1
02:09:09.20300,1923.000,19
02:09:10.06600,1923.000,4
02:09:10.96800,1923.000,1
02:09:12.04600,1923.000,13
02:09:15.15200,1923.000,1
02:09:16.61300,1923.000,13
02:09:18.85500,1923.000,5
02:09:21.73800,1923.000,12
02:09:22.42900,1922.750,2
02:09:25.09700,1923.000,27
02:09:28.71000,1923.000,1
02:09:30.17500,1923.250,2
02:09:33.21000,1923.250,40
02:09:38.69100,1923.000,20
02:09:48.72600,1923.000,31
02:09:49.54200,1923.250,1
02:09:52.14800,1923.000,3
02:09:57.32400,1923.000,44
02:09:58.60900,1923.000,1
02:10:01.74200,1923.000,2
02:10:02.60900,1923.250,26
02:10:03.11700,1923.000,10
02:10:06.52300,1923.000,5
02:10:10.75700,1923.000,4
02:10:11.91400,1923.000,7
02:10:14.05000,1923.000,7
02:10:15.74200,1923.000,1
02:10:17.89400,1923.250,11
02:10:19.14000,1923.250,5
02:10:20.51100,1923.250,5
02:10:20.73000,1923.000,1
02:10:30.87800,1923.000,2
02:10:31.76500,1923.000,1
02:10:34.16000,1923.250,2
02:10:34.74200,1923.250,8
02:10:36.40600,1923.250,1
02:10:38.07800,1923.250,1
02:10:39.15200,1923.250,5
02:10:43.66700,1923.500,1
02:10:49.67900,1923.500,2
02:10:51.21400,1923.750,31
02:10:51.45300,1923.750,3
02:10:52.65200,1923.750,61
02:10:52.80000,1923.500,1
02:10:55.18700,1923.500,1
02:10:56.64400,1923.500,77
02:10:57.56200,1923.500,5
02:10:57.88200,1923.500,5
02:10:58.91000,1923.250,1
02:11:00.77300,1923.500,6
02:11:01.41700,1923.500,30
02:11:05.43700,1923.250,1
02:11:06.72200,1923.500,2
02:11:11.09300,1923.750,22
02:11:12.02300,1923.750,29
02:11:19.70700,1923.750,11
02:11:20.39400,1923.750,1
02:11:20.59700,1923.750,1
02:11:20.67900,1923.750,50
02:11:25.03100,1924.000,56
02:11:30.64800,1924.000,1
02:11:30.78900,1924.000,1
02:11:31.77300,1923.750,1
02:11:32.89800,1923.750,1
02:11:33.25300,1923.750,1
02:11:33.68300,1924.000,2
02:11:35.58200,1924.000,5
02:11:36.88200,1924.000,1
02:11:37.47200,1924.000,1
02:11:37.86700,1924.000,1
02:11:40.87800,1924.000,62
02:11:41.14000,1924.250,10
02:11:41.56600,1924.000,1
02:11:44.46000,1924.250,1
02:11:46.70700,1924.000,3
02:11:47.16400,1923.750,63
02:11:53.91400,1923.750,2
02:11:58.29200,1924.000,1
02:12:03.70700,1924.000,24
02:12:04.60900,1924.000,65
02:12:05.83200,1924.000,20
02:12:06.69500,1924.000,30
02:12:07.39000,1924.250,66
02:12:09.64800,1924.250,63
02:12:11.80000,1924.250,15
02:12:13.25300,1924.250,1
02:12:14.83200,1924.500,7
02:12:16.12500,1924.250,22
02:12:16.92900,1924.250,1
02:12:17.85500,1924.000,1
02:12:18.72200,1924.250,1
02:12:19.83200,1924.250,1
02:12:20.28100,1924.000,1
02:12:24.05800,1924.250,13
02:12:26.59300,1924.250,1
02:12:28.27300,1924.250,4
02:12:28.57800,1924.250,1
02:12:38.40600,1924.250,57
02:12:38.74200,1924.250,17
02:12:43.67900,1924.250,6
02:12:44.91700,1924.250,1
02:12:45.91400,1924.250,4
02:12:46.17100,1924.250,1
02:12:55.12800,1924.000,41
02:12:59.45700,1924.000,47
02:13:16.94900,1924.250,2
02:13:18.60900,1924.250,28
02:13:18.82000,1924.250,3
02:13:21.79600,1924.500,1
02:13:22.38200,1924.500,1
02:13:23.32400,1924.250,45
02:13:31.53900,1924.000,2
02:13:32.41700,1924.000,17
02:13:33.21400,1924.000,1
02:13:33.41000,1924.000,1
02:13:33.63600,1924.000,1
02:13:34.21400,1924.000,7
02:13:38.85100,1924.000,2
02:13:39.30000,1924.000,1
02:13:41.72600,1923.750,55
02:13:42.06600,1923.750,6
02:13:42.32400,1923.750,1
02:13:51.60100,1923.500,1
02:13:53.42900,1923.500,1
02:13:55.28500,1923.750,20
02:13:58.33500,1923.750,1
02:13:58.46800,1924.000,20
02:14:00.49600,1924.000,2
02:14:01.20300,1924.000,20
02:14:04.94500,1924.000,10
02:14:07.80000,1924.000,14
02:14:10.57400,1924.000,11
02:14:11.59300,1924.000,11
02:14:18.32000,1924.000,1
02:14:22.08900,1923.750,3
02:14:22.73000,1924.000,4
02:14:22.89400,1924.000,20
02:14:37.29200,1923.750,1
02:14:45.63200,1923.750,24
02:14:47.08200,1923.750,5
02:14:47.47600,1923.750,1
02:14:49.20700,1924.000,1
02:14:52.46400,1923.750,1
02:14:53.71000,1923.750,1
02:14:56.57400,1923.750,37
02:14:56.80400,1923.750,2
02:14:58.94900,1923.750,4
02:15:00.67500,1923.750,17
02:15:06.19900,1923.750,5
02:15:07.80000,1923.500,40
02:15:18.68300,1923.250,46
02:15:20.30800,1923.250,1
02:15:22.21000,1923.500,3
02:15:25.87800,1923.250,2
02:15:27.36700,1923.500,1
02:15:31.25000,1923.250,1
02:15:33.20300,1923.250,20
02:15:36.44500,1923.500,3
02:15:43.97200,1923.500,49
02:15:44.89400,1923.000,254
02:15:46.47200,1923.250,1
02:15:46.66700,1923.000,13
02:15:48.08900,1923.000,17
02:15:50.08200,1923.000,5
02:15:51.72200,1923.000,33
02:15:52.28500,1923.000,4
02:15:52.49600,1923.000,9
02:15:56.78900,1923.000,9
02:16:01.53900,1922.750,7
02:16:02.71800,1922.750,2
02:16:04.73400,1922.750,5
02:16:05.47200,1922.750,30
02:16:05.57400,1922.750,23
02:16:06.33500,1922.750,1
02:16:07.36700,1922.750,19
02:16:09.53500,1922.750,1
02:16:10.35900,1922.750,1
02:16:12.77300,1922.750,1
02:16:17.94900,1922.750,28
02:16:18.41400,1922.500,8
02:16:19.09700,1922.750,1
02:16:20.46000,1922.500,3
02:16:25.23400,1922.500,120
02:16:27.15200,1922.500,35
02:16:27.55400,1922.500,12
02:16:29.44100,1922.500,1
02:16:34.40200,1922.500,29
02:16:35.71400,1922.500,2
02:16:36.41400,1922.500,13
02:16:41.19500,1922.500,4
02:16:47.73800,1922.500,61
02:16:48.45700,1922.500,7
02:16:48.90200,1922.250,17
02:16:49.56200,1922.500,1
02:16:50.23800,1922.500,2
02:16:50.55000,1922.500,7
02:16:51.31600,1922.500,8
02:16:55.08500,1922.250,1
02:16:55.62500,1922.250,3
02:16:55.88600,1922.250,6
02:16:56.17900,1922.500,5
02:16:56.79600,1922.250,1
02:16:58.36300,1922.500,37
02:17:02.38200,1922.500,13
02:17:04.06600,1922.250,7
02:17:04.19500,1922.250,2
02:17:04.39800,1922.500,3
02:17:04.52700,1922.250,2
02:17:05.79200,1922.250,10
02:17:06.08200,1922.250,6
02:17:09.58500,1922.500,15
02:17:09.68300,1922.500,1
02:17:10.50700,1922.250,1
02:17:11.09300,1922.500,8
02:17:12.30000,1922.500,5
02:17:15.52700,1922.500,1
02:17:16.37500,1922.500,2
02:17:17.03500,1922.250,4
02:17:17.30000,1922.250,111
02:17:19.65600,1922.000,262
02:17:19.83200,1922.000,32
02:17:20.12100,1922.000,13
02:17:20.57800,1922.000,3
02:17:20.71800,1922.000,5
02:17:21.23800,1922.000,7
02:17:22.93700,1922.000,18
02:17:24.03900,1922.000,1
02:17:24.55400,1922.000,1
02:17:27.96000,1922.000,1
02:17:28.63600,1921.500,207
02:17:28.82000,1921.750,1
02:17:29.12500,1921.500,2
02:17:29.68300,1921.750,2
02:17:30.90200,1921.500,46
02:17:31.87800,1921.500,87
02:17:32.69900,1921.750,1
02:17:32.95300,1921.500,1
02:17:33.91400,1921.500,2
02:17:34.16400,1921.500,53
02:17:34.45300,1921.500,1
02:17:34.65600,1921.500,23
02:17:34.83200,1921.500,1
02:17:35.03900,1921.250,17
02:17:35.06600,1921.250,1
02:17:35.18700,1921.250,21
02:17:35.58200,1921.500,2
02:17:35.67900,1921.500,19
02:17:35.73400,1921.500,7
02:17:35.92500,1921.500,6
02:17:36.12500,1921.500,1
02:17:36.23400,1921.500,16
02:17:36.32800,1921.500,5
02:17:38.07400,1921.750,5
02:17:38.48000,1921.500,1
02:17:39.64800,1921.500,1
02:17:40.12800,1921.500,3
02:17:42.65200,1921.750,10
02:17:42.84700,1921.750,1
02:17:44.49200,1921.750,1
02:17:46.53100,1922.000,76
02:17:46.76100,1922.000,1
02:17:47.62100,1922.000,7
02:17:52.92900,1922.000,3
02:17:56.26500,1922.000,1
02:18:02.35900,1922.000,2
02:18:02.91400,1921.750,82
02:18:05.30000,1922.000,1
02:18:05.90200,1921.750,3
02:18:07.27300,1922.000,1
02:18:07.62800,1921.750,5
02:18:07.73000,1922.000,1
02:18:08.45300,1922.000,99
02:18:08.61300,1922.000,8
02:18:09.25000,1922.000,23
02:18:10.21000,1922.250,44
02:18:10.53500,1922.250,6
02:18:11.32000,1922.250,7
02:18:13.34300,1922.250,5
02:18:15.24600,1922.000,1
02:18:15.34700,1922.250,8
02:18:15.53900,1922.250,1
02:18:16.09700,1922.250,1
02:18:16.40600,1922.250,2
02:18:17.07000,1922.000,1
02:18:18.21800,1922.000,1
02:18:18.83200,1922.250,7
02:18:19.30000,1922.250,4
02:18:20.89000,1922.250,1
02:18:22.75700,1922.250,64
02:18:23.58500,1922.250,4
02:18:23.75300,1922.250,8
02:18:23.83900,1922.250,4
02:18:26.45700,1922.250,1
02:18:27.49600,1922.250,8
02:18:28.12100,1922.250,6
02:18:28.41700,1922.250,10
02:18:29.70300,1922.250,2
02:18:34.96000,1922.250,22
02:18:36.10500,1922.250,1
02:18:36.28900,1922.250,1
02:18:36.46400,1922.250,1
02:18:36.63600,1922.250,1
02:18:39.02700,1922.500,6
02:18:39.29200,1922.250,9
02:18:41.77700,1922.250,39
02:18:44.00300,1922.250,20
02:18:45.01500,1922.250,1
02:18:47.32800,1922.250,5
02:18:47.56200,1922.250,11
02:18:48.04200,1922.000,2
02:18:48.69100,1922.500,1
02:18:49.71000,1922.250,22
02:18:51.94500,1922.250,12
02:18:54.45300,1922.000,3
02:18:58.92100,1922.250,1
02:18:59.33900,1922.250,26
02:19:03.35900,1922.250,33
02:19:03.92100,1922.250,13
02:19:05.62100,1922.250,4
02:19:07.78900,1922.250,5
02:19:08.96000,1922.250,5
02:19:13.30400,1922.250,5
02:19:13.61300,1922.000,2
02:19:17.67500,1922.000,1
02:19:20.23400,1922.000,5
02:19:20.46400,1922.250,1
02:19:21.69100,1922.000,1
02:19:23.79200,1922.000,3
02:19:29.15200,1922.000,1
02:19:32.27700,1922.000,1
02:19:35.15200,1922.250,22
02:19:35.41000,1922.250,16
02:19:35.85900,1922.250,3
02:19:36.21800,1922.250,9
02:19:36.76900,1922.250,6
02:19:44.82000,1922.250,3
02:19:46.06200,1922.000,4
02:19:46.12800,1922.250,1
02:19:46.27700,1922.250,2
02:19:54.35500,1922.000,1
02:20:04.75700,1922.000,5
02:20:12.90600,1922.000,85
02:20:13.10100,1921.750,4
02:20:13.22600,1921.750,7
02:20:13.26900,1921.750,1
02:20:17.08900,1921.750,2
02:20:17.88600,1921.750,24
02:20:20.46800,1921.500,58
02:20:20.54600,1921.500,9
02:20:21.00700,1921.250,8
02:20:23.35500,1921.500,1
02:20:26.08200,1921.250,1
02:20:26.48400,1921.250,1
02:20:26.73400,1921.250,1
02:20:27.21000,1921.250,1
02:20:27.67100,1921.250,10
02:20:32.14400,1921.250,4
02:20:33.52300,1921.250,1
02:20:34.01500,1921.250,3
02:20:34.34700,1921.250,3
02:20:34.92100,1921.250,1
02:20:38.11700,1921.250,28
02:20:38.51900,1921.250,13
02:20:38.94100,1921.250,8
02:20:39.49200,1921.250,4
02:20:39.65200,1921.250,4
02:20:40.53900,1921.250,10
02:20:40.83500,1921.250,4
02:20:41.26500,1921.250,6
02:20:41.62500,1921.250,7
02:20:41.85900,1921.250,4
02:20:42.29600,1921.000,76
02:20:42.61300,1921.000,1
02:20:42.77700,1921.250,1
02:20:42.94500,1921.000,4
02:20:43.14000,1921.000,4
02:20:43.28900,1921.000,1
02:20:46.43300,1921.250,1
02:20:46.56600,1921.000,4
02:20:47.41400,1921.250,1
02:20:48.57000,1921.000,1
02:20:49.77300,1921.000,2
02:20:50.25700,1921.000,12
02:20:50.33200,1921.000,1
02:20:50.79200,1921.000,6
02:20:51.01100,1921.000,15
02:20:52.75700,1921.000,4
02:20:52.85900,1921.000,3
02:20:53.00000,1921.000,5
02:20:53.51500,1921.250,1
02:20:53.60500,1921.000,3
02:20:53.71000,1921.000,1
02:20:54.64400,1921.250,1
02:20:55.14000,1921.250,1
02:20:55.64000,1921.250,5
02:20:58.43300,1921.000,1
02:20:58.88600,1921.000,20
02:20:59.03900,1921.000,7
02:20:59.12800,1921.000,23
02:20:59.42100,1921.250,1
02:20:59.63600,1921.000,3
02:21:00.02300,1921.250,2
02:21:00.44500,1921.250,1
02:21:01.15600,1921.250,11
02:21:02.41400,1921.250,90
02:21:02.81200,1921.500,4
02:21:02.95700,1921.250,4
02:21:04.89000,1921.500,49
02:21:05.09300,1921.500,1
02:21:05.79200,1921.500,18
02:21:06.26900,1921.500,5
02:21:07.57400,1921.250,50
02:21:08.92500,1921.500,10
02:21:11.37500,1921.500,10
02:21:11.47200,1921.500,5
02:21:12.66700,1921.250,1
02:21:14.64000,1921.500,19
02:21:21.57400,1921.500,18
02:21:22.14400,1921.500,1
02:21:27.48800,1921.250,3
02:21:27.81200,1921.250,4
02:21:28.00000,1921.250,9
02:21:28.28500,1921.250,9
02:21:28.95700,1921.250,7
02:21:29.85500,1921.500,1
02:21:31.30800,1921.250,4
02:21:31.60900,1921.250,32
02:21:32.65200,1921.250,2
02:21:35.73000,1921.250,53
02:21:48.42500,1921.500,65
02:21:50.58500,1921.500,3
02:21:52.20700,1921.500,26
02:21:52.62100,1921.250,3
02:21:53.75000,1921.500,1
02:21:56.18700,1921.250,5
02:21:56.75000,1921.500,1
02:21:58.57800,1921.500,1
02:21:59.08900,1921.500,5
02:21:59.56600,1921.500,1
02:22:02.07400,1922.000,283
02:22:02.30800,1922.000,24
02:22:03.85500,1922.000,1
02:22:07.67100,1922.250,32
02:22:08.73000,1922.000,3
02:22:11.78500,1922.000,24
02:22:12.53100,1922.000,2
02:22:15.35500,1922.000,14
02:22:16.96000,1922.000,1
02:22:18.00300,1922.000,25
02:22:20.95300,1921.750,1
02:22:26.88600,1922.000,63
02:22:27.77300,1922.000,30
02:22:31.26900,1922.000,5
02:22:32.47200,1922.000,3
02:22:37.09700,1922.000,1
02:22:37.49600,1922.000,1
02:22:37.83500,1922.000,22
02:22:39.89800,1922.000,10
02:22:41.58500,1922.000,26
02:22:44.34300,1922.000,5
02:22:45.45700,1922.000,10
02:22:46.01900,1922.000,13
02:22:46.41700,1922.000,38
02:22:46.75000,1922.000,1
02:22:46.83500,1922.000,1
02:22:53.58900,1922.000,1
02:22:54.92500,1922.000,2
02:23:01.28100,1922.000,14
02:23:06.41000,1922.250,2
02:23:08.80000,1922.250,1
02:23:09.57800,1922.000,1
02:23:16.37100,1922.250,38
02:23:18.35900,1922.500,1
02:23:21.25000,1922.500,5
02:23:23.52300,1922.500,72
02:23:31.10100,1922.500,4
02:23:36.28900,1922.250,107
02:23:37.09300,1922.250,1
02:23:38.65200,1922.000,1
02:23:39.04200,1922.250,2
02:23:53.27700,1922.250,56
02:23:53.66400,1922.250,85
02:23:54.41000,1922.250,13
02:23:56.85100,1922.250,16
02:23:57.42500,1922.500,1
02:23:59.44500,1922.250,7
02:24:01.61300,1922.250,14
02:24:03.67100,1922.250,20
02:24:04.92100,1922.250,1
02:24:07.35900,1922.000,15
02:24:07.67100,1922.250,1
02:24:09.49600,1922.250,37
02:24:10.14800,1922.250,3
02:24:12.27700,1922.250,1
02:24:14.79600,1922.250,1
02:24:18.01900,1922.500,2
02:24:20.18700,1922.500,3
02:24:23.30000,1922.250,1
02:24:23.72600,1922.500,5
02:24:25.92500,1922.500,1
02:24:31.57800,1922.500,55
02:24:32.14400,1922.500,11
02:24:34.18700,1922.500,5
02:24:35.78500,1922.500,3
02:24:36.42900,1922.750,15
02:24:37.44500,1922.500,9
02:24:40.66400,1922.500,5
02:24:42.49200,1922.500,23
02:24:43.72600,1922.750,5
02:24:45.26500,1922.500,13
02:24:47.02300,1922.500,3
02:24:47.19100,1922.500,3
02:24:47.79600,1922.500,4
02:24:49.26900,1922.750,1
02:24:50.44500,1922.500,2
02:25:01.43700,1922.500,39
02:25:02.10900,1922.500,3
02:25:02.94900,1922.500,37
02:25:03.22200,1922.250,3
02:25:03.89400,1922.500,5
02:25:05.94900,1922.500,5
02:25:08.39400,1922.500,1
02:25:08.69500,1922.500,1
02:25:10.06600,1922.750,1
02:25:10.59700,1922.500,7
02:25:11.25700,1922.750,1
02:25:11.41400,1922.500,10
02:25:12.17100,1922.500,5
02:25:14.42900,1922.250,39
02:25:15.28100,1922.500,1
02:25:16.39000,1922.250,3
02:25:19.23800,1922.500,1
02:25:19.41700,1922.500,1
02:25:21.92100,1922.500,51
02:25:22.32400,1922.500,3
02:25:23.81200,1922.500,2
02:25:26.33900,1922.500,16
02:25:28.89800,1922.500,16
02:25:30.25700,1922.500,1
02:25:32.88600,1922.750,20
02:25:42.25700,1922.750,2
02:25:44.42900,1922.750,15
02:25:47.88600,1922.750,3
02:25:48.20300,1922.750,24
02:25:48.96000,1922.750,6
02:25:50.01900,1922.750,4
02:25:51.21400,1922.750,18
02:25:54.09300,1922.750,4
02:25:59.03500,1922.500,2
02:25:59.50300,1922.500,1
02:26:01.15600,1922.750,17
02:26:01.44900,1922.750,30
02:26:02.85900,1922.750,5
02:26:03.28900,1922.750,9
02:26:03.93700,1922.750,1
02:26:07.50700,1922.500,43
02:26:08.96400,1922.500,1
02:26:10.38600,1922.500,16
02:26:12.90600,1922.500,1
02:26:22.94500,1922.750,44
02:26:23.50700,1922.750,15
02:26:24.75000,1922.750,1
02:26:26.59300,1922.750,4
02:26:35.27300,1922.750,3
02:26:36.23400,1922.750,9
02:26:42.68300,1922.500,36
02:26:51.80400,1922.500,9
02:27:02.90600,1922.500,24
02:27:03.10100,1922.500,47
02:27:03.46800,1922.500,1
02:27:04.71800,1922.750,1
02:27:07.53100,1922.750,1
02:27:12.78900,1922.750,1
02:27:17.22600,1922.750,1
02:27:17.60500,1922.750,1
02:27:25.41000,1922.750,1
02:27:25.83200,1922.750,1
02:27:27.93300,1922.750,50
02:27:29.28900,1923.000,39
02:27:29.69100,1923.000,1
02:27:31.75300,1923.000,1
02:27:32.22600,1922.750,1
02:27:33.58500,1923.000,1
02:27:34.51500,1923.000,1
02:27:35.57000,1922.750,14
02:27:37.01500,1922.750,9
02:27:38.78900,1922.750,1
02:27:42.70300,1922.750,5
02:27:47.42100,1922.750,1
02:27:50.96000,1922.750,3
02:27:57.44500,1922.500,31
02:27:57.73800,1922.500,1
02:27:57.87800,1922.750,1
02:28:34.15200,1922.750,2
02:28:42.75700,1922.750,10
02:28:43.62500,1922.750,29
02:28:44.87100,1922.250,231
02:28:44.95300,1922.250,9
02:28:47.12100,1922.500,2
02:28:47.95300,1922.500,5
02:28:48.75000,1922.500,50
02:28:50.68300,1922.500,14
02:28:53.41700,1922.500,1
02:28:54.29200,1922.500,27
02:29:01.00300,1922.500,40
02:29:01.08200,1922.500,4
02:29:16.77300,1922.250,1
02:29:21.38200,1922.250,8
02:29:21.72600,1922.250,3
02:29:22.34700,1922.500,1
02:29:23.50000,1922.250,2
02:29:30.46800,1922.500,35
02:29:33.12100,1922.500,4
02:29:38.01500,1922.500,10
02:29:39.09300,1922.500,2
02:29:39.51500,1922.250,3
02:29:43.22600,1922.500,4
02:30:00.14800,1922.500,78
02:30:00.51500,1922.750,1
02:30:01.05400,1922.750,1
02:30:02.09300,1922.500,1
02:30:03.33900,1922.250,39
02:30:06.00000,1922.250,2
02:30:11.51100,1922.500,45
02:30:12.16700,1922.250,1
02:30:15.55400,1922.250,31
02:30:16.95300,1922.500,24
02:30:20.70700,1922.500,5
02:30:21.66000,1922.500,1
02:30:35.51500,1922.750,47
02:30:36.89400,1922.500,74
02:30:38.21400,1922.500,10
02:30:43.10500,1922.750,7
02:30:45.32000,1922.750,31
02:30:46.23400,1922.750,15
02:30:46.54600,1922.750,11
02:30:50.25700,1922.750,24
02:30:54.70300,1922.750,3
02:30:55.50700,1922.750,4
02:31:01.32400,1922.750,1
02:31:03.10900,1923.000,92
02:31:03.91700,1923.000,1
02:31:05.95300,1923.500,23
02:31:06.05400,1923.500,1
02:31:06.19900,1923.500,3
02:31:06.48800,1923.250,1
02:31:06.94100,1923.250,12
02:31:08.23000,1923.000,1
02:31:08.37500,1923.250,1
02:31:09.39400,1923.250,48
02:31:09.55400,1923.250,5
02:31:10.44500,1923.250,83
02:31:10.94500,1923.250,16
02:31:12.02700,1923.250,15
02:31:12.21000,1923.250,5
02:31:12.41000,1923.250,2
02:31:14.93700,1923.250,1
02:31:15.50000,1923.250,52
02:31:16.35500,1923.250,1
02:31:16.71000,1923.250,13
02:31:19.32000,1923.000,80
02:31:20.21400,1923.000,7
02:31:20.58900,1923.250,1
02:31:21.79600,1923.000,10
02:31:22.50700,1923.000,1
02:31:23.68300,1923.000,3
02:31:24.77700,1923.000,6
02:31:25.60900,1922.750,3
02:31:25.92500,1922.750,3
02:31:34.55800,1923.000,2
02:31:35.72600,1923.000,1
02:31:37.44500,1923.000,1
02:31:38.17100,1923.000,1
02:31:39.19100,1923.000,1
02:31:39.83900,1923.000,5
02:31:41.44900,1922.750,1
02:31:43.03500,1922.750,31
02:31:46.91400,1923.000,6
02:31:53.40600,1923.000,13
02:31:55.39400,1923.000,1
02:31:56.02300,1923.000,17
02:31:57.29200,1923.000,39
02:31:58.26500,1923.000,5
02:32:04.13600,1923.250,6
02:32:07.91700,1922.750,79
02:32:08.01900,1922.750,3
02:32:08.66400,1922.750,8
02:32:09.04200,1922.750,4
02:32:10.45700,1923.000,1
02:32:10.88200,1923.000,1
02:32:12.09700,1922.750,49
02:32:22.24200,1922.750,1
02:32:22.47600,1922.750,23
02:32:29.24200,1922.750,1
02:32:44.02300,1923.000,1
02:32:45.87100,1923.000,2
02:32:51.67900,1922.750,2
02:32:53.76500,1923.000,4
02:32:58.72600,1923.000,5
02:33:02.03100,1922.750,24
02:33:10.26100,1922.750,74
02:33:10.48800,1922.750,1
02:33:16.10100,1922.750,13
02:33:17.41000,1922.750,8
02:33:20.68300,1922.750,1
02:33:21.10100,1922.750,9
02:33:23.50300,1922.750,5
02:33:23.76500,1923.000,4
02:33:23.95700,1923.000,1
02:33:25.66400,1923.000,5
02:33:26.04600,1922.750,8
02:33:26.79600,1922.750,1
02:33:32.87500,1922.750,3
02:33:37.16000,1922.750,1
02:33:39.82000,1923.000,1
02:33:47.56600,1923.000,1
02:33:52.11300,1923.000,30
02:33:53.57800,1923.000,12
02:33:53.83200,1923.000,2
02:33:54.16400,1923.000,10
02:33:55.81200,1923.000,17
02:33:58.44900,1923.000,1
02:34:03.61700,1923.250,12
02:34:03.83200,1923.250,3
02:34:04.16400,1923.000,1
02:34:04.61700,1923.000,75
02:34:14.64000,1923.000,51
02:34:15.05000,1923.000,5
02:34:19.14400,1923.000,12
02:34:30.13200,1923.250,8
02:34:30.27300,1923.000,2
02:34:36.03500,1923.000,1
02:34:38.10100,1923.250,1
02:34:40.12800,1923.250,1
02:34:45.41700,1923.250,18
02:34:47.73400,1923.250,4
02:34:49.08900,1923.250,5
02:34:52.11300,1923.250,2
02:34:52.34700,1923.250,12
02:35:08.00300,1923.500,26
02:35:08.48800,1923.250,1
02:35:12.34300,1923.250,27
02:35:16.11300,1923.250,1
02:35:23.97200,1923.000,1
02:35:26.71400,1923.000,1
02:35:28.22200,1923.000,3
02:35:28.54200,1923.000,3
02:35:30.43300,1923.000,55
02:35:34.52300,1923.000,1
02:35:38.86300,1923.000,1
02:35:39.52700,1923.000,23
02:35:39.89800,1923.000,1
02:35:42.09700,1922.750,10
02:35:44.26900,1923.000,8
02:35:45.76900,1923.000,17
02:35:46.64800,1923.000,5
02:35:47.02700,1922.750,2
02:35:49.37100,1922.750,1
02:35:58.62100,1923.000,17
02:36:20.20700,1923.250,12
02:36:22.70300,1923.250,1
02:36:23.54200,1923.000,19
02:36:23.69900,1923.000,10
02:36:27.88200,1923.250,4
02:36:28.41000,1923.000,8
02:36:43.41400,1923.000,2
02:36:45.41400,1922.750,10
02:36:46.16700,1922.750,47
02:36:49.44900,1922.750,5
02:36:49.94900,1922.500,80
02:36:52.00300,1922.250,2
02:36:52.81200,1922.250,64
02:36:57.05800,1922.000,2
02:36:58.82000,1922.000,5
02:36:59.61300,1922.000,1
02:37:04.28100,1922.000,14
02:37:04.55000,1922.000,2
02:37:05.30800,1922.000,1
02:37:05.54600,1922.000,4
02:37:06.58500,1922.000,1
02:37:15.12800,1922.000,2
02:37:15.84300,1922.000,1
02:37:18.73800,1922.000,27
02:37:22.35500,1921.750,2
02:37:22.85900,1921.750,50
02:37:23.05400,1921.750,2
02:37:23.91000,1922.000,64
02:37:24.05400,1922.000,11
02:37:24.45300,1922.250,1
02:37:30.31200,1922.000,45
02:37:30.75700,1922.000,1
02:37:31.09700,1922.000,5
02:37:31.73400,1922.000,10
02:37:32.25700,1921.750,1
02:37:33.11700,1922.000,8
02:37:33.35100,1922.000,55
02:37:33.75300,1922.250,1
02:37:36.17500,1922.000,18
02:37:38.17100,1921.750,1
02:37:42.01500,1922.000,3
02:37:45.46800,1922.000,5
02:37:47.89400,1922.000,1
02:37:48.74200,1922.000,21
02:37:52.32800,1921.750,1
02:37:56.61300,1922.000,21
02:37:59.21400,1922.250,1
02:38:03.81600,1922.000,32
02:38:05.67100,1922.250,1
02:38:06.74200,1922.000,1
02:38:07.72600,1922.000,6
02:38:09.67900,1921.750,1
02:38:12.89800,1921.750,1
02:38:13.13600,1921.750,30
02:38:14.33500,1921.500,2
02:38:14.56200,1921.500,1
02:38:16.32800,1921.750,2
02:38:16.92500,1921.500,1
02:38:17.64000,1921.750,5
02:38:20.03500,1921.500,162
02:38:22.12100,1921.750,101
02:38:22.17900,1921.500,5
02:38:22.47200,1921.500,1
02:38:22.59700,1921.750,2
02:38:22.73400,1921.750,14
02:38:24.32800,1921.500,1
02:38:28.33500,1921.500,4
02:38:28.41700,1921.500,2
02:38:29.25700,1921.500,1
02:38:29.74600,1921.500,37
02:38:30.19100,1921.500,4
02:38:30.82400,1921.500,12
02:38:31.07000,1921.250,1
02:38:31.19100,1921.500,2
02:38:33.71400,1921.500,6
02:38:34.23800,1921.500,10
02:38:38.60500,1921.500,1
02:38:39.51900,1921.500,3
02:38:43.66700,1921.750,23
02:38:43.82400,1922.000,1
02:38:44.38600,1922.000,31
02:38:47.13600,1922.000,20
02:38:47.25000,1921.750,1
02:38:47.70700,1922.000,10
02:38:49.77700,1922.000,4
02:38:51.41700,1922.000,8
02:38:55.91700,1922.000,1
02:38:57.38600,1922.000,1
02:38:58.54600,1922.000,6
02:39:01.44900,1922.000,5
02:39:07.88600,1922.000,1
02:39:08.62100,1922.000,10
02:39:09.69500,1922.000,4
02:39:09.90600,1922.000,7
02:39:11.82400,1922.250,7
02:39:12.04200,1922.250,2
02:39:20.20300,1922.000,18
02:39:23.18300,1922.000,1
02:39:23.75300,1922.000,14
02:39:27.96800,1922.000,18
02:39:28.20300,1922.000,4
02:39:37.65200,1922.000,1
02:39:39.19900,1922.000,1
02:39:42.74600,1921.750,2
02:39:44.28900,1922.000,1
02:39:46.02300,1922.000,25
02:39:49.02700,1922.000,1
02:39:49.25000,1922.000,11
02:39:49.85500,1922.000,1
02:39:53.44100,1922.000,1
02:39:54.95300,1921.750,5
02:39:56.32800,1921.750,12
02:39:56.42100,1921.750,11
02:40:04.09700,1922.000,10
02:40:04.48000,1922.000,23
02:40:04.71800,1922.000,1
02:40:05.34300,1922.000,4
02:40:06.42500,1922.000,1
02:40:08.83500,1922.000,45
02:40:09.14800,1921.750,6
02:40:11.78100,1921.750,1
02:40:12.17900,1921.750,22
02:40:12.62800,1921.750,2
02:40:12.84700,1921.750,10
02:40:13.01900,1921.750,1
02:40:14.80400,1921.500,4
02:40:16.58900,1921.500,1
02:40:18.05000,1921.750,2
02:40:18.87100,1921.500,2
02:40:23.31600,1921.750,54
02:40:24.32800,1921.750,6
02:40:24.96400,1921.750,3
02:40:27.26100,1921.750,19
02:40:38.84700,1921.750,14
02:40:40.20300,1921.750,4
02:40:40.82800,1921.750,11
02:40:43.58500,1921.750,8
02:40:45.00300,1921.750,4
02:40:50.14800,1921.750,5
02:40:52.58500,1921.750,16
02:40:58.17900,1921.750,23
02:40:59.69100,1921.750,2
02:41:05.80000,1921.750,3
02:41:07.77700,1922.000,61
02:41:12.55000,1921.750,123
02:41:12.61700,1921.750,1
02:41:13.75700,1921.750,1
02:41:15.32400,1922.000,2
02:41:20.00700,1921.750,5
02:41:20.38600,1921.750,4
02:41:26.55800,1922.000,18
02:41:28.74600,1922.000,12
02:41:29.78900,1922.000,24
02:41:31.19500,1921.750,1
02:41:33.69100,1922.000,2
02:41:41.48000,1922.000,4
02:41:42.10100,1921.750,1
02:41:44.30400,1922.000,1
02:41:48.42900,1922.000,6
02:41:53.17100,1922.000,15
02:41:55.91000,1922.250,22
02:42:00.30400,1922.250,59
02:42:00.73400,1922.250,3
02:42:02.89000,1922.000,1
02:42:04.23000,1922.250,6
02:42:09.24200,1922.500,1
02:42:09.63200,1922.500,2
02:42:12.88600,1922.500,1
02:42:16.03100,1922.250,37
02:42:17.05400,1922.000,1
02:42:31.20700,1922.250,8
02:42:37.42100,1922.250,18
02:42:38.30800,1922.250,11
02:42:43.90200,1922.250,2
02:42:45.65200,1922.000,1
02:42:48.70300,1922.250,35
02:42:50.58900,1922.250,1
02:42:52.62500,1922.000,2
02:42:53.51500,1922.000,1
02:42:53.94100,1922.000,5
02:42:59.53100,1922.000,33
02:43:01.45300,1921.750,20
02:43:03.19900,1921.750,4
02:43:09.23800,1921.750,1
02:43:11.31200,1922.000,26
02:43:11.48000,1922.000,16
02:43:15.34300,1922.000,1
02:43:18.68700,1921.750,5
02:43:21.21400,1922.000,4
02:43:21.78900,1921.750,35
02:43:22.44100,1922.250,317
02:43:22.60500,1922.250,42
02:43:24.67900,1922.250,15
02:43:24.84700,1922.250,31
02:43:24.92900,1922.500,4
02:43:25.53500,1922.250,1
02:43:29.67500,1922.250,10
02:43:29.80400,1922.250,3
02:43:31.15200,1922.000,1
02:43:32.83500,1922.250,2
02:43:45.00300,1922.250,10
02:43:48.30800,1922.250,5
02:43:49.95300,1922.250,31
02:43:50.72200,1922.250,5
02:43:57.00000,1922.500,56
02:43:57.12100,1922.750,4
02:43:57.57800,1922.750,1
02:43:58.48800,1922.750,20
02:44:02.54200,1922.750,33
02:44:09.03100,1922.500,1
02:44:13.01900,1922.750,10
02:44:14.53100,1922.750,2
02:44:18.27700,1922.750,10
02:44:23.80400,1922.750,6
02:44:24.40200,1922.750,62
02:44:27.44100,1922.750,1
02:44:28.01900,1922.750,1
02:44:29.94500,1922.750,3
02:44:30.76900,1922.750,84
02:44:31.40200,1922.750,3
02:44:31.75700,1922.750,3
02:44:32.35500,1922.750,1
02:44:32.59300,1922.750,2
02:44:32.97200,1922.750,7
02:44:33.32400,1922.500,5
02:44:34.85500,1922.500,22
02:44:41.81600,1922.500,1
02:44:42.51900,1922.750,1
02:44:44.26900,1922.500,26
02:44:44.75300,1922.750,5
02:44:46.85100,1922.750,6
02:44:48.94900,1922.750,12
02:44:49.28900,1922.750,3
02:44:49.39800,1922.500,1
02:44:50.41000,1922.500,51
02:44:50.69900,1922.500,25
02:44:52.07800,1922.500,3
02:44:54.78500,1922.500,2
02:45:01.66000,1922.500,27
02:45:08.51100,1922.250,14
02:45:09.22600,1922.500,1
02:45:16.55400,1922.500,2
02:45:21.23400,1922.500,10
02:45:23.44100,1922.500,2
02:45:23.73400,1922.250,8
02:45:29.62100,1922.000,28
02:45:33.28900,1922.250,22
02:45:33.67500,1922.250,11
02:45:34.37800,1922.250,3
02:45:35.38600,1922.250,9
02:45:47.68700,1922.500,44
02:46:03.42100,1922.500,27
02:46:03.76900,1922.500,2
02:46:08.12100,1922.500,1
02:46:11.58200,1922.500,18
02:46:11.96800,1922.500,1
02:46:13.10100,1922.500,1
02:46:13.77700,1922.500,9
02:46:14.05800,1922.500,4
02:46:15.22200,1922.750,2
02:46:17.09700,1922.500,18
02:46:17.55800,1922.750,2
02:46:27.02300,1922.750,22
02:46:27.58500,1922.750,14
02:46:31.10500,1923.000,2
02:46:32.94100,1922.750,7
02:46:33.57800,1922.750,6
02:46:34.03900,1922.750,10
02:46:34.57400,1922.750,3
02:46:35.91000,1922.750,1
02:46:36.72200,1922.750,1
02:46:37.63600,1922.750,1
02:46:39.94100,1923.000,1
02:46:41.94900,1923.000,2
02:46:44.87100,1923.000,4
02:46:49.63600,1922.750,1
02:46:52.82400,1922.750,1
02:46:54.72200,1922.750,55
02:47:01.22200,1922.500,24
02:47:04.91700,1922.500,60
02:47:18.68700,1922.500,9
02:47:19.26900,1922.500,5
02:47:20.44500,1922.500,3
02:47:21.32000,1922.500,23
02:47:21.62100,1922.500,3
02:47:22.31600,1922.500,4
02:47:22.78500,1922.500,1
02:47:23.76500,1922.500,4
02:47:28.62800,1922.500,17
02:47:28.82800,1922.500,21
02:47:29.23400,1922.500,10
02:47:33.46800,1922.500,16
02:47:33.64000,1922.500,5
02:47:36.34300,1922.500,43
02:47:36.55400,1922.500,7
02:47:36.83500,1922.500,3
02:47:38.38600,1922.500,1
02:47:41.70700,1922.500,10
02:47:46.81200,1922.500,1
02:47:48.26100,1922.750,41
02:47:52.12800,1922.750,4
02:47:52.74600,1922.750,17
02:47:56.71800,1922.750,1
02:48:09.65600,1922.500,50
02:48:12.12100,1922.500,15
02:48:12.73000,1922.500,4
02:48:13.01100,1922.500,4
02:48:19.32400,1922.750,124
02:48:20.11700,1922.500,97
02:48:32.76500,1922.500,6
02:48:33.11300,1922.500,1
02:48:38.23800,1922.250,65
02:48:38.27700,1922.250,7
02:48:39.40200,1922.250,1
02:48:39.65600,1922.000,2
02:48:42.35900,1922.000,1
