03:00:00.07000,1917.250,0
03:00:00.18300,1917.500,24
03:00:00.45700,1917.250,29
03:00:00.95700,1917.000,20
03:00:01.09700,1917.000,8
03:00:01.36700,1917.000,1
03:00:01.82400,1917.000,23
03:00:02.19100,1917.000,1
03:00:02.76100,1917.000,16
03:00:03.32400,1916.500,130
03:00:03.63200,1916.750,4
03:00:03.75000,1916.500,2
03:00:05.16400,1916.750,42
03:00:06.47600,1916.500,16
03:00:06.73000,1916.500,34
03:00:07.12500,1916.500,1
03:00:07.39800,1916.500,1
03:00:07.67500,1916.500,1
03:00:08.48400,1916.250,42
03:00:08.63600,1916.500,8
03:00:08.75300,1916.500,1
03:00:08.82400,1916.250,2
03:00:10.25700,1916.750,79
03:00:10.60500,1917.000,8
03:00:10.64400,1917.000,11
03:00:10.69500,1917.000,6
03:00:10.86700,1916.750,1
03:00:10.94900,1916.750,1
03:00:11.10500,1917.000,2
03:00:11.58900,1917.000,17
03:00:11.71400,1917.000,30
03:00:13.33200,1917.000,43
03:00:14.00700,1917.250,1
03:00:14.36700,1917.000,11
03:00:14.88200,1917.000,38
03:00:15.05000,1917.000,29
03:00:15.06200,1917.000,1
03:00:15.58500,1917.000,1
03:00:15.66000,1917.000,1
03:00:16.74200,1917.000,1
03:00:17.30800,1917.000,4
03:00:17.39400,1917.000,2
03:00:17.68300,1916.750,1
03:00:18.33500,1916.750,1
03:00:18.58200,1917.000,23
03:00:18.89800,1917.000,1
03:00:20.13200,1917.000,8
03:00:20.22200,1917.000,17
03:00:22.08900,1916.750,37
03:00:22.28100,1916.750,21
03:00:22.66400,1916.750,14
03:00:22.80000,1916.500,1
03:00:23.05800,1916.750,5
03:00:24.37500,1916.750,2
03:00:24.71000,1916.500,3
03:00:24.86700,1916.500,7
03:00:25.00300,1916.500,3
03:00:25.05400,1916.500,1
03:00:25.73800,1916.500,1
03:00:26.33500,1916.750,8
03:00:26.66700,1916.750,9
03:00:27.03900,1916.750,11
03:00:27.23400,1916.750,2
03:00:27.37100,1916.750,7
03:00:28.44500,1916.750,1
03:00:29.01900,1916.500,2
03:00:29.33200,1916.500,21
03:00:29.47200,1916.500,10
03:00:34.55000,1916.500,2
03:00:34.93700,1916.750,49
03:00:35.54600,1917.000,32
03:00:37.03900,1917.000,10
03:00:37.42100,1917.000,2
03:00:40.60900,1917.250,26
03:00:40.76100,1917.250,1
03:00:42.02700,1917.250,1
03:00:42.85900,1917.250,2
03:00:43.33900,1917.250,8
03:00:43.77700,1917.250,3
03:00:44.02300,1917.250,1
03:00:46.30000,1917.250,2
03:00:46.40200,1917.250,8
03:00:48.05800,1917.500,1
03:00:49.56600,1917.500,1
03:00:49.71800,1917.500,16
03:00:51.95300,1917.500,1
03:00:52.69500,1917.750,1
03:00:53.40200,1917.750,39
03:00:53.49200,1917.750,4
03:00:53.74600,1917.750,1
03:00:54.28100,1917.750,1
03:00:54.96000,1917.750,1
03:00:55.41000,1917.750,12
03:00:55.48000,1917.750,2
03:00:56.16000,1917.750,17
03:00:56.41700,1917.750,13
03:00:57.14800,1917.500,37
03:00:58.28100,1917.750,1
03:00:58.64400,1917.750,30
03:00:59.17900,1918.000,2
03:00:59.60100,1917.750,13
03:01:00.46000,1917.750,10
03:01:01.11300,1917.500,9
03:01:01.81600,1917.500,11
03:01:02.15200,1917.500,15
03:01:02.41700,1917.500,13
03:01:02.53900,1917.500,2
03:01:03.46800,1917.500,1
03:01:04.27700,1917.250,8
03:01:04.38200,1917.250,4
03:01:05.19100,1917.250,8
03:01:06.11700,1917.250,19
03:01:07.31200,1917.250,3
03:01:07.39400,1917.500,4
03:01:10.06600,1917.500,45
03:01:10.71400,1917.500,5
03:01:11.73000,1917.500,12
03:01:12.73800,1917.500,1
03:01:13.11700,1917.250,1
03:01:13.57800,1917.250,6
03:01:13.75700,1917.250,4
03:01:16.49200,1917.500,33
03:01:18.83500,1917.750,18
03:01:20.05800,1917.750,10
03:01:20.24600,1917.750,21
03:01:20.35100,1917.750,3
03:01:21.75300,1917.750,1
03:01:26.17100,1917.750,1
03:01:26.48000,1917.750,18
03:01:26.85500,1917.500,28
03:01:27.63200,1917.500,15
03:01:30.10100,1917.250,49
03:01:31.51500,1917.250,39
03:01:31.79200,1917.500,1
03:01:33.38600,1917.500,10
03:01:33.89000,1917.500,6
03:01:35.32000,1917.500,1
03:01:36.52700,1917.500,4
03:01:37.79600,1917.500,1
03:01:38.79200,1917.750,17
03:01:39.50300,1917.750,4
03:01:40.08500,1917.750,2
03:01:41.03500,1917.750,10
03:01:41.89000,1917.750,16
03:01:42.13200,1917.750,1
03:01:42.13600,1917.750,4
03:01:43.59300,1917.750,10
03:01:44.73800,1917.500,3
03:01:45.25000,1917.750,34
03:01:46.15200,1918.000,36
03:01:46.96400,1918.250,42
03:01:47.07800,1918.250,2
03:01:47.21800,1918.250,12
03:01:47.31200,1918.250,7
03:01:47.50000,1918.250,2
03:01:48.44500,1918.250,12
03:01:48.65600,1918.000,4
03:01:48.85500,1918.000,2
03:01:49.06600,1918.250,2
03:01:50.17900,1918.000,3
03:01:50.85100,1918.000,3
03:01:51.96000,1918.000,29
03:01:54.03500,1918.000,10
03:01:55.21400,1918.000,2
03:01:57.14400,1918.250,21
03:01:59.10900,1918.250,1
03:02:01.39800,1918.000,12
03:02:03.51500,1918.000,1
03:02:03.62800,1918.000,9
03:02:04.05000,1917.750,12
03:02:04.83200,1917.500,24
03:02:05.05400,1917.500,13
03:02:05.69100,1917.500,13
03:02:06.16700,1917.500,3
03:02:07.33200,1917.500,1
03:02:08.03900,1917.750,17
03:02:11.43700,1917.750,3
03:02:11.74600,1917.750,14
03:02:12.31200,1917.500,14
03:02:12.52700,1917.750,5
03:02:13.70300,1917.750,8
03:02:14.40600,1917.750,9
03:02:15.94900,1918.000,14
03:02:17.32000,1918.000,9
03:02:17.67100,1918.250,1
03:02:17.97200,1918.000,7
03:02:18.30400,1918.000,10
03:02:19.61700,1918.000,3
03:02:19.87100,1918.250,3
03:02:20.69100,1918.250,19
03:02:21.01900,1918.500,17
03:02:21.96000,1918.250,1
03:02:22.17900,1918.250,1
03:02:22.39400,1918.250,1
03:02:22.58500,1918.250,10
03:02:23.00300,1918.250,7
03:02:23.37800,1918.250,1
03:02:24.92100,1918.000,22
03:02:29.08900,1917.750,36
03:02:29.28100,1917.750,5
03:02:29.73000,1917.750,23
03:02:30.82400,1918.000,56
03:02:31.14400,1918.000,4
03:02:32.16000,1918.250,1
03:02:33.07400,1918.000,2
03:02:33.38600,1918.250,8
03:02:34.58900,1918.250,8
03:02:35.00000,1918.000,1
03:02:35.15600,1918.250,1
03:02:36.17900,1918.250,13
03:02:37.04200,1918.250,6
03:02:40.10100,1918.000,1
03:02:40.33500,1918.000,10
03:02:40.87500,1918.000,1
03:02:42.78100,1918.000,11
03:02:43.37800,1917.750,2
03:02:44.11700,1917.750,10
03:02:46.93300,1917.250,115
03:02:47.16700,1917.250,1
03:02:47.80400,1917.250,1
03:02:48.01500,1917.250,2
03:02:50.18300,1917.250,11
03:02:50.70700,1917.500,4
03:02:53.21800,1917.750,45
03:02:53.42500,1917.750,3
03:02:56.44900,1917.750,2
03:02:57.37500,1917.750,14
03:02:57.85100,1917.750,8
03:02:58.36700,1917.750,13
03:03:03.83900,1918.000,46
03:03:04.08200,1918.250,1
03:03:05.24200,1918.000,21
03:03:06.07400,1918.000,1
03:03:06.84300,1917.750,4
03:03:07.25700,1917.750,4
03:03:07.49200,1917.750,2
03:03:08.27300,1917.750,3
03:03:08.72600,1917.750,4
03:03:11.69100,1918.000,34
03:03:12.11300,1918.000,1
03:03:12.97200,1918.000,7
03:03:14.89800,1918.000,13
03:03:15.32800,1917.750,2
03:03:16.43300,1917.750,3
03:03:17.94100,1917.750,15
03:03:19.90600,1917.500,1
03:03:21.71000,1917.500,9
03:03:24.36700,1917.250,18
03:03:24.59300,1917.000,1
03:03:25.76900,1917.000,1
03:03:26.40600,1917.250,1
03:03:27.42900,1917.000,26
03:03:29.47200,1916.750,24
03:03:29.66400,1917.000,4
03:03:30.00000,1916.750,1
03:03:30.63600,1916.750,1
03:03:31.33200,1916.750,16
03:03:31.93700,1916.750,9
03:03:32.06600,1916.750,10
03:03:32.55400,1916.750,22
03:03:32.64800,1916.750,1
03:03:33.48400,1916.750,4
03:03:33.66400,1916.750,3
03:03:34.00000,1916.750,3
03:03:35.22600,1916.750,14
03:03:35.68300,1916.750,1
03:03:36.60100,1916.750,22
03:03:37.33500,1916.750,3
03:03:37.77700,1916.750,1
03:03:38.61300,1916.750,1
03:03:41.38200,1916.500,131
03:03:41.56200,1916.500,5
03:03:42.90600,1916.500,6
03:03:43.12100,1916.500,2
03:03:44.49200,1916.500,1
03:03:45.59300,1916.500,1
03:03:51.01100,1916.500,11
03:03:51.55000,1916.250,4
03:03:52.17500,1916.500,1
03:03:52.50300,1916.500,1
03:03:52.58500,1916.500,1
03:03:52.96400,1916.500,5
03:03:53.27700,1916.500,6
03:03:55.56600,1916.750,35
03:03:55.62800,1916.750,3
03:03:56.12100,1916.500,15
03:03:56.41400,1916.750,12
03:03:56.60500,1916.750,3
03:03:56.94100,1916.750,3
03:04:00.57400,1917.000,86
03:04:01.17900,1917.000,19
03:04:03.80800,1916.750,39
03:04:05.68300,1917.000,16
03:04:06.28500,1916.750,2
03:04:08.83500,1917.000,1
03:04:09.37500,1916.750,2
03:04:09.46000,1916.750,1
03:04:10.28100,1917.000,10
03:04:13.86300,1916.750,14
03:04:14.32000,1916.750,27
03:04:15.19500,1916.500,1
03:04:16.63200,1916.500,4
03:04:17.78900,1916.750,7
03:04:19.12100,1916.500,26
03:04:19.35900,1916.500,4
03:04:20.48400,1916.500,8
03:04:21.83200,1916.500,6
03:04:22.76100,1916.500,8
03:04:23.25300,1916.500,15
03:04:24.69900,1916.500,4
03:04:25.29600,1916.750,1
03:04:28.45300,1916.500,2
03:04:29.39400,1916.750,10
03:04:33.47200,1916.500,1
03:04:33.62100,1916.750,4
03:04:34.08900,1916.750,1
03:04:36.22600,1916.500,18
03:04:37.61300,1916.750,7
03:04:38.51900,1917.000,22
03:04:38.62500,1917.000,6
03:04:39.54200,1917.000,6
03:04:41.07000,1917.000,3
03:04:42.02700,1917.000,1
03:04:44.23400,1917.250,2
03:04:46.31200,1917.250,1
03:04:46.44500,1917.250,22
03:04:46.85500,1917.250,1
03:04:52.33200,1917.500,21
03:04:53.18300,1917.500,5
03:04:53.42100,1917.750,1
03:04:54.95700,1917.500,2
03:04:55.40200,1917.750,12
03:04:55.73800,1917.750,2
03:04:59.51100,1917.750,11
03:05:00.37100,1917.500,53
03:05:00.69900,1917.500,1
03:05:01.25700,1917.500,4
03:05:01.63600,1917.500,53
03:05:02.08200,1917.500,4
03:05:03.89800,1917.500,11
03:05:04.71000,1917.500,7
03:05:06.13600,1917.500,8
03:05:06.93300,1917.500,1
03:05:07.25300,1917.250,1
03:05:10.17900,1917.500,2
03:05:13.54600,1917.500,1
03:05:13.74600,1917.750,20
03:05:14.36700,1917.750,17
03:05:15.39000,1917.500,1
03:05:15.75000,1917.750,6
03:05:15.80800,1918.000,13
03:05:16.05000,1917.750,1
03:05:20.19100,1917.750,1
03:05:20.97200,1917.750,23
03:05:22.17900,1917.750,16
03:05:25.23400,1917.750,6
03:05:28.08900,1917.750,85
03:05:28.63600,1917.500,32
03:05:29.26500,1917.500,3
03:05:29.47600,1917.500,13
03:05:33.81200,1917.250,50
03:05:34.45700,1917.500,1
03:05:37.92100,1917.250,22
03:05:40.41400,1917.250,7
03:05:40.86300,1917.250,3
03:05:44.08500,1917.500,7
03:05:45.08200,1917.250,18
03:05:45.41400,1917.500,1
03:05:46.66400,1917.500,1
03:05:47.23400,1917.500,14
03:05:47.32000,1917.500,1
03:05:48.67100,1917.500,5
03:05:49.17100,1917.500,13
03:05:49.49600,1917.750,1
03:05:50.55800,1917.750,16
03:05:51.17100,1917.750,21
03:05:51.57000,1917.750,10
03:05:52.29600,1917.750,2
03:05:53.16000,1918.000,36
03:05:53.16400,1918.000,29
03:05:54.53500,1918.250,40
03:05:54.66700,1918.250,6
03:05:55.11300,1918.250,52
03:05:55.19500,1918.250,2
03:05:55.44500,1918.500,1
03:05:55.59300,1918.250,8
03:05:55.83200,1918.250,8
03:05:56.21800,1918.500,2
03:05:56.83500,1918.250,35
03:05:57.38600,1918.500,1
03:05:58.00000,1918.250,3
03:05:58.45300,1918.500,3
03:05:59.60500,1918.500,17
03:06:00.80400,1919.250,427
03:06:01.08200,1919.000,131
03:06:01.46800,1919.250,1
03:06:01.86700,1919.250,37
03:06:01.94500,1919.250,7
03:06:02.04200,1919.500,4
03:06:03.12100,1919.250,1
03:06:03.38200,1919.250,16
03:06:03.58200,1919.250,9
03:06:03.62500,1919.250,1
03:06:03.84300,1919.250,1
03:06:04.33900,1919.250,1
03:06:05.08200,1919.250,1
03:06:05.84700,1919.500,50
03:06:06.07800,1919.250,56
03:06:06.18300,1919.250,2
03:06:08.58900,1919.250,1
03:06:08.78500,1919.000,22
03:06:09.10100,1918.750,3
03:06:09.15600,1919.000,3
03:06:09.33200,1919.250,22
03:06:09.60500,1919.250,33
03:06:09.69100,1919.250,7
03:06:09.71400,1919.250,4
03:06:10.12500,1919.500,35
03:06:10.30400,1919.500,5
03:06:10.95700,1919.750,12
03:06:11.11300,1919.500,36
03:06:11.61300,1919.500,2
03:06:12.41700,1919.250,3
03:06:12.60900,1919.500,1
03:06:13.75000,1919.500,79
03:06:13.76900,1919.250,1
03:06:13.96400,1919.250,8
03:06:14.67500,1919.250,3
03:06:14.79200,1919.000,1
03:06:15.09700,1919.250,11
03:06:15.30800,1919.500,15
03:06:15.57000,1919.500,2
03:06:16.13200,1919.750,4
03:06:16.49200,1919.500,1
03:06:17.12500,1919.750,1
03:06:17.28100,1919.750,25
03:06:17.60500,1919.750,4
03:06:18.30800,1919.750,2
03:06:19.12100,1919.750,24
03:06:19.87100,1919.750,24
03:06:19.93300,1919.750,7
03:06:20.14800,1919.750,8
03:06:20.94100,1919.500,39
03:06:21.34300,1919.500,10
03:06:23.92900,1919.500,3
03:06:25.69100,1919.750,83
03:06:25.80400,1919.750,5
03:06:26.55000,1920.500,315
03:06:26.81600,1920.750,111
03:06:26.81600,1920.750,8
03:06:26.97200,1920.750,71
03:06:27.14000,1920.500,14
03:06:27.32800,1920.500,1
03:06:27.66000,1920.500,1
03:06:27.78100,1920.500,1
03:06:27.83200,1920.500,3
03:06:28.07400,1920.500,8
03:06:28.18700,1920.750,1
03:06:28.30800,1920.500,2
03:06:28.42100,1920.500,2
03:06:28.78900,1920.500,1
03:06:28.92500,1920.500,1
03:06:29.24600,1920.250,15
03:06:29.38200,1920.250,14
03:06:30.17500,1920.500,1
03:06:30.38600,1920.500,19
03:06:31.08500,1920.500,4
03:06:31.31200,1920.750,30
03:06:31.37800,1920.500,1
03:06:31.55000,1920.500,28
03:06:32.75000,1920.500,56
03:06:32.94100,1920.500,1
03:06:33.28900,1920.500,5
03:06:33.41000,1920.500,26
03:06:33.53500,1920.500,8
03:06:35.07000,1920.500,12
03:06:35.70700,1920.500,13
03:06:37.14800,1920.250,19
03:06:37.92900,1920.000,55
03:06:38.13600,1920.000,5
03:06:38.79200,1920.000,25
03:06:39.14800,1920.250,19
03:06:40.08500,1920.500,34
03:06:40.18700,1920.500,11
03:06:40.19500,1920.500,6
03:06:40.37500,1920.500,2
03:06:40.78500,1920.500,1
03:06:41.47200,1920.750,1
03:06:41.92900,1920.500,5
03:06:42.03100,1920.500,1
03:06:42.54600,1920.750,8
03:06:42.84300,1920.750,1
03:06:43.29600,1920.750,9
03:06:43.82000,1920.750,6
03:06:44.62100,1920.750,1
03:06:44.83200,1921.250,107
03:06:44.96000,1921.000,110
03:06:45.10100,1921.000,53
03:06:45.58900,1921.000,8
03:06:45.65600,1921.000,8
03:06:46.02300,1921.000,2
03:06:46.66000,1921.000,2
03:06:47.72600,1921.000,19
03:06:47.79600,1921.000,2
03:06:48.41700,1921.000,7
03:06:48.80800,1921.000,2
03:06:49.22600,1921.000,1
03:06:49.46400,1921.000,1
03:06:49.80800,1921.000,14
03:06:50.90600,1921.000,1
03:06:51.23400,1921.250,3
03:06:51.31200,1921.000,20
03:06:51.64400,1921.000,30
03:06:51.80400,1920.750,9
03:06:52.43700,1921.000,41
03:06:52.44500,1921.000,5
03:06:53.32400,1921.000,2
03:06:53.62800,1921.000,7
03:06:54.02700,1921.000,1
03:06:54.51500,1920.750,1
03:06:55.01100,1921.000,8
03:06:55.54600,1921.000,3
03:06:55.64800,1921.000,1
03:06:55.82400,1921.000,3
03:06:56.20700,1921.000,2
03:06:56.57800,1921.250,3
03:06:56.74200,1921.000,1
03:06:57.05400,1921.000,1
03:06:57.25300,1920.750,1
03:06:57.71800,1920.750,5
03:06:57.87800,1921.000,6
03:06:59.13200,1920.750,2
03:06:59.21000,1920.750,9
03:06:59.47600,1920.750,11
03:06:59.85500,1920.750,2
03:07:00.33900,1920.500,2
03:07:03.00000,1920.500,3
03:07:03.16400,1920.500,13
03:07:03.32800,1920.500,22
03:07:05.28500,1920.250,32
03:07:05.50700,1920.250,10
03:07:05.85900,1920.000,7
03:07:06.19500,1920.250,31
03:07:06.67100,1920.500,21
03:07:06.83900,1920.500,4
03:07:07.59700,1920.500,5
03:07:08.22200,1920.500,13
03:07:08.37800,1920.500,5
03:07:09.21000,1920.500,1
03:07:10.24600,1920.500,5
03:07:10.32400,1920.500,11
03:07:12.37100,1920.750,27
03:07:12.62800,1920.750,25
03:07:13.10500,1920.500,6
03:07:14.09300,1920.750,12
03:07:14.28900,1920.750,1
03:07:14.86300,1920.750,2
03:07:15.31600,1921.000,31
03:07:15.37800,1921.000,7
03:07:16.30800,1921.250,1
03:07:16.75000,1921.250,2
03:07:18.01100,1921.250,16
03:07:18.32400,1921.250,3
03:07:19.49200,1921.000,71
03:07:19.53900,1921.000,7
03:07:20.24600,1921.250,1
03:07:20.51500,1921.250,1
03:07:20.93300,1921.250,7
03:07:21.61700,1921.250,9
03:07:21.88200,1921.250,19
03:07:21.95700,1921.250,7
03:07:22.21800,1921.250,7
03:07:23.67900,1921.250,2
03:07:24.58900,1921.000,32
03:07:25.55400,1921.250,2
03:07:26.05800,1921.250,13
03:07:27.05800,1921.000,11
03:07:27.48000,1921.000,6
03:07:27.62500,1921.000,8
03:07:29.39000,1921.000,15
03:07:30.32800,1921.000,15
03:07:31.21000,1920.750,17
03:07:32.67500,1921.000,1
03:07:33.40200,1921.000,14
03:07:33.74200,1921.000,20
03:07:33.94900,1921.000,12
03:07:35.03500,1921.000,31
03:07:36.92500,1921.500,40
03:07:37.01900,1921.250,118
03:07:37.90600,1921.250,26
03:07:38.10900,1921.250,2
03:07:41.76100,1921.250,12
03:07:42.52700,1921.250,20
03:07:43.27300,1921.250,8
03:07:44.61300,1921.250,22
03:07:45.03900,1921.250,13
03:07:46.15200,1921.750,27
03:07:46.45700,1921.500,1
03:07:46.58900,1921.500,53
03:07:47.03900,1921.500,11
03:07:47.25700,1921.500,2
03:07:48.12800,1921.500,12
03:07:48.63600,1921.500,6
03:07:49.17900,1921.500,3
03:07:50.32400,1921.500,4
03:07:51.86300,1921.500,15
03:07:52.25000,1921.500,7
03:07:54.14000,1921.500,20
03:07:54.24200,1921.500,4
03:07:54.32800,1921.500,11
03:07:54.62500,1921.500,8
03:07:55.19100,1921.500,1
03:07:56.16700,1921.500,20
03:07:56.88600,1921.500,3
03:07:59.40200,1921.250,52
03:07:59.47200,1921.250,11
03:08:02.19900,1921.000,36
03:08:02.26900,1921.000,25
03:08:03.06600,1921.000,2
03:08:03.89800,1921.000,284
03:08:04.13600,1921.000,19
03:08:04.57800,1920.750,82
03:08:05.38200,1921.000,15
03:08:05.73800,1920.750,14
03:08:06.88200,1920.500,30
03:08:07.03100,1920.250,1
03:08:07.40200,1920.500,35
03:08:07.94100,1920.250,2
03:08:08.63600,1920.500,3
03:08:09.02300,1920.500,4
03:08:09.50700,1920.500,31
03:08:11.41700,1920.500,4
03:08:11.69100,1920.250,41
03:08:11.72200,1920.500,5
03:08:12.49200,1920.250,24
03:08:14.84300,1920.250,1
03:08:15.36700,1920.250,1
03:08:15.95700,1920.000,20
03:08:16.14800,1920.000,1
03:08:16.60900,1920.000,5
03:08:16.85100,1920.000,6
03:08:17.42500,1920.000,1
03:08:17.65200,1919.750,9
03:08:19.36700,1920.000,1
03:08:19.71400,1920.000,22
03:08:20.44900,1920.250,47
03:08:22.46800,1920.250,60
03:08:22.75700,1920.250,10
03:08:23.13600,1920.250,3
03:08:24.07800,1920.500,1
03:08:25.58900,1920.250,24
03:08:25.59300,1920.250,4
03:08:25.73000,1920.250,36
03:08:25.82400,1920.250,3
03:08:28.12500,1920.250,1
03:08:28.95700,1920.500,31
03:08:29.41000,1920.750,1
03:08:30.10900,1920.250,10
03:08:30.60500,1920.500,22
03:08:31.44500,1920.500,3
03:08:32.68300,1920.500,7
03:08:32.86700,1920.500,1
03:08:34.03100,1920.500,5
03:08:35.86300,1920.250,70
03:08:37.41400,1920.250,1
03:08:38.01100,1920.500,7
03:08:39.14000,1920.750,14
03:08:39.53900,1920.750,22
03:08:40.17500,1921.000,1
03:08:41.42100,1921.000,11
03:08:41.62500,1921.250,1
03:08:41.93300,1921.250,22
03:08:42.72200,1921.500,26
03:08:42.88200,1921.250,40
03:08:43.19500,1921.250,2
03:08:43.50700,1921.000,37
03:08:46.41700,1921.000,8
03:08:47.69100,1921.000,40
03:08:48.87800,1921.000,12
03:08:49.84700,1921.000,16
03:08:50.01500,1921.000,7
03:08:50.55400,1920.750,16
03:08:50.69500,1920.750,3
03:08:52.51100,1920.750,5
03:08:52.80400,1920.750,9
03:08:54.96400,1920.750,1
03:08:55.10100,1921.000,13
03:08:55.37500,1921.000,7
03:08:55.60900,1921.250,1
03:08:58.71800,1921.500,22
03:08:59.00300,1921.500,34
03:09:00.10100,1921.500,23
03:09:00.29600,1921.500,3
03:09:00.37800,1921.750,1
03:09:01.08900,1921.500,1
03:09:01.58900,1921.500,19
03:09:02.05800,1921.500,15
03:09:02.48000,1921.500,1
03:09:03.86700,1921.500,15
03:09:04.29600,1921.750,1
03:09:04.38600,1921.500,1
03:09:04.76900,1921.500,30
03:09:04.90200,1921.500,2
03:09:05.39400,1921.500,2
03:09:05.64000,1921.500,5
03:09:06.09300,1921.500,1
03:09:06.37500,1921.250,19
03:09:06.60500,1921.250,1
03:09:06.68700,1921.500,20
03:09:07.27700,1921.250,9
03:09:07.35500,1921.250,1
03:09:09.12800,1921.000,14
03:09:09.28900,1921.000,1
03:09:09.51900,1921.000,1
03:09:09.59700,1921.000,2
03:09:09.75700,1921.250,14
03:09:09.93000,1921.000,9
03:09:10.42100,1921.000,5
03:09:11.81600,1921.250,11
03:09:12.00700,1921.250,7
03:09:12.09300,1921.250,3
03:09:12.22200,1921.250,1
03:09:12.95300,1921.250,13
03:09:15.50300,1921.250,9
03:09:15.64400,1921.250,1
03:09:15.91400,1921.250,1
03:09:16.12800,1921.250,29
03:09:16.23800,1921.250,10
03:09:16.68700,1921.500,1
03:09:17.26500,1921.000,120
03:09:17.27700,1921.000,18
03:09:18.35500,1921.000,1
03:09:19.31200,1921.250,61
03:09:19.45700,1921.500,17
03:09:20.01900,1921.750,2
03:09:20.31600,1921.750,3
03:09:20.52300,1921.500,5
03:09:21.68300,1921.750,10
03:09:22.76900,1921.500,13
03:09:23.20700,1921.500,1
03:09:23.79600,1921.750,27
03:09:24.44900,1921.750,5
03:09:24.64000,1921.500,1
03:09:24.81200,1921.500,6
03:09:24.94100,1921.500,43
03:09:25.13200,1921.250,12
03:09:25.36700,1921.250,2
03:09:26.16400,1921.750,1
03:09:27.41700,1921.750,1
03:09:27.65600,1921.750,3
03:09:28.00700,1921.750,3
03:09:28.39400,1921.750,1
03:09:29.17500,1922.000,8
03:09:29.39000,1922.000,83
03:09:29.48000,1922.000,14
03:09:29.73400,1922.000,1
03:09:30.42500,1921.750,8
03:09:33.37800,1921.500,20
03:09:33.57800,1921.500,1
03:09:34.68300,1921.500,8
03:09:35.36700,1921.500,1
03:09:35.82400,1921.500,13
03:09:36.12500,1921.500,6
03:09:36.90600,1921.750,13
03:09:42.14400,1921.750,1
03:09:42.34700,1921.750,3
03:09:42.43700,1921.750,4
03:09:42.77700,1922.000,30
03:09:43.51100,1922.000,2
03:09:43.92500,1922.000,10
03:09:45.30800,1922.000,4
03:09:46.04200,1922.000,9
03:09:46.76900,1922.000,3
03:09:49.97200,1921.750,37
03:09:50.31600,1921.750,1
03:09:51.15600,1922.000,10
03:09:52.01500,1922.000,1
03:09:52.85100,1922.000,1
03:09:54.26900,1922.500,112
03:09:54.36700,1922.250,1
03:09:54.76100,1922.250,3
03:09:54.89400,1922.250,17
03:09:54.94100,1922.250,17
03:09:55.57800,1922.000,12
03:09:55.78100,1922.000,1
03:09:56.05400,1922.000,28
03:09:56.12500,1922.000,7
03:09:57.08900,1922.000,1
03:09:57.19900,1922.000,1
03:09:58.14000,1922.000,1
03:09:59.82000,1922.000,1
03:10:00.38200,1922.000,17
03:10:00.62800,1922.000,4
03:10:00.72200,1922.000,5
03:10:02.37800,1922.000,79
03:10:02.44900,1922.000,14
03:10:02.76100,1922.000,2
03:10:04.22200,1922.000,3
03:10:04.51900,1921.750,2
03:10:05.14000,1921.750,18
03:10:06.33900,1921.750,31
03:10:07.35900,1921.750,1
03:10:08.80800,1922.000,12
03:10:08.96400,1922.000,3
03:10:09.34300,1922.000,2
03:10:09.65200,1922.000,4
03:10:09.73000,1922.000,13
03:10:10.17100,1922.000,1
03:10:12.14800,1922.000,4
03:10:13.20700,1922.000,3
03:10:13.92900,1921.750,9
03:10:14.20700,1921.750,4
03:10:14.69900,1921.750,10
03:10:14.90200,1922.000,8
03:10:15.42900,1922.250,11
03:10:17.26900,1922.000,2
03:10:17.89400,1922.000,1
03:10:18.66000,1922.250,52
03:10:18.74200,1922.250,6
03:10:19.06600,1922.250,15
03:10:19.29600,1922.250,33
03:10:20.17500,1922.250,10
03:10:20.59700,1922.000,22
03:10:21.13600,1922.000,1
03:10:21.66700,1922.000,12
03:10:22.06200,1922.000,19
03:10:22.27300,1922.000,11
03:10:23.50000,1922.000,2
03:10:23.67900,1922.000,5
03:10:24.30400,1922.000,3
03:10:24.89800,1921.750,1
03:10:25.45700,1921.750,21
03:10:25.58200,1921.750,9
03:10:26.67900,1922.000,14
03:10:26.83900,1922.000,5
03:10:27.24200,1922.000,6
03:10:27.56600,1922.000,1
03:10:29.55800,1921.750,25
03:10:29.74600,1921.750,61
03:10:30.35100,1922.000,1
03:10:30.80400,1922.000,8
03:10:31.74600,1922.000,10
03:10:32.33500,1922.000,1
03:10:32.85500,1922.000,2
03:10:33.26100,1921.750,20
03:10:33.42500,1922.000,20
03:10:33.73000,1922.000,4
03:10:34.60500,1921.750,2
03:10:34.68700,1921.750,2
03:10:36.33900,1921.500,1
03:10:36.63600,1921.750,1
03:10:37.59300,1921.500,18
03:10:37.66000,1921.500,2
03:10:38.16700,1921.500,5
03:10:38.31600,1921.500,6
03:10:38.37800,1921.500,2
03:10:39.66700,1921.750,2
03:10:41.39800,1921.500,9
03:10:41.53900,1921.250,3
03:10:43.29200,1921.250,43
03:10:43.54200,1921.250,6
03:10:43.92100,1921.250,1
03:10:44.76100,1921.250,2
03:10:45.48400,1921.250,1
03:10:46.64400,1921.250,1
03:10:47.61700,1920.750,33
03:10:48.03100,1921.000,1
03:10:48.74600,1920.750,1
03:10:49.25700,1921.000,4
03:10:51.01100,1921.000,1
03:10:51.31600,1921.250,10
03:10:52.83200,1921.250,15
03:10:52.89800,1921.250,4
03:10:53.56600,1921.250,18
03:10:54.33900,1921.250,1
03:10:55.34300,1921.500,4
03:10:55.69500,1921.250,1
03:10:57.42100,1921.500,44
03:10:58.53500,1921.500,1
03:11:00.43300,1921.500,22
03:11:02.09700,1921.250,12
03:11:03.26100,1921.000,16
03:11:03.38200,1920.750,1
03:11:03.82000,1921.000,9
03:11:04.19500,1921.000,8
03:11:05.30400,1921.000,9
03:11:06.50700,1921.000,8
03:11:07.81200,1921.250,1
03:11:08.19100,1921.250,14
03:11:10.54600,1921.250,11
03:11:11.16000,1921.250,5
03:11:12.18300,1921.000,20
03:11:12.46800,1921.000,12
03:11:14.05800,1921.000,1
03:11:14.78900,1921.250,12
03:11:15.69100,1921.250,16
03:11:16.25000,1921.250,4
03:11:16.42900,1921.250,1
03:11:16.60500,1921.250,1
03:11:16.76900,1921.250,1
03:11:16.94100,1921.250,1
03:11:17.14400,1921.250,1
03:11:17.35500,1921.250,1
03:11:17.80000,1921.500,1
03:11:18.16700,1921.500,8
03:11:19.16400,1921.500,17
03:11:19.25300,1921.500,1
03:11:20.22600,1921.500,1
03:11:20.46000,1921.500,4
03:11:20.75300,1921.500,2
03:11:20.87500,1921.500,1
03:11:21.12800,1921.500,1
03:11:22.48800,1921.250,24
03:11:24.74200,1921.250,2
03:11:25.15600,1921.250,3
03:11:25.56600,1921.250,2
03:11:26.45300,1921.250,2
03:11:28.12100,1921.250,1
03:11:28.36700,1921.500,11
03:11:28.50700,1921.500,3
03:11:29.58500,1921.000,75
03:11:29.87500,1921.250,63
03:11:32.41700,1921.500,26
03:11:32.68300,1921.750,27
03:11:33.50700,1921.750,1
03:11:33.90200,1921.750,13
03:11:34.06200,1921.750,4
03:11:35.23000,1921.750,7
03:11:35.94900,1921.750,17
03:11:36.61700,1921.500,1
03:11:39.79600,1921.500,1
03:11:40.96400,1921.500,17
03:11:41.84300,1921.750,1
03:11:42.43300,1921.750,3
03:11:43.07400,1922.000,2
03:11:43.64000,1921.750,20
03:11:46.30400,1922.000,34
03:11:47.67500,1922.000,1
03:11:47.83200,1922.000,1
03:11:48.20300,1922.250,5
03:11:48.29600,1922.250,23
03:11:48.46800,1922.250,2
03:11:49.32400,1922.500,2
03:11:49.35100,1922.500,2
03:11:50.19100,1922.250,9
03:11:51.57000,1922.500,157
03:11:51.78100,1922.500,1
03:11:52.32400,1922.750,26
03:11:52.80800,1922.750,1
03:11:54.26100,1922.500,15
03:11:54.53500,1922.500,13
03:11:55.35500,1922.750,4
03:11:55.96400,1922.500,2
03:11:57.08900,1922.500,2
03:11:57.60500,1922.500,3
03:11:57.71400,1922.750,1
03:11:57.82400,1922.500,1
03:11:58.09700,1922.500,1
03:11:58.90200,1922.750,115
03:11:59.63600,1922.500,2
03:11:59.97200,1922.500,3
03:12:00.32800,1922.750,5
03:12:00.54200,1922.250,1
03:12:00.64800,1922.250,1
03:12:01.16700,1922.250,1
03:12:01.70700,1922.500,1
03:12:02.17100,1922.500,2
03:12:03.37100,1922.250,1
03:12:03.53500,1922.500,1
03:12:05.63200,1922.500,62
03:12:05.85100,1922.500,1
03:12:07.28900,1922.500,1
03:12:07.75000,1922.750,28
03:12:07.82800,1922.750,1
03:12:07.91000,1922.750,3
03:12:08.32800,1922.750,1
03:12:08.97200,1922.500,1
03:12:09.66400,1922.500,78
03:12:10.64800,1922.500,47
03:12:10.77300,1922.250,1
03:12:11.01100,1922.500,1
03:12:11.18700,1922.250,31
03:12:11.60900,1922.500,1
03:12:11.78100,1922.250,1
03:12:13.20700,1922.250,13
03:12:13.83200,1922.250,19
03:12:14.12800,1922.500,5
03:12:14.39800,1922.250,5
03:12:15.09300,1922.250,1
03:12:16.84300,1922.250,10
03:12:19.40600,1922.250,1
03:12:19.60900,1922.000,5
03:12:20.96400,1922.000,4
03:12:21.48800,1921.750,1
03:12:21.60500,1921.750,1
03:12:22.62500,1921.750,8
03:12:23.18700,1921.750,3
03:12:23.84700,1922.000,13
03:12:24.92900,1922.000,1
03:12:26.76900,1922.250,17
03:12:26.83900,1922.250,12
03:12:29.01500,1922.250,11
03:12:29.33900,1922.000,26
03:12:30.41000,1922.250,17
03:12:30.64400,1922.250,1
03:12:31.06200,1922.250,1
03:12:32.24600,1922.250,1
03:12:32.69100,1922.250,11
03:12:32.96000,1922.250,4
03:12:33.21000,1922.500,10
03:12:33.55800,1922.250,1
03:12:33.82800,1922.250,1
03:12:34.05400,1922.500,1
03:12:34.15600,1922.500,75
03:12:34.23400,1922.500,1
03:12:34.62100,1922.500,2
03:12:34.69100,1922.500,1
03:12:35.83500,1922.500,1
03:12:36.62500,1922.500,30
03:12:36.69100,1922.500,2
03:12:38.78500,1922.500,23
03:12:39.21000,1922.500,15
03:12:39.72600,1922.750,1
03:12:40.43300,1922.500,6
03:12:41.58500,1922.500,16
03:12:42.01500,1922.500,2
03:12:42.44100,1922.500,5
03:12:42.59700,1922.500,8
03:12:43.10900,1922.500,6
03:12:44.13200,1922.750,5
03:12:45.01100,1922.750,11
03:12:47.61700,1922.750,19
03:12:48.09300,1922.750,10
03:12:49.94100,1922.500,15
03:12:50.16400,1922.500,1
03:12:50.31600,1922.250,1
03:12:50.91000,1922.500,1
03:12:52.16000,1922.500,2
03:12:52.25300,1922.500,43
03:12:52.73400,1922.750,2
03:12:53.62800,1922.750,1
03:12:53.96400,1922.750,2
03:12:55.69900,1922.500,61
03:12:57.21000,1922.500,2
03:12:57.60100,1922.250,3
03:12:58.80000,1922.250,21
03:12:58.92100,1922.250,6
03:12:59.67900,1922.000,35
03:13:00.64400,1922.000,18
03:13:00.96400,1922.000,21
03:13:01.26900,1922.000,7
03:13:02.02700,1922.000,5
03:13:02.25700,1922.000,3
03:13:03.00300,1922.000,6
03:13:04.64400,1922.000,23
03:13:05.24600,1922.000,6
03:13:05.53500,1921.500,431
03:13:05.59300,1921.500,10
03:13:06.37100,1921.500,1
03:13:07.10100,1921.500,18
03:13:07.29600,1921.500,23
03:13:07.80400,1921.500,2
03:13:07.97200,1921.500,4
03:13:08.81600,1921.500,1
03:13:09.21800,1921.500,1
03:13:09.78500,1921.500,1
03:13:10.53100,1921.500,9
03:13:12.80800,1921.500,24
03:13:13.87800,1921.250,20
03:13:14.01900,1921.500,1
03:13:15.69100,1921.500,105
03:13:15.89800,1921.500,17
03:13:16.03900,1921.500,6
03:13:16.30800,1921.500,53
03:13:16.70700,1921.500,2
03:13:17.57000,1921.500,2
03:13:19.09300,1921.500,3
03:13:22.92100,1921.250,4
03:13:23.60100,1921.250,46
03:13:23.71400,1921.250,9
03:13:24.20700,1921.000,50
03:13:24.28100,1921.000,1
03:13:26.53900,1921.000,24
03:13:27.02300,1921.000,3
03:13:27.72600,1921.000,3
03:13:29.15200,1921.000,1
03:13:29.21000,1920.750,3
03:13:29.89800,1920.750,1
03:13:30.08500,1920.750,10
03:13:30.30400,1920.750,22
03:13:30.57000,1920.500,2
03:13:30.89400,1920.750,8
03:13:31.30800,1920.750,1
03:13:31.72200,1920.750,11
03:13:32.03900,1921.000,1
03:13:32.44500,1920.750,1
03:13:32.62500,1920.750,2
03:13:33.85500,1920.750,16
03:13:34.31200,1920.750,10
03:13:35.69500,1921.000,13
03:13:36.49600,1921.000,13
03:13:36.51100,1920.750,10
03:13:36.65200,1920.750,14
03:13:37.01500,1920.750,5
03:13:37.08200,1920.750,1
03:13:37.68300,1920.750,1
03:13:38.66400,1920.750,3
03:13:40.39800,1920.750,6
03:13:41.38200,1920.750,1
03:13:41.71400,1920.750,5
03:13:42.03500,1920.750,3
03:13:42.83200,1920.750,3
03:13:43.09700,1920.750,7
03:13:43.26100,1921.000,2
03:13:44.74600,1920.750,2
03:13:46.06600,1920.500,34
03:13:46.34300,1920.750,102
03:13:46.55400,1920.750,23
03:13:46.83200,1920.500,20
03:13:48.43300,1920.500,16
03:13:49.52700,1920.250,41
03:13:50.08200,1920.500,9
03:13:51.25300,1920.500,1
03:13:51.75700,1920.500,42
03:13:52.01900,1920.250,7
03:13:52.68700,1920.500,10
03:13:53.01500,1920.500,8
03:13:54.73800,1920.500,14
03:13:55.39000,1920.250,57
03:13:55.39400,1920.250,16
03:13:55.93300,1920.250,10
03:13:56.34300,1920.250,1
03:13:56.59700,1920.500,3
03:13:56.62500,1920.500,2
03:13:58.13600,1920.500,4
03:13:58.22200,1920.500,1
03:14:00.57000,1920.250,3
03:14:00.75000,1920.500,3
03:14:01.04200,1920.500,3
03:14:01.97200,1920.750,1
03:14:02.20300,1920.500,10
03:14:03.27700,1920.500,6
03:14:03.69500,1920.500,1
03:14:03.83200,1920.500,11
03:14:04.69100,1920.750,24
03:14:05.09700,1921.000,13
03:14:05.55400,1920.750,2
03:14:05.95300,1920.750,24
03:14:07.02300,1920.750,15
03:14:08.08900,1920.750,4
03:14:08.95700,1920.750,6
03:14:09.33200,1920.750,1
03:14:09.58500,1920.750,1
03:14:10.53500,1920.500,19
03:14:12.54200,1920.500,7
03:14:14.91000,1920.500,33
03:14:16.20700,1920.750,2
03:14:16.36700,1920.750,10
03:14:17.83500,1920.750,5
03:14:18.73800,1920.750,9
03:14:21.92900,1921.000,28
03:14:22.26500,1921.000,10
03:14:24.30400,1921.000,11
03:14:24.61700,1921.250,1
03:14:27.26900,1921.250,42
03:14:28.51500,1921.250,8
03:14:30.35900,1921.000,36
03:14:31.37100,1920.750,1
03:14:31.81200,1920.750,6
03:14:32.70700,1920.750,22
03:14:33.33900,1920.750,18
03:14:33.42500,1920.750,8
03:14:34.39000,1920.750,6
03:14:36.54200,1920.500,2
03:14:37.26100,1920.500,2
03:14:40.26900,1920.500,6
03:14:41.64000,1920.000,30
03:14:41.94900,1920.500,106
03:14:44.39800,1920.250,9
03:14:45.04200,1920.250,2
03:14:46.01500,1920.250,4
03:14:46.49600,1920.250,1
03:14:47.51100,1920.250,5
03:14:49.36700,1920.500,33
03:14:52.13600,1920.750,2
03:14:54.43300,1920.750,15
03:14:55.21400,1920.750,42
03:14:57.43700,1920.750,40
03:14:58.78900,1920.500,14
03:14:59.21800,1920.500,15
03:15:02.70700,1920.750,17
03:15:02.85900,1921.000,3
03:15:03.30000,1920.750,9
03:15:07.12500,1920.500,19
03:15:08.14800,1920.250,26
03:15:08.32800,1920.250,3
03:15:09.05000,1920.250,4
03:15:09.59700,1920.500,3
03:15:11.48000,1920.500,1
03:15:12.79200,1920.500,24
03:15:13.93700,1920.750,1
03:15:15.32800,1920.750,1
03:15:15.56600,1920.500,41
03:15:17.12500,1920.750,15
03:15:17.51500,1920.750,1
03:15:20.35900,1920.750,1
03:15:20.65200,1920.750,6
03:15:20.79200,1920.750,3
03:15:21.29200,1920.750,3
03:15:24.57000,1920.750,44
03:15:25.63200,1920.500,1
03:15:25.80400,1920.500,3
03:15:26.67500,1920.500,57
03:15:27.25700,1920.500,2
03:15:29.61300,1920.500,5
03:15:30.67100,1920.500,13
03:15:31.30800,1920.500,5
03:15:31.74200,1920.500,4
03:15:34.66400,1920.250,4
03:15:35.50000,1920.250,31
03:15:36.46000,1920.000,4
03:15:37.80000,1920.000,1
03:15:38.51500,1920.250,1
03:15:38.76500,1920.250,19
03:15:39.01900,1920.250,13
03:15:39.04200,1920.250,9
03:15:40.89800,1920.250,11
03:15:41.30800,1920.500,10
03:15:41.57800,1920.250,3
03:15:43.74200,1920.250,17
03:15:44.17500,1920.000,85
03:15:44.21000,1920.000,4
03:15:46.30800,1920.000,5
03:15:46.66700,1920.000,2
03:15:49.19100,1919.750,43
03:15:49.48000,1919.750,1
03:15:50.86300,1919.500,10
03:15:51.22200,1919.500,2
03:15:51.62800,1919.250,569
03:15:51.74200,1919.250,33
03:15:52.14400,1919.250,6
03:15:52.64400,1919.000,6
03:15:53.10900,1919.000,1
03:15:53.30000,1919.000,3
03:15:53.97200,1919.250,2
03:15:54.19100,1919.000,1
03:15:55.40600,1919.000,1
03:15:55.63200,1919.000,1
03:15:56.14000,1919.000,36
03:15:57.20700,1919.000,21
03:15:57.67900,1919.000,13
03:15:57.77300,1919.000,2
03:15:58.34700,1918.750,6
03:15:58.87500,1918.750,31
03:15:59.11300,1918.750,2
03:15:59.36700,1918.750,2
03:16:00.86300,1918.750,39
03:16:01.57000,1918.750,14
03:16:01.70300,1919.000,5
03:16:01.88600,1918.750,25
03:16:01.96000,1918.750,16
03:16:02.30800,1918.750,1
03:16:03.08500,1918.750,1
03:16:05.90200,1919.000,1
03:16:06.28900,1918.750,11
03:16:07.54200,1918.750,1
03:16:08.10100,1918.500,18
03:16:08.31200,1918.500,8
03:16:08.52700,1918.750,11
03:16:08.60500,1918.750,1
03:16:09.51500,1918.500,4
03:16:10.39000,1918.750,28
03:16:10.93700,1918.750,3
03:16:11.07000,1918.750,6
03:16:11.53500,1918.750,3
03:16:11.67900,1918.750,5
03:16:11.81200,1918.750,8
03:16:11.93300,1918.750,10
03:16:13.01900,1919.250,77
03:16:13.48000,1919.000,15
03:16:13.60500,1919.000,3
03:16:16.18300,1919.000,34
03:16:16.64000,1918.750,13
03:16:17.71800,1918.750,9
03:16:18.50700,1919.000,4
03:16:18.69900,1919.000,1
03:16:20.37100,1919.250,15
03:16:20.58200,1919.250,7
03:16:20.69500,1919.250,2
03:16:21.25700,1919.000,2
03:16:22.24600,1919.250,15
03:16:23.36700,1919.250,5
03:16:25.04600,1919.250,4
03:16:25.26500,1919.250,9
03:16:26.12800,1919.250,1
03:16:27.23800,1919.250,8
03:16:28.23400,1919.500,2
03:16:30.10100,1919.500,1
03:16:31.57400,1919.500,16
03:16:32.31600,1919.250,27
03:16:33.84300,1919.250,1
03:16:35.56200,1919.250,1
03:16:37.23800,1919.000,40
03:16:37.30800,1919.000,1
03:16:37.95300,1919.000,4
03:16:41.49600,1919.250,8
03:16:41.82000,1919.500,22
03:16:42.28100,1919.500,6
03:16:43.87500,1919.500,1
03:16:44.03100,1919.500,20
03:16:44.58500,1919.250,1
03:16:45.19500,1919.500,9
03:16:45.72600,1919.500,12
03:16:49.12500,1919.500,2
03:16:51.20700,1919.500,1
03:16:51.56600,1919.500,18
03:16:52.16400,1919.500,24
03:16:53.38200,1919.500,9
03:16:54.03500,1919.500,1
03:16:54.58500,1919.250,3
03:16:55.33900,1919.250,4
03:16:56.00000,1919.250,5
03:16:56.12100,1919.250,1
03:16:56.42900,1919.250,5
03:16:57.07800,1919.250,2
03:16:57.18700,1919.250,4
03:16:58.23000,1919.250,11
03:16:58.92500,1919.000,14
03:16:59.04600,1919.000,3
03:17:03.30400,1919.500,32
03:17:03.60500,1919.500,1
03:17:03.68700,1919.500,4
03:17:04.32400,1919.500,1
03:17:05.39000,1919.750,30
03:17:08.08900,1919.500,10
03:17:09.75700,1919.250,4
03:17:11.65200,1919.000,60
03:17:11.72600,1918.750,1
03:17:13.14000,1919.000,1
03:17:13.35900,1919.000,4
03:17:16.01900,1919.000,1
03:17:16.28100,1919.000,20
03:17:16.80800,1918.750,33
03:17:16.92500,1918.750,3
03:17:17.13200,1918.750,4
03:17:18.04200,1918.750,2
03:17:18.34700,1918.750,2
03:17:18.52300,1919.000,1
03:17:19.32800,1918.750,10
03:17:19.73000,1918.750,6
03:17:21.78500,1919.000,139
03:17:21.87800,1919.000,7
03:17:22.35100,1919.000,18
03:17:22.52700,1919.000,7
03:17:25.27300,1919.250,123
03:17:25.34300,1919.250,4
03:17:25.44900,1919.250,2
03:17:27.94500,1919.000,22
03:17:31.13600,1918.750,121
03:17:34.19900,1918.750,96
03:17:35.03500,1918.000,415
03:17:35.56200,1918.000,35
03:17:36.08200,1917.750,4
03:17:37.49600,1918.000,30
03:17:38.52300,1917.750,38
03:17:39.75300,1917.750,7
03:17:40.29600,1917.750,1
03:17:40.78900,1917.750,19
03:17:41.00300,1917.750,1
03:17:41.70700,1917.750,2
03:17:42.91000,1917.750,13
03:17:43.41000,1917.500,35
03:17:43.42900,1917.250,23
03:17:43.68300,1917.250,21
03:17:44.04200,1917.250,2
03:17:44.71400,1917.250,2
03:17:44.93300,1917.250,1
03:17:45.42500,1917.250,2
03:17:45.86300,1917.250,16
03:17:47.32000,1917.500,30
03:17:47.75300,1917.500,1
03:17:48.23000,1917.500,30
03:17:48.70700,1917.750,45
03:17:50.11700,1917.500,167
03:17:51.07800,1917.250,26
03:17:51.12800,1917.250,7
03:17:51.73800,1917.500,24
03:17:52.07400,1917.500,6
03:17:52.76500,1917.750,18
03:17:52.91700,1917.750,4
03:17:52.91700,1917.750,9
03:17:53.13200,1917.500,5
03:17:53.42500,1917.500,5
03:17:55.11300,1917.750,33
03:17:57.76500,1917.750,8
03:17:58.42100,1917.500,11
03:17:58.84300,1917.750,60
03:17:59.76100,1917.750,1
03:17:59.85500,1917.500,7
03:18:00.33200,1917.750,2
03:18:00.97200,1917.500,1
03:18:01.40200,1917.750,2
03:18:02.79600,1917.750,6
03:18:03.25000,1917.750,5
03:18:03.46400,1917.750,9
03:18:03.58900,1917.750,12
03:18:03.85500,1917.750,2
03:18:05.59700,1917.750,1
03:18:06.44100,1918.000,181
03:18:07.34700,1918.000,21
03:18:07.74600,1918.250,2
03:18:08.43300,1918.000,3
03:18:11.25300,1918.000,2
03:18:12.73000,1917.750,2
03:18:14.20700,1917.750,1
03:18:17.92100,1917.750,30
03:18:18.39400,1917.750,4
03:18:18.76500,1917.750,10
03:18:21.71400,1917.750,6
03:18:22.40200,1917.750,2
03:18:24.56200,1917.750,16
03:18:26.12100,1917.750,1
03:18:27.62500,1917.750,40
03:18:28.28500,1917.750,8
03:18:29.25000,1918.000,30
03:18:29.48800,1918.000,2
03:18:31.76500,1918.250,91
03:18:32.69900,1918.250,8
03:18:32.94900,1918.000,23
03:18:35.17900,1918.000,30
03:18:36.14400,1918.250,5
03:18:37.22600,1918.000,19
03:18:37.47200,1918.250,2
03:18:39.46000,1918.500,41
03:18:39.55800,1918.500,12
03:18:40.24600,1918.250,16
03:18:40.48400,1918.250,3
03:18:40.73000,1918.000,16
03:18:40.90600,1918.000,5
03:18:44.27700,1918.000,1
03:18:44.91000,1917.750,18
03:18:45.54200,1917.500,1
03:18:46.23000,1917.750,2
03:18:47.94500,1917.750,79
03:18:49.34700,1918.000,18
03:18:49.84300,1918.000,1
03:18:50.50000,1918.000,17
03:18:52.28500,1918.000,2
03:18:52.58500,1918.000,1
03:18:52.96400,1918.000,6
03:18:54.37100,1918.250,27
03:18:56.11700,1918.000,1
03:18:56.71400,1918.000,1
03:18:59.58900,1917.750,40
03:19:00.75700,1917.750,9
03:19:02.05400,1917.750,4
03:19:02.75300,1917.500,28
03:19:02.91000,1917.500,8
03:19:03.88600,1917.750,1
03:19:04.03100,1917.750,83
03:19:04.75700,1917.750,1
03:19:05.77300,1917.500,7
03:19:06.40600,1917.500,2
03:19:07.01500,1917.250,28
03:19:07.21800,1917.250,18
03:19:07.87800,1917.250,1
03:19:08.72200,1917.250,2
03:19:09.41700,1917.000,43
03:19:10.60900,1917.000,1
03:19:10.82000,1917.000,12
03:19:11.17900,1917.000,5
03:19:11.34700,1917.000,6
03:19:11.62500,1917.000,5
03:19:12.64000,1917.000,8
03:19:14.05400,1917.500,33
03:19:15.80800,1917.250,1
03:19:16.10900,1917.250,1
03:19:16.21800,1917.250,9
03:19:17.47600,1917.250,3
03:19:18.02700,1917.250,1
03:19:18.80400,1917.250,2
03:19:20.59700,1917.250,2
03:19:20.87800,1917.000,9
03:19:22.39400,1917.250,10
03:19:23.07400,1917.250,7
03:19:24.28100,1917.250,17
03:19:24.75000,1917.250,2
03:19:25.34300,1917.250,8
03:19:27.74600,1917.250,1
03:19:29.96000,1917.500,1
03:19:30.92100,1917.250,84
03:19:31.28500,1917.000,49
03:19:32.16700,1916.750,4
03:19:32.37100,1917.000,1
03:19:33.08500,1916.750,1
03:19:33.94100,1917.000,8
03:19:34.60500,1917.000,5
03:19:35.28900,1917.000,1
03:19:35.95700,1916.750,23
03:19:36.16000,1916.500,1
03:19:36.65600,1916.750,7
03:19:37.01500,1916.750,2
03:19:37.10500,1917.000,2
03:19:37.25300,1916.750,6
03:19:37.80800,1916.750,4
03:19:38.08900,1916.500,4
03:19:38.32400,1916.750,6
03:19:39.28100,1916.500,3
03:19:39.83900,1916.500,42
03:19:40.12500,1916.500,7
03:19:40.42900,1916.500,4
03:19:42.41700,1916.500,6
03:19:43.91000,1916.750,1
03:19:44.05800,1916.500,1
03:19:44.24200,1916.750,12
03:19:44.47200,1916.750,1
03:19:47.10500,1917.000,1
03:19:47.24200,1917.000,15
03:19:47.82400,1917.000,15
03:19:48.43700,1917.000,7
03:19:50.53900,1917.250,35
03:19:50.92100,1917.500,1
03:19:52.30800,1917.250,39
03:19:53.46000,1917.250,1
03:19:56.17500,1917.500,22
03:19:57.12500,1917.500,8
03:19:57.12500,1917.500,3
03:19:57.70700,1917.500,1
03:19:58.50000,1917.250,1
03:19:59.85100,1917.250,2
03:20:01.11300,1917.250,14
03:20:01.30000,1917.250,2
03:20:01.88200,1917.000,1
03:20:02.04600,1917.000,2
03:20:02.16000,1916.750,1
03:20:02.80000,1917.000,7
03:20:09.35900,1916.750,3
03:20:09.91000,1916.750,12
03:20:10.10500,1916.750,1
03:20:11.43700,1917.000,27
03:20:11.73800,1917.000,4
03:20:11.85100,1917.000,1
03:20:12.72200,1917.000,1
03:20:15.30400,1917.000,2
03:20:17.31600,1916.750,4
03:20:17.83900,1916.500,88
03:20:17.85100,1916.500,1
03:20:19.07800,1916.500,1
03:20:19.51100,1916.250,2
03:20:19.73800,1916.500,1
03:20:19.81200,1916.500,2
03:20:21.90200,1916.250,6
03:20:22.19500,1916.250,31
03:20:22.47600,1916.500,6
03:20:22.66400,1916.250,3
03:20:22.73800,1916.250,11
03:20:22.83200,1916.250,2
03:20:23.10100,1916.250,8
03:20:23.53900,1916.500,24
03:20:23.73400,1916.500,3
03:20:23.88200,1916.500,5
03:20:24.43300,1916.500,1
03:20:25.57400,1916.750,1
03:20:25.76100,1916.500,40
03:20:26.16400,1916.500,2
03:20:28.24600,1916.250,4
03:20:30.96000,1916.500,1
03:20:33.67100,1916.750,33
03:20:37.51100,1916.500,16
03:20:38.48800,1916.500,10
03:20:39.00700,1916.500,7
03:20:39.44500,1916.500,5
03:20:40.59300,1916.500,1
03:20:42.47200,1916.750,15
03:20:42.79200,1917.000,15
03:20:43.08500,1916.750,15
03:20:43.37100,1916.750,1
03:20:43.58500,1916.750,1
03:20:43.73400,1916.750,1
03:20:43.92100,1916.750,1
03:20:43.96400,1916.500,2
03:20:44.11300,1916.750,2
03:20:44.82400,1916.750,1
03:20:45.60900,1916.500,36
03:20:48.78900,1916.750,9
03:20:49.87100,1916.750,6
03:20:50.16400,1916.750,9
03:20:50.62800,1916.750,3
03:20:52.34300,1917.000,20
03:20:52.63200,1916.750,15
03:20:53.11700,1916.750,3
03:20:54.27700,1916.750,1
03:20:55.51100,1916.750,1
03:20:56.04600,1916.750,1
03:20:56.46400,1916.500,56
03:20:56.79200,1916.500,4
03:20:57.30800,1916.500,1
03:20:57.66700,1916.500,1
03:20:58.05800,1916.500,1
03:20:58.77700,1916.750,34
03:20:59.26100,1916.750,2
03:21:00.73400,1916.500,3
03:21:01.11300,1916.750,1
03:21:02.14800,1917.000,1
03:21:02.42500,1916.750,1
03:21:03.18700,1916.750,1
03:21:03.26100,1917.000,3
03:21:04.60900,1917.000,1
03:21:05.56200,1917.000,1
03:21:05.74600,1916.750,50
03:21:07.50000,1916.750,2
03:21:08.69500,1916.750,38
03:21:09.08200,1916.750,9
03:21:13.86700,1916.500,26
03:21:14.15200,1916.250,4
03:21:14.54600,1916.500,20
03:21:15.17500,1916.500,15
03:21:17.26100,1916.500,1
03:21:18.25300,1916.500,1
03:21:20.87100,1916.500,21
03:21:21.41400,1916.500,1
03:21:21.48400,1916.500,6
03:21:22.07800,1916.750,33
03:21:24.83200,1916.750,20
03:21:25.82800,1916.750,4
03:21:26.55800,1916.750,7
03:21:27.01500,1917.000,22
03:21:27.20300,1916.750,32
03:21:29.83900,1917.250,38
03:21:30.19100,1917.000,2
03:21:30.35100,1917.000,1
03:21:30.47600,1917.000,1
03:21:34.23800,1916.750,11
03:21:35.45300,1916.500,26
03:21:39.31600,1916.500,1
03:21:39.61700,1916.500,15
03:21:40.21000,1916.500,18
03:21:43.27700,1916.750,1
03:21:47.19100,1916.500,3
03:21:47.90600,1916.500,68
03:21:49.19500,1916.500,11
03:21:49.60100,1916.750,7
03:21:50.19500,1916.500,4
03:21:50.25000,1916.250,2
03:21:51.55000,1916.500,1
03:21:53.05000,1916.750,59
03:21:55.10900,1916.750,19
03:21:56.84700,1917.000,14
03:21:57.12500,1917.000,7
03:21:57.90600,1917.000,1
03:21:58.10500,1917.000,2
03:21:58.27700,1917.000,2
03:21:59.90200,1917.000,2
03:22:00.92100,1917.000,7
03:22:01.07800,1917.000,2
03:22:01.55800,1917.000,13
03:22:02.03500,1917.000,1
03:22:02.36300,1916.750,1
03:22:04.18700,1916.750,11
03:22:06.55800,1916.750,1
03:22:06.80800,1916.750,5
03:22:07.23800,1916.750,2
03:22:09.30800,1916.750,5
03:22:09.61300,1916.750,1
03:22:11.66000,1916.750,15
03:22:12.50700,1917.000,23
03:22:12.78900,1917.000,1
03:22:13.24600,1917.000,21
03:22:13.62100,1917.250,1
03:22:13.92900,1917.000,2
03:22:18.27700,1916.750,16
03:22:18.40600,1916.750,13
03:22:21.19500,1917.000,11
03:22:21.28500,1917.000,18
03:22:22.08200,1917.250,15
03:22:24.44100,1917.250,12
03:22:28.36700,1917.500,77
03:22:28.59300,1917.750,1
03:22:29.89800,1917.750,32
03:22:30.10900,1917.750,1
03:22:30.67500,1917.750,1
03:22:31.11700,1917.750,3
03:22:31.46400,1917.750,26
03:22:31.75000,1917.750,1
03:22:33.61700,1917.750,7
03:22:34.69500,1917.750,1
03:22:35.04200,1918.500,288
03:22:35.68700,1918.250,31
03:22:36.04600,1918.000,25
03:22:36.89800,1918.250,11
03:22:37.46000,1918.000,24
03:22:38.16700,1918.000,30
03:22:39.35100,1918.250,1
03:22:39.59700,1918.000,11
03:22:40.01900,1918.000,5
03:22:42.33500,1918.000,10
03:22:42.70700,1918.000,10
03:22:43.01900,1918.000,1
03:22:43.64400,1918.000,5
03:22:46.68700,1918.000,17
03:22:46.92100,1918.000,1
03:22:47.21400,1918.000,2
03:22:48.57800,1917.750,21
03:22:50.18700,1917.750,3
03:22:50.83900,1917.750,21
03:22:51.52300,1917.750,2
03:22:54.68700,1917.750,8
03:22:59.10900,1917.750,8
03:22:59.10900,1917.750,2
03:23:00.28900,1918.000,21
03:23:00.67500,1918.000,1
03:23:01.56600,1918.250,5
03:23:03.26500,1918.250,29
03:23:03.80000,1918.250,3
03:23:04.48000,1918.250,25
03:23:04.85100,1918.250,1
03:23:05.88200,1918.250,13
03:23:06.26500,1918.250,17
03:23:07.30000,1918.250,4
03:23:08.44900,1918.500,34
03:23:08.54600,1918.500,3
03:23:09.35100,1918.250,5
03:23:09.74200,1918.500,1
03:23:10.04600,1918.250,18
03:23:10.35900,1918.250,3
03:23:10.63600,1918.250,2
03:23:10.82000,1918.500,1
03:23:11.77300,1918.000,1
03:23:13.42500,1918.250,8
03:23:14.62800,1918.500,4
03:23:16.29600,1918.500,7
03:23:16.54200,1918.750,2
03:23:17.39400,1918.500,1
03:23:18.44100,1918.500,4
03:23:19.18700,1918.750,1
03:23:20.39800,1918.500,2
03:23:20.74600,1918.500,25
03:23:21.68700,1918.500,1
03:23:22.21000,1918.500,1
03:23:24.30000,1918.250,3
03:23:26.39400,1918.000,16
03:23:29.19500,1918.000,6
03:23:30.95300,1918.250,13
03:23:35.83900,1918.250,7
03:23:36.54600,1918.250,4
03:23:36.89800,1918.000,2
03:23:39.91000,1918.000,8
03:23:41.55400,1918.000,12
03:23:47.15600,1918.000,8
03:23:50.04200,1918.000,3
03:23:51.47600,1918.000,3
03:23:52.73400,1918.000,8
03:23:54.63600,1917.750,31
03:23:55.46000,1917.750,1
03:23:57.13600,1918.000,9
03:23:58.07000,1918.000,7
03:23:59.08200,1918.000,10
03:23:59.89400,1918.000,3
03:24:00.91000,1918.250,9
03:24:01.18300,1918.250,18
03:24:02.75700,1918.250,8
03:24:04.44100,1918.250,5
03:24:05.42500,1918.000,8
03:24:05.76500,1918.000,3
03:24:05.94500,1918.000,1
03:24:07.55400,1918.000,1
03:24:08.66400,1917.750,47
03:24:10.03100,1918.000,26
03:24:11.75300,1918.000,7
03:24:12.01500,1918.000,2
03:24:12.84300,1918.000,25
03:24:14.16700,1917.750,30
03:24:14.46400,1917.750,2
03:24:16.91700,1917.500,13
03:24:17.57000,1917.500,40
03:24:18.01900,1917.500,1
03:24:18.48000,1917.500,14
03:24:21.21400,1917.500,13
03:24:22.79600,1917.500,20
03:24:25.55800,1917.250,16
03:24:25.64800,1917.250,12
03:24:25.88200,1917.250,12
03:24:26.12500,1917.500,8
03:24:26.45700,1917.250,9
03:24:27.75000,1917.250,3
03:24:29.02300,1917.000,18
03:24:29.40200,1917.000,29
03:24:34.01100,1917.000,1
03:24:34.37100,1916.750,26
03:24:35.82800,1916.750,2
03:24:37.14800,1916.250,23
03:24:37.66000,1916.250,3
03:24:38.44100,1916.250,109
03:24:39.17900,1916.250,1
03:24:39.80400,1916.250,33
03:24:39.87800,1916.250,14
03:24:40.12100,1916.250,1
03:24:40.34300,1916.250,1
03:24:41.17900,1916.500,2
03:24:41.71000,1916.250,10
03:24:41.81600,1916.250,1
03:24:42.32000,1916.250,17
03:24:43.28500,1916.250,2
03:24:43.44500,1916.250,3
03:24:44.31600,1916.250,5
03:24:44.80400,1916.500,1
03:24:45.25000,1916.500,26
03:24:45.72600,1916.500,1
03:24:45.96400,1916.750,5
03:24:47.34300,1916.500,3
03:24:47.66400,1916.500,1
03:24:48.61700,1916.750,1
03:24:49.07400,1916.500,16
03:24:49.17500,1916.500,5
03:24:49.37500,1916.500,10
03:24:49.69100,1916.500,1
03:24:50.80000,1916.500,2
03:24:52.66000,1916.250,21
03:24:53.31200,1915.750,80
03:24:53.35900,1916.000,2
03:24:53.57800,1916.000,1
03:24:54.21000,1915.750,1
03:24:55.00300,1915.750,1
03:24:55.12500,1915.750,1
03:24:55.51500,1916.000,1
03:24:55.70700,1915.750,5
03:24:55.92500,1915.750,4
03:24:56.39800,1915.750,61
03:24:56.49600,1915.750,16
03:24:56.60100,1915.750,30
03:24:57.36300,1915.500,3
03:24:57.48800,1915.500,2
03:24:58.12500,1915.750,22
03:24:58.21000,1915.750,1
03:24:58.62100,1915.750,5
03:24:59.03100,1915.500,10
03:24:59.23400,1915.500,1
03:25:00.16000,1916.000,59
03:25:00.61300,1915.750,2
03:25:00.68700,1916.000,1
03:25:00.84700,1916.000,3
03:25:01.10900,1916.000,1
03:25:01.37800,1916.000,21
03:25:02.16400,1916.000,12
03:25:02.45300,1916.250,7
03:25:03.63200,1916.000,11
03:25:04.13600,1916.000,1
03:25:04.21400,1915.750,1
03:25:05.24200,1916.000,23
03:25:05.46000,1916.000,25
03:25:06.29600,1915.750,1
03:25:07.69100,1915.750,23
03:25:07.96000,1915.500,229
03:25:08.05400,1915.500,68
03:25:08.12500,1915.500,1
03:25:08.59300,1915.750,36
03:25:09.28100,1915.750,21
03:25:09.93700,1915.750,2
03:25:10.82400,1916.000,7
03:25:11.75000,1915.750,1
03:25:12.64800,1915.750,1
03:25:13.42900,1916.000,19
03:25:14.64800,1916.000,17
03:25:15.48800,1916.000,5
03:25:16.48000,1916.000,6
03:25:16.66400,1916.000,5
03:25:17.25000,1916.000,2
03:25:18.62800,1916.250,9
03:25:18.78500,1916.250,6
03:25:19.14400,1916.000,63
03:25:19.28500,1916.000,1
03:25:19.42100,1916.000,1
03:25:19.48400,1916.000,6
03:25:20.39000,1916.000,1
03:25:20.58900,1916.000,10
03:25:21.76500,1916.000,9
03:25:23.19500,1915.750,3
03:25:23.66400,1915.750,18
03:25:25.01100,1915.750,5
03:25:25.39400,1915.750,6
03:25:26.75300,1915.750,5
03:25:26.89000,1915.750,8
03:25:28.08500,1915.750,15
03:25:28.33900,1916.000,1
03:25:29.68700,1915.750,16
03:25:30.03500,1915.750,9
03:25:30.21400,1915.750,1
03:25:31.10500,1915.750,25
03:25:34.10500,1915.750,7
03:25:36.67100,1916.000,11
03:25:39.35500,1916.000,5
03:25:40.35100,1916.000,1
03:25:40.78900,1916.000,3
03:25:42.58500,1916.250,20
03:25:43.17500,1916.250,1
03:25:43.66700,1916.250,2
03:25:44.42900,1916.250,7
03:25:44.84700,1916.250,4
03:25:45.27700,1916.000,112
03:25:47.63600,1916.250,1
03:25:48.02300,1916.250,8
03:25:50.22600,1916.250,4
03:25:50.61700,1916.250,5
03:25:51.57800,1916.250,3
03:25:51.92100,1916.250,3
03:25:52.51100,1916.250,9
03:25:53.19500,1916.250,14
03:25:54.43300,1916.250,6
03:25:56.40200,1916.500,20
03:25:57.18300,1916.500,19
03:25:57.60500,1916.500,4
03:25:58.70700,1916.500,6
03:25:59.12800,1916.250,15
03:26:01.77700,1916.500,4
03:26:03.46800,1916.250,21
03:26:03.53900,1916.250,2
03:26:03.71000,1916.250,2
03:26:04.25300,1916.250,8
03:26:04.53500,1916.250,6
03:26:05.06200,1916.500,21
03:26:06.13600,1916.750,13
03:26:06.34300,1916.500,1
03:26:07.12100,1916.500,26
03:26:10.80800,1916.500,3
03:26:11.30000,1916.500,8
03:26:11.67900,1916.500,1
03:26:11.93300,1916.500,8
03:26:13.44500,1916.500,7
03:26:14.25000,1916.500,1
03:26:14.61700,1916.500,5
03:26:15.59700,1916.250,31
03:26:16.01500,1916.000,5
03:26:16.16000,1916.000,36
03:26:17.57400,1915.750,40
03:26:18.63200,1915.750,19
03:26:19.78100,1915.750,4
03:26:20.22600,1916.000,26
03:26:20.36700,1916.250,2
03:26:21.19100,1916.000,1
03:26:23.87500,1916.000,2
03:26:24.22600,1916.000,2
03:26:24.37800,1916.250,2
03:26:24.87500,1915.750,277
03:26:24.87500,1915.750,4
03:26:25.09700,1915.750,6
03:26:26.78100,1916.000,19
03:26:29.57800,1916.000,10
03:26:30.25300,1916.000,16
03:26:32.15600,1916.250,23
03:26:32.31600,1916.250,1
03:26:33.19900,1916.500,29
03:26:33.39000,1916.500,2
03:26:33.68300,1916.500,1
03:26:36.13200,1916.250,3
03:26:38.50700,1916.250,1
03:26:39.22200,1916.500,31
03:26:39.94100,1916.500,2
03:26:40.49600,1916.500,6
03:26:40.82800,1916.250,10
03:26:41.18300,1916.250,7
03:26:43.05800,1916.500,17
03:26:43.13600,1916.500,4
03:26:44.02700,1916.250,11
03:26:45.25700,1916.000,54
03:26:45.39000,1916.000,7
03:26:46.22200,1915.750,76
03:26:46.45700,1915.750,2
03:26:46.55400,1915.750,2
03:26:46.75000,1915.750,12
03:26:47.42500,1915.750,1
03:26:48.09700,1915.750,3
03:26:48.60900,1915.750,1
03:26:48.94900,1915.500,1
03:26:49.47200,1915.500,2
03:26:49.70700,1915.500,1
03:26:50.00700,1915.500,12
03:26:50.31600,1915.500,1
03:26:51.53100,1915.500,1
03:26:52.35100,1915.750,20
03:26:52.62800,1916.250,217
03:26:52.74600,1916.250,14
03:26:53.27300,1916.250,1
03:26:53.53900,1916.250,7
03:26:54.17900,1916.000,2
03:26:56.18300,1916.250,26
03:26:57.34300,1916.250,10
03:26:58.72200,1916.500,1
03:26:59.25700,1916.250,10
03:26:59.50000,1916.250,2
03:27:01.01100,1916.000,48
03:27:01.28500,1916.000,1
03:27:03.63200,1916.250,39
03:27:03.78500,1916.500,60
03:27:04.44100,1916.750,1
03:27:05.11700,1916.500,21
03:27:05.51900,1916.500,10
03:27:06.86300,1916.500,8
03:27:08.22200,1916.250,99
03:27:08.32000,1916.250,20
03:27:08.57800,1916.500,1
03:27:09.79200,1916.500,1
03:27:10.38600,1916.500,2
03:27:12.08500,1916.500,6
03:27:12.60100,1916.500,11
03:27:13.44500,1916.250,2
03:27:13.79600,1916.250,41
03:27:14.62100,1916.000,15
03:27:16.96400,1916.250,1
03:27:17.12800,1916.000,4
03:27:18.11300,1915.750,11
03:27:18.94500,1915.750,16
03:27:20.62800,1915.750,1
03:27:21.29200,1915.750,17
03:27:22.79600,1915.750,20
03:27:23.57800,1915.750,1
03:27:24.74200,1916.000,9
03:27:27.10100,1915.750,5
03:27:27.42900,1915.750,8
03:27:28.28500,1915.750,1
03:27:29.38600,1915.750,7
03:27:31.81600,1915.750,27
03:27:32.01100,1915.750,2
03:27:32.65200,1915.500,24
03:27:33.73000,1915.500,7
03:27:34.40600,1915.500,7
03:27:35.89000,1915.500,9
03:27:36.55400,1915.500,2
03:27:37.04200,1915.750,1
03:27:37.71400,1915.500,1
03:27:37.96400,1915.500,1
03:27:38.89800,1915.500,1
03:27:41.08500,1915.250,1
03:27:41.66400,1915.500,2
03:27:42.49200,1915.750,28
03:27:42.77700,1915.500,6
03:27:43.44900,1915.500,7
03:27:44.17900,1915.500,1
03:27:44.35100,1915.500,2
03:27:44.76900,1915.500,4
03:27:45.38600,1915.500,1
03:27:46.80800,1915.500,1
03:27:48.68700,1915.250,2
03:27:48.92500,1915.500,1
03:27:50.48000,1915.500,3
03:27:51.66000,1915.250,239
03:27:51.86700,1915.250,34
03:27:54.25700,1915.250,18
03:27:54.74600,1915.250,9
03:27:54.81600,1915.250,2
03:27:55.00300,1915.250,1
03:27:55.36300,1915.000,27
03:27:55.54600,1915.500,210
03:27:55.69900,1915.250,75
03:27:55.93300,1915.250,1
03:27:56.16700,1915.500,2
03:27:56.41700,1915.500,11
03:27:56.53900,1915.500,10
03:27:56.87800,1915.250,6
03:27:58.22600,1915.500,27
03:27:58.47600,1915.250,1
03:27:59.41700,1915.250,1
03:27:59.80000,1915.500,1
03:28:01.15600,1915.500,16
03:28:01.66700,1915.750,8
03:28:01.82400,1915.750,3
03:28:01.92500,1915.750,10
03:28:02.34300,1915.750,16
03:28:02.52300,1915.500,2
03:28:03.33200,1915.750,2
03:28:05.79600,1915.750,20
03:28:05.88200,1915.750,3
03:28:06.09300,1915.750,1
03:28:06.26900,1915.750,1
03:28:07.70700,1915.500,15
03:28:07.86700,1915.500,1
03:28:08.44500,1915.500,2
03:28:08.53500,1915.750,1
03:28:10.26500,1915.750,20
03:28:10.55400,1915.750,5
03:28:12.59700,1915.750,1
03:28:13.67900,1915.750,2
03:28:14.80000,1915.750,1
03:28:15.01900,1915.750,2
03:28:16.39400,1915.750,2
03:28:18.64000,1915.750,35
03:28:20.16700,1915.750,12
03:28:20.46400,1915.750,26
03:28:20.47600,1915.500,37
03:28:21.17100,1915.750,35
03:28:23.26100,1916.000,36
03:28:24.58900,1916.000,21
03:28:25.15600,1915.750,17
03:28:26.43700,1915.750,11
03:28:27.12100,1915.750,3
03:28:28.75000,1915.750,12
03:28:29.17900,1915.750,11
03:28:30.24200,1915.750,1
03:28:30.53500,1915.500,10
03:28:31.17500,1915.750,9
03:28:34.73000,1916.000,11
03:28:36.13600,1916.000,6
03:28:36.50700,1916.250,10
03:28:37.69100,1916.000,24
03:28:38.82400,1916.000,3
03:28:38.96000,1916.000,2
03:28:40.05000,1916.000,1
03:28:41.91400,1916.000,26
03:28:42.19500,1916.000,6
03:28:42.88200,1916.000,1
03:28:45.08900,1916.000,2
03:28:45.16400,1916.000,7
03:28:46.53100,1916.000,1
03:28:47.38600,1915.750,7
03:28:50.16700,1916.000,50
03:28:50.65200,1916.000,1
03:28:52.08900,1916.250,26
03:28:53.03100,1916.500,12
03:28:53.67900,1916.500,24
03:28:54.24600,1916.500,3
03:28:54.39000,1916.500,32
03:28:54.61700,1916.500,1
03:28:54.86300,1916.500,1
03:28:55.06600,1916.500,6
03:28:55.37500,1916.750,5
03:28:56.62100,1916.500,8
03:28:56.77700,1916.500,1
03:28:58.32400,1916.500,3
03:28:58.52700,1916.500,2
03:28:59.29600,1916.250,7
03:28:59.51500,1916.250,24
03:29:00.61300,1916.250,2
03:29:00.83200,1916.250,18
03:29:01.00700,1916.500,1
03:29:03.55000,1916.250,8
03:29:04.17100,1916.500,2
03:29:04.71400,1916.500,8
03:29:06.62100,1916.750,11
03:29:06.67100,1916.750,5
03:29:08.17100,1916.750,2
03:29:08.90200,1916.750,1
03:29:09.29600,1916.750,13
03:29:09.59300,1916.250,63
03:29:09.68300,1916.500,4
03:29:10.37500,1916.500,35
03:29:14.87800,1916.500,25
03:29:15.94100,1916.500,17
03:29:16.93700,1916.500,7
03:29:18.64800,1916.500,2
03:29:20.26100,1916.750,26
03:29:20.49600,1916.750,1
03:29:21.23000,1916.750,18
03:29:23.33900,1917.000,53
03:29:23.44900,1917.000,6
03:29:23.58900,1917.250,3
03:29:23.90200,1917.000,5
03:29:24.43700,1917.000,1
03:29:25.05000,1917.250,1
03:29:25.32400,1917.250,19
03:29:25.45700,1917.250,3
03:29:25.78900,1917.250,3
03:29:26.07800,1917.250,17
03:29:26.68300,1917.250,1
03:29:27.39000,1917.000,15
03:29:28.33500,1917.000,33
03:29:28.96000,1917.000,67
03:29:29.39000,1917.000,1
03:29:29.76900,1917.000,6
03:29:30.28500,1917.000,9
03:29:32.02300,1917.000,1
03:29:32.85900,1917.000,1
03:29:33.33500,1917.000,2
03:29:34.64800,1917.000,4
03:29:35.75000,1917.250,14
03:29:37.80000,1917.250,1
03:29:38.35900,1917.250,14
03:29:39.93300,1917.000,9
03:29:40.27700,1917.000,1
03:29:42.05800,1916.750,16
03:29:42.12800,1916.750,13
03:29:42.22200,1917.000,2
03:29:42.68300,1916.750,10
03:29:44.39800,1916.750,12
03:29:46.65200,1917.000,2
03:29:49.76100,1916.750,9
03:29:50.25000,1916.750,10
03:29:50.61300,1916.750,1
03:29:51.01500,1917.000,2
03:29:51.11700,1917.000,28
03:29:51.59700,1917.000,14
03:29:52.12100,1917.250,36
03:29:52.29600,1917.250,6
03:29:52.91700,1917.000,1
03:29:54.67100,1917.000,37
03:29:59.02700,1917.250,10
03:29:59.95300,1917.000,10
03:30:00.60500,1917.000,3
03:30:01.11300,1916.750,2
03:30:02.58900,1917.000,1
03:30:03.39400,1916.750,17
03:30:04.74200,1916.750,3
03:30:06.95300,1917.000,7
03:30:07.97200,1917.000,12
03:30:10.16000,1917.000,3
03:30:10.30800,1917.000,3
03:30:13.10900,1917.000,14
03:30:14.01500,1917.000,2
03:30:14.32800,1916.750,17
03:30:14.80400,1917.000,1
03:30:15.58500,1916.750,1
03:30:17.33900,1916.750,20
03:30:18.60100,1917.000,4
03:30:20.64400,1917.250,3
03:30:22.42500,1917.250,11
03:30:22.70700,1917.250,1
03:30:23.68700,1917.500,23
03:30:23.80000,1917.500,9
03:30:24.51900,1917.500,4
03:30:24.73000,1917.500,1
03:30:25.58500,1917.500,7
03:30:26.16700,1917.750,27
03:30:26.61700,1917.750,1
03:30:26.75000,1917.750,3
03:30:27.89400,1917.750,1
03:30:28.05400,1918.000,6
03:30:28.36300,1917.750,1
03:30:28.51900,1917.750,15
03:30:28.68700,1917.750,5
03:30:29.92100,1917.750,1
03:30:30.81600,1917.500,11
03:30:31.72600,1917.500,13
03:30:32.78100,1917.500,3
03:30:34.38200,1917.500,6
03:30:34.56200,1917.500,1
03:30:35.30400,1917.500,5
03:30:35.72600,1917.500,1
03:30:37.05800,1917.750,2
03:30:40.94900,1917.250,10
03:30:41.05400,1917.250,6
03:30:41.05400,1917.250,2
03:30:41.90200,1917.250,4
03:30:42.18300,1917.500,1
03:30:42.31600,1917.500,51
03:30:42.31600,1917.500,10
03:30:43.21400,1917.500,1
03:30:45.57000,1917.750,16
03:30:46.01100,1917.750,1
03:30:46.14000,1917.750,5
03:30:47.22600,1917.750,13
03:30:47.39400,1917.750,7
03:30:47.73400,1917.750,1
03:30:47.91700,1917.750,1
03:30:48.58200,1918.000,1
03:30:48.82400,1917.750,6
03:30:49.39800,1918.000,1
03:30:52.13200,1918.000,42
03:30:54.38600,1918.000,2
03:30:54.56200,1918.000,8
03:30:55.59300,1917.750,2
03:30:56.53100,1917.750,6
03:30:58.11300,1918.000,22
03:30:58.28100,1918.000,1
03:30:58.75000,1918.000,10
03:31:01.91000,1918.250,32
03:31:02.01500,1918.250,20
03:31:05.76100,1918.500,27
03:31:05.86300,1918.250,41
03:31:06.96400,1918.250,12
03:31:08.05800,1918.250,1
03:31:09.87100,1918.500,22
03:31:10.80400,1918.500,2
03:31:12.78900,1918.750,105
03:31:14.01100,1918.750,2
03:31:14.19100,1918.500,1
03:31:14.43300,1918.750,2
03:31:14.70700,1918.500,4
03:31:15.69500,1918.750,15
03:31:16.00700,1918.250,125
03:31:18.43700,1918.250,4
03:31:18.56600,1918.250,3
03:31:18.87500,1918.250,3
03:31:19.79600,1918.000,1
03:31:20.26500,1918.250,15
03:31:21.22200,1918.250,1
03:31:21.86300,1918.250,1
03:31:22.78100,1918.000,13
03:31:23.05800,1918.000,4
03:31:24.10500,1918.000,17
03:31:26.91400,1918.250,1
03:31:28.40600,1918.000,8
03:31:29.53100,1917.750,20
03:31:31.76100,1917.750,8
03:31:33.31600,1917.750,5
03:31:35.36700,1917.750,11
03:31:35.92900,1917.750,1
03:31:36.97200,1917.750,13
03:31:37.29200,1917.750,3
03:31:37.88600,1918.000,16
03:31:38.82000,1917.750,2
03:31:41.80400,1917.750,5
03:31:44.95700,1917.500,67
03:31:45.07800,1917.500,5
03:31:48.50000,1917.500,1
03:31:53.67500,1917.500,3
03:31:53.79600,1917.500,24
03:31:54.72200,1917.500,1
03:31:56.67900,1917.500,5
03:31:57.66400,1917.500,3
03:31:58.56600,1917.500,21
03:32:00.66700,1917.500,1
03:32:02.89000,1917.250,34
03:32:05.03900,1917.250,20
03:32:05.44900,1917.250,3
03:32:05.80400,1917.250,5
03:32:07.05800,1917.500,20
03:32:10.66000,1917.500,1
03:32:12.57800,1917.500,13
03:32:13.62100,1917.500,2
03:32:16.75300,1917.500,11
03:32:18.56600,1917.250,20
03:32:19.78900,1917.250,3
03:32:21.74200,1917.500,10
03:32:22.28500,1917.250,1
03:32:23.16400,1917.500,10
03:32:23.80400,1917.500,22
03:32:24.39400,1917.500,10
03:32:25.03100,1917.250,1
03:32:26.46400,1917.250,33
03:32:28.12800,1917.500,64
03:32:28.89000,1917.750,27
03:32:29.00000,1917.750,5
03:32:29.33500,1917.500,1
03:32:31.34700,1917.500,1
03:32:31.71000,1917.750,8
03:32:32.19100,1917.750,1
03:32:35.33500,1917.750,1
03:32:35.50300,1917.750,2
03:32:35.79200,1917.750,6
03:32:36.96000,1918.000,24
03:32:37.75300,1918.000,1
03:32:37.89400,1918.000,6
03:32:40.66700,1918.000,6
03:32:43.20700,1918.000,6
03:32:43.64400,1918.000,1
03:32:44.03500,1918.000,5
03:32:46.00300,1918.000,4
03:32:46.65200,1918.000,8
03:32:47.28900,1918.000,8
03:32:50.27700,1918.250,12
03:32:51.46400,1918.250,7
03:32:53.35500,1918.000,35
03:32:56.49600,1918.250,1
03:33:00.58900,1918.000,3
03:33:01.51900,1918.000,13
03:33:02.53500,1917.750,15
03:33:03.63600,1917.500,31
03:33:06.51100,1917.500,20
03:33:10.32400,1917.750,5
03:33:15.16700,1917.750,5
03:33:16.22600,1917.750,5
03:33:17.37500,1917.750,5
03:33:19.72600,1917.500,12
03:33:20.55000,1917.500,5
03:33:21.39000,1917.500,13
03:33:22.25000,1917.500,16
03:33:22.33500,1917.500,1
03:33:22.55400,1917.500,3
03:33:31.37100,1917.750,11
03:33:32.66000,1917.750,26
03:33:35.46400,1918.000,17
03:33:35.69900,1918.250,27
03:33:35.73400,1918.250,1
03:33:36.71800,1918.250,6
03:33:39.37800,1918.000,11
03:33:41.21000,1918.250,2
03:33:43.15600,1918.250,9
03:33:51.40200,1918.250,12
03:33:52.17500,1918.250,15
03:33:55.35900,1918.250,2
03:33:58.86300,1918.250,1
03:34:00.33200,1918.000,10
03:34:00.39400,1918.000,4
03:34:00.50000,1917.750,1
03:34:01.19900,1918.000,1
03:34:03.48000,1917.750,11
03:34:04.02300,1918.000,15
03:34:04.44100,1918.000,1
03:34:05.57800,1918.250,25
03:34:08.08900,1918.500,37
03:34:09.10900,1918.500,7
03:34:09.48800,1918.500,1
03:34:10.11700,1918.500,1
03:34:10.53100,1918.500,13
03:34:10.57400,1918.500,3
03:34:10.91400,1918.500,1
03:34:13.60900,1918.500,7
03:34:15.68700,1918.250,8
03:34:16.25700,1918.250,1
03:34:20.94500,1918.500,27
03:34:22.50000,1918.500,7
03:34:23.48800,1918.500,1
03:34:29.43300,1918.250,6
03:34:30.92500,1918.000,56
03:34:31.74200,1917.500,36
03:34:32.46800,1917.500,33
03:34:32.83200,1917.250,2
03:34:36.26900,1917.500,28
03:34:36.57800,1917.500,3
03:34:37.83900,1917.500,7
03:34:41.42100,1917.500,9
03:34:42.28900,1917.750,56
03:34:43.91400,1917.500,1
03:34:44.75300,1917.500,13
03:34:45.58900,1917.500,6
03:34:47.74200,1917.500,2
03:34:47.96800,1917.500,1
03:34:48.30400,1917.250,35
03:34:49.41000,1917.250,3
03:34:53.01500,1917.500,3
03:34:55.31200,1917.250,8
03:34:57.07000,1917.250,3
03:34:57.78500,1917.250,15
03:35:00.06600,1917.250,15
03:35:00.91700,1917.250,3
03:35:01.70300,1917.000,2
03:35:02.25300,1917.000,33
03:35:02.81200,1917.000,18
03:35:06.53100,1917.250,11
03:35:06.71800,1917.250,8
03:35:09.61700,1917.000,20
03:35:10.10500,1917.000,5
03:35:10.64800,1917.000,9
03:35:12.00700,1917.000,11
03:35:14.21400,1917.250,14
03:35:20.02700,1917.500,18
03:35:20.13200,1917.500,4
03:35:21.26900,1917.500,5
03:35:21.56600,1917.500,3
03:35:22.39800,1917.500,10
03:35:22.96400,1917.500,3
03:35:25.51100,1917.750,27
03:35:25.90200,1917.750,2
03:35:26.38200,1917.750,1
03:35:27.73800,1918.000,37
03:35:29.33500,1917.750,15
03:35:31.17900,1917.750,6
03:35:33.68300,1918.000,20
03:35:34.11300,1918.000,5
03:35:42.42900,1918.000,18
03:35:45.39400,1918.000,1
03:35:45.66400,1918.000,16
03:35:46.45300,1918.000,6
03:35:47.17500,1918.000,2
03:35:55.00300,1917.750,24
03:35:55.00300,1917.750,4
03:35:56.23800,1917.500,21
03:35:56.42100,1917.500,10
03:35:58.50000,1917.750,3
03:35:59.48400,1917.750,1
03:36:02.12500,1918.000,24
03:36:02.31200,1918.000,33
03:36:03.27700,1918.000,8
03:36:06.36700,1918.250,41
03:36:06.61300,1918.500,25
03:36:08.58900,1918.500,32
03:36:08.73400,1918.250,40
03:36:10.03100,1918.500,6
03:36:10.43700,1918.500,3
03:36:11.63600,1918.250,17
03:36:16.52700,1918.500,14
03:36:16.70300,1918.500,15
03:36:17.32400,1918.500,7
03:36:18.02300,1918.500,1
03:36:19.37500,1918.750,7
03:36:19.94500,1918.750,1
03:36:21.64400,1918.750,3
03:36:22.85900,1918.500,12
03:36:25.30400,1918.500,12
03:36:26.32400,1918.750,45
03:36:26.40600,1919.000,6
03:36:27.63200,1918.750,14
03:36:28.01100,1919.000,99
03:36:29.92100,1920.000,1378
03:36:30.14800,1920.250,1
03:36:30.29200,1920.250,14
03:36:30.61300,1920.250,1
03:36:30.90200,1920.250,12
03:36:31.30800,1920.000,6
03:36:31.51500,1920.250,1
03:36:31.80000,1920.250,2
03:36:32.14400,1920.250,26
03:36:32.32000,1920.250,10
03:36:32.50000,1920.250,1
03:36:33.15200,1920.000,2
03:36:33.83500,1919.750,157
03:36:33.97200,1919.750,3
03:36:34.49600,1919.750,2
03:36:35.39400,1919.750,1
03:36:37.77700,1919.750,6
03:36:38.10100,1920.000,1
03:36:39.22200,1920.000,1
03:36:39.74600,1920.000,2
03:36:40.01500,1919.750,2
03:36:41.17900,1919.750,1
03:36:44.17500,1920.000,5
03:36:45.23000,1919.750,6
03:36:45.66000,1920.000,1
03:36:46.59300,1920.000,1
03:36:46.89800,1920.000,5
03:36:49.00700,1919.750,1
03:36:49.37100,1920.000,5
03:36:50.43300,1920.000,95
03:36:50.48800,1920.000,18
03:36:51.60900,1919.750,3
03:36:53.53900,1920.000,16
03:36:53.67900,1920.250,1
03:36:54.15200,1920.000,51
03:36:54.15600,1920.000,16
03:36:55.68300,1920.000,1
03:36:55.89800,1920.000,3
03:36:55.96800,1920.000,1
03:36:59.79600,1919.750,5
03:37:01.08500,1919.750,38
03:37:01.45300,1919.750,2
03:37:02.76900,1920.000,32
03:37:03.18300,1920.250,26
03:37:03.57400,1920.000,49
03:37:06.19500,1920.000,8
03:37:06.27700,1920.000,5
03:37:07.08500,1920.000,1
03:37:08.15200,1920.250,2
03:37:08.45700,1920.000,3
03:37:08.91000,1920.250,2
03:37:10.15600,1920.000,1
03:37:11.14400,1920.000,1
03:37:12.16700,1920.250,5
03:37:12.96000,1920.000,7
03:37:14.44500,1920.000,32
03:37:14.58200,1919.750,36
03:37:16.13200,1919.750,2
03:37:16.33200,1919.750,3
03:37:18.62100,1919.500,40
03:37:18.88600,1919.500,10
03:37:20.15600,1919.500,2
03:37:20.39400,1919.250,10
03:37:26.15200,1919.500,1
03:37:26.53900,1919.500,23
03:37:27.81200,1919.500,1
03:37:27.88200,1919.500,23
03:37:28.08200,1919.500,2
03:37:30.26900,1919.750,51
03:37:32.64400,1919.750,10
03:37:34.93300,1919.500,37
03:37:36.95300,1919.500,7
03:37:37.06600,1919.500,16
03:37:41.21400,1919.750,10
03:37:41.32400,1920.000,1
03:37:42.14000,1919.750,154
03:37:42.62500,1919.750,19
03:37:44.91700,1919.750,14
03:37:46.72600,1919.750,5
03:37:46.91400,1919.750,1
03:37:47.74200,1919.750,1
03:37:49.62500,1919.750,52
03:37:49.88200,1919.750,1
03:37:50.03900,1919.750,2
03:37:50.15600,1919.750,1
03:37:50.37800,1919.750,1
03:37:51.55000,1919.750,3
03:37:51.94100,1919.750,7
03:37:54.52700,1920.000,32
03:37:54.92500,1920.000,32
03:37:57.45700,1919.750,19
03:37:59.34700,1919.500,17
03:38:01.00700,1919.250,2
03:38:02.26900,1919.500,18
03:38:03.47200,1919.250,10
03:38:04.47600,1919.250,4
03:38:04.73000,1919.250,12
03:38:05.63200,1919.250,8
03:38:08.01500,1919.500,14
03:38:09.15600,1919.500,12
03:38:10.88600,1919.750,10
03:38:11.61700,1919.500,1
03:38:13.17500,1919.750,3
03:38:15.76500,1919.750,2
03:38:16.23000,1919.750,6
03:38:18.12100,1919.750,5
03:38:20.30000,1919.500,18
03:38:20.83500,1919.500,1
03:38:25.27700,1919.500,16
03:38:29.12100,1919.750,10
03:38:29.69900,1919.750,10
03:38:30.89800,1919.750,1
03:38:35.93300,1919.750,14
03:38:40.62100,1919.750,30
03:38:42.65600,1919.750,8
03:38:43.33500,1919.750,6
03:38:44.81600,1919.750,1
03:38:47.75300,1919.750,2
03:38:48.54600,1920.000,1
03:38:53.48400,1919.750,12
03:38:55.18300,1919.500,21
03:38:56.23000,1919.250,18
03:38:57.42500,1919.250,55
03:38:58.17100,1919.500,20
03:38:59.66000,1919.500,5
03:39:00.78100,1919.500,9
03:39:02.16400,1919.500,5
03:39:06.46000,1919.500,1
03:39:06.62100,1919.750,8
03:39:07.17100,1919.750,19
03:39:07.34300,1919.750,6
03:39:08.46800,1919.750,8
03:39:09.61700,1919.750,3
03:39:10.85500,1919.750,2
03:39:13.53900,1919.750,18
03:39:14.74600,1919.750,6
03:39:17.32400,1919.750,3
03:39:18.54200,1919.750,1
03:39:19.76900,1919.750,14
03:39:20.73400,1919.750,4
03:39:21.92900,1919.750,22
03:39:23.63600,1920.000,18
03:39:25.32400,1920.000,4
03:39:25.54200,1920.000,2
03:39:26.76900,1920.250,9
03:39:27.09300,1920.000,81
03:39:27.75300,1920.000,8
03:39:30.43700,1919.750,7
03:39:30.64400,1919.750,3
03:39:31.93300,1919.500,17
03:39:32.72200,1919.500,1
03:39:33.76900,1919.250,16
03:39:33.91700,1919.250,5
03:39:35.05000,1919.000,67
03:39:36.09300,1919.000,25
03:39:37.76500,1919.000,44
03:39:38.07800,1919.000,2
03:39:38.94500,1919.000,1
03:39:39.35500,1919.250,1
03:39:43.40200,1919.250,8
03:39:44.16400,1919.000,32
03:39:45.23000,1918.750,12
03:39:45.24600,1918.750,9
03:39:46.63200,1918.750,5
03:39:49.05800,1919.000,11
03:39:50.60100,1919.000,3
03:39:52.17900,1919.000,7
03:39:52.59300,1919.000,1
03:39:54.23000,1919.000,8
03:39:55.29200,1919.000,13
03:40:01.50700,1919.000,28
03:40:02.91400,1919.000,22
03:40:03.86700,1919.000,29
03:40:06.01500,1919.250,16
03:40:06.01900,1919.250,11
03:40:06.95300,1919.000,29
03:40:09.96800,1919.000,2
03:40:13.20700,1918.750,28
03:40:13.30000,1918.750,5
03:40:13.82000,1918.750,2
03:40:14.64800,1918.750,18
03:40:16.03900,1918.500,294
03:40:16.08900,1918.500,1
03:40:17.10100,1918.500,9
03:40:21.77700,1918.750,10
03:40:22.44100,1918.750,2
03:40:22.64000,1918.750,7
03:40:28.31600,1919.000,5
03:40:31.19900,1919.000,10
03:40:33.75300,1918.750,22
03:40:33.84700,1918.750,5
03:40:35.38200,1918.750,3
03:40:36.83200,1918.750,16
03:40:38.09300,1918.750,1
03:40:39.80000,1919.250,283
03:40:40.03500,1919.250,21
03:40:40.23400,1919.250,1
03:40:40.57000,1919.250,16
03:40:42.19900,1919.250,7
03:40:43.32800,1919.250,1
03:40:45.00700,1919.250,1
03:40:46.52300,1919.250,5
03:40:47.24200,1919.000,1
03:40:48.27700,1919.250,37
03:40:49.36700,1919.000,39
03:40:58.44500,1919.000,1
03:41:03.04200,1919.000,274
03:41:08.16000,1919.250,43
03:41:09.56200,1919.250,1
03:41:10.84700,1919.250,3
03:41:12.78100,1919.250,1
03:41:13.58200,1919.250,2
03:41:17.61700,1919.250,1
03:41:18.25300,1918.750,246
03:41:18.35900,1918.750,1
03:41:18.63200,1918.750,6
03:41:18.90200,1918.750,3
03:41:22.00700,1919.000,16
03:41:26.37500,1919.000,8
03:41:28.53100,1919.000,34
03:41:28.73800,1919.000,6
03:41:30.48400,1919.000,5
03:41:31.78500,1919.000,15
03:41:32.93700,1919.000,3
03:41:39.48000,1919.250,16
03:41:41.72200,1919.000,253
03:41:44.25700,1919.250,5
03:41:44.55000,1919.250,37
03:41:46.66400,1919.250,12
03:41:49.91000,1919.000,10
03:41:51.28500,1919.000,14
03:41:51.92900,1919.250,31
03:41:53.07800,1919.250,1
03:41:53.46000,1919.750,98
03:41:55.15600,1919.750,7
03:41:59.00300,1919.750,13
03:42:02.19900,1919.750,11
03:42:04.10500,1919.500,41
03:42:04.30000,1919.250,2
03:42:05.42500,1919.500,1
03:42:08.37800,1919.250,131
03:42:10.54600,1919.500,19
03:42:11.45700,1919.500,20
03:42:12.37800,1919.500,62
03:42:13.88200,1919.500,3
03:42:14.39400,1919.500,61
03:42:16.59300,1919.500,1
03:42:21.68300,1919.500,1
03:42:22.08500,1919.250,20
03:42:24.13200,1919.500,16
03:42:24.82000,1919.500,1
03:42:26.67100,1919.750,1
03:42:27.58500,1919.500,12
03:42:29.63200,1919.250,53
03:42:31.34700,1919.500,13
03:42:31.73000,1919.750,2
03:42:35.35100,1919.750,46
03:42:35.66000,1919.750,6
03:42:38.58500,1920.000,27
03:42:38.91400,1920.000,18
03:42:41.64400,1920.000,1
03:42:43.16700,1920.000,81
03:42:43.22600,1920.000,10
03:42:44.47200,1920.000,5
03:42:45.22200,1920.000,10
03:42:45.65200,1920.000,2
03:42:47.87100,1920.000,1
03:42:48.67100,1920.000,5
03:42:51.31200,1920.250,1
03:42:52.01100,1920.000,11
03:42:52.43300,1919.750,5
03:42:59.80800,1920.000,15
03:43:01.64000,1920.250,25
03:43:01.94900,1920.250,18
03:43:02.04200,1920.250,14
03:43:02.73000,1920.250,3
03:43:04.29600,1920.250,51
03:43:05.77700,1920.250,16
03:43:06.11700,1920.250,42
03:43:07.32800,1920.500,20
03:43:09.12800,1920.500,38
03:43:09.17100,1920.500,1
03:43:09.33900,1920.500,2
03:43:10.60900,1920.500,2
03:43:11.11700,1920.500,2
03:43:12.30800,1920.500,61
03:43:13.92100,1920.250,1
03:43:15.33200,1920.250,27
03:43:15.55000,1920.250,3
03:43:15.89000,1920.500,90
03:43:16.71800,1920.250,29
03:43:18.29600,1920.500,1
03:43:20.32400,1920.250,7
03:43:23.56200,1920.250,12
03:43:26.35100,1920.250,16
03:43:27.05000,1920.250,2
03:43:27.48800,1920.250,11
03:43:28.36700,1920.250,16
03:43:31.08500,1920.250,17
03:43:31.40200,1920.250,3
03:43:32.71000,1920.500,29
03:43:32.87100,1920.500,1
03:43:33.21400,1920.500,2
03:43:34.14400,1920.500,8
03:43:34.31200,1920.500,1
03:43:34.74200,1920.250,2
03:43:35.76100,1920.250,1
03:43:36.07800,1920.500,18
03:43:36.69500,1920.500,7
03:43:38.14800,1920.250,15
03:43:38.48000,1920.000,1
03:43:41.23800,1920.250,4
03:43:41.65600,1920.250,5
03:43:43.30000,1920.250,22
03:43:50.46400,1920.000,14
03:43:53.54600,1920.000,1
03:43:53.91700,1920.250,1
03:44:00.68300,1920.000,3
03:44:02.48000,1920.000,18
03:44:06.67100,1920.000,8
03:44:07.17900,1920.250,5
03:44:07.67100,1920.250,15
03:44:08.23800,1920.500,1
03:44:10.01100,1920.250,1
03:44:10.07800,1920.250,16
03:44:12.33900,1920.500,19
03:44:13.80000,1920.750,19
03:44:14.04600,1921.000,10
03:44:14.10500,1920.750,2
03:44:14.18300,1920.750,2
03:44:14.39000,1921.000,32
03:44:14.45300,1921.000,5
03:44:14.53900,1921.000,2
03:44:14.63600,1920.750,1
03:44:14.95700,1921.000,1
03:44:15.05400,1921.000,6
03:44:16.20700,1921.250,5
03:44:16.92500,1921.000,28
03:44:17.71400,1921.000,12
03:44:18.34700,1921.000,15
03:44:19.76500,1920.750,1
03:44:20.35500,1921.000,1
03:44:20.58500,1920.750,4
03:44:21.30400,1920.750,4
03:44:21.64400,1920.750,1
03:44:23.92100,1920.750,9
03:44:24.38600,1920.750,10
03:44:25.54200,1920.750,1
03:44:28.47600,1921.000,17
03:44:29.37500,1920.750,1
03:44:31.14800,1920.750,3
03:44:36.14400,1920.750,5
03:44:40.64400,1920.750,27
03:44:40.84700,1920.750,3
03:44:41.03900,1921.000,1
03:44:41.44500,1920.750,3
03:44:42.42100,1921.000,23
03:44:42.93700,1921.000,2
03:44:45.43700,1921.000,3
03:44:48.41000,1921.250,26
03:44:49.33900,1921.250,35
03:44:49.90200,1921.250,1
03:44:50.16700,1921.250,9
03:44:51.50700,1921.250,16
03:44:52.92500,1921.000,58
03:44:52.93700,1920.750,23
03:44:53.02300,1920.750,16
03:44:54.59700,1921.000,11
03:44:55.48000,1921.000,149
03:44:56.30000,1921.000,12
03:44:57.94100,1921.000,1
03:44:58.19500,1921.000,1
03:44:58.54200,1920.750,1
03:45:00.66700,1920.750,54
03:45:03.41700,1921.000,43
03:45:03.61300,1921.250,5
03:45:04.69900,1921.000,11
03:45:04.82800,1921.000,3
03:45:09.69500,1921.000,20
03:45:10.45300,1921.250,14
03:45:11.74600,1921.000,11
03:45:11.94500,1921.250,12
03:45:13.29600,1921.500,5
03:45:14.20700,1921.250,8
03:45:14.58500,1921.250,3
03:45:15.05400,1921.500,22
03:45:15.66000,1921.250,15
03:45:16.26900,1921.250,15
03:45:17.48000,1921.250,10
03:45:17.64800,1921.250,1
03:45:17.77300,1921.250,8
03:45:19.35900,1921.250,1
03:45:20.16700,1921.250,9
03:45:20.30400,1921.250,3
03:45:20.39400,1921.000,17
03:45:22.33200,1921.250,8
03:45:24.07800,1921.250,7
03:45:27.31600,1921.000,36
03:45:27.51100,1921.000,3
03:45:30.19500,1920.750,20
03:45:30.43700,1920.500,5
03:45:30.58500,1920.500,23
03:45:32.78100,1920.500,1
03:45:33.07800,1920.500,6
03:45:33.90600,1920.500,4
03:45:34.30400,1920.500,1
03:45:35.05000,1920.500,4
03:45:35.64000,1920.500,1
03:45:37.72200,1920.750,18
03:45:37.87800,1920.750,4
03:45:39.02300,1921.000,2
03:45:39.72200,1920.750,2
03:45:41.07400,1920.750,1
03:45:41.53900,1920.500,27
03:45:41.92500,1920.250,1
03:45:46.72600,1920.250,1
03:45:48.08200,1920.500,7
03:45:48.87800,1920.750,16
03:45:49.53900,1920.750,8
03:45:49.71000,1920.750,6
03:45:50.14800,1920.750,1
03:45:51.85900,1921.000,2
03:45:53.10900,1920.750,10
03:45:55.37800,1920.750,1
03:45:57.17900,1920.500,8
03:45:58.64000,1920.500,5
03:46:00.83900,1920.750,17
03:46:02.25300,1920.750,1
03:46:03.75300,1921.000,3
03:46:08.37100,1920.750,22
03:46:09.14400,1920.750,10
03:46:09.82400,1920.750,4
03:46:10.51500,1920.750,2
03:46:10.68700,1920.750,7
03:46:10.92500,1920.750,2
03:46:11.27700,1920.750,1
03:46:11.50700,1920.750,11
03:46:13.71400,1920.500,11
03:46:14.33900,1920.750,10
03:46:15.10500,1920.500,1
03:46:16.79600,1920.750,1
03:46:17.64000,1920.750,20
03:46:20.96000,1920.750,4
03:46:22.73400,1921.000,15
03:46:23.83500,1921.250,7
03:46:24.53900,1921.250,17
03:46:24.54200,1921.250,7
03:46:28.41000,1921.500,5
03:46:30.00700,1921.250,35
03:46:30.79200,1921.000,16
03:46:34.09300,1921.000,5
03:46:34.56600,1921.000,8
03:46:35.65600,1921.000,1
03:46:37.14000,1920.750,9
03:46:38.00300,1920.750,2
03:46:38.33200,1920.750,12
03:46:39.66000,1920.500,17
03:46:39.81200,1920.500,22
03:46:39.96400,1920.500,2
03:46:41.72600,1920.250,21
03:46:42.88600,1920.500,6
03:46:44.41000,1920.250,63
03:46:45.02700,1920.500,10
03:46:46.11300,1920.500,10
03:46:46.30400,1920.500,16
03:46:47.67100,1920.500,1
03:46:54.63200,1920.750,20
03:46:55.59700,1920.750,1
03:46:56.38200,1921.000,37
03:46:59.39000,1921.000,1
03:47:05.38200,1921.250,21
03:47:05.58500,1921.250,9
03:47:05.69500,1921.250,1
03:47:10.28900,1921.000,5
03:47:10.46000,1921.000,7
03:47:10.82400,1921.000,1
03:47:10.88600,1921.000,4
03:47:11.23800,1921.000,5
03:47:13.32000,1921.000,7
03:47:19.17900,1920.750,82
03:47:19.45300,1921.000,56
03:47:19.52300,1921.000,14
03:47:19.82800,1921.000,1
03:47:20.47600,1921.000,15
03:47:21.01100,1921.000,7
03:47:22.08500,1921.000,6
03:47:22.62800,1921.000,3
03:47:23.87800,1921.250,13
03:47:24.64800,1921.250,1
03:47:25.25000,1921.250,32
03:47:26.42500,1921.250,5
03:47:28.57800,1921.250,4
03:47:29.06600,1921.250,10
03:47:31.51500,1921.250,1
03:47:32.12800,1921.250,9
03:47:35.11300,1921.250,10
03:47:36.73000,1921.250,6
03:47:37.96000,1921.250,4
03:47:40.00700,1921.250,5
03:47:40.89800,1921.000,13
03:47:41.09700,1921.000,3
03:47:41.18700,1921.000,1
03:47:43.33200,1921.000,5
03:47:47.85500,1921.000,1
03:47:48.10500,1921.000,20
03:47:48.39000,1920.750,19
03:47:49.92100,1920.750,10
03:47:50.81200,1920.750,1
03:47:52.54600,1920.500,18
03:47:52.83500,1920.500,4
03:47:54.00700,1920.500,2
03:47:54.43300,1920.250,14
03:47:55.72200,1920.250,14
03:47:56.42500,1920.250,8
03:47:56.70700,1920.250,2
03:47:59.01100,1920.500,22
03:48:00.75000,1920.500,9
03:48:01.12100,1920.500,2
03:48:01.64000,1920.250,1
03:48:02.92900,1920.500,3
03:48:07.67900,1920.500,24
03:48:12.62100,1920.500,12
03:48:16.23800,1920.250,17
03:48:16.73000,1920.250,2
03:48:17.83200,1920.250,1
03:48:21.07800,1920.250,17
03:48:21.68700,1920.250,5
03:48:24.12100,1920.250,5
03:48:24.69900,1920.500,18
03:48:24.85900,1920.500,7
03:48:25.92500,1920.500,7
03:48:26.10500,1920.250,2
03:48:26.74200,1920.250,28
03:48:26.96000,1920.250,1
03:48:27.96000,1920.250,12
03:48:33.00700,1920.500,15
03:48:33.78100,1920.500,4
03:48:34.62500,1920.500,5
03:48:35.53100,1920.500,10
03:48:37.07800,1920.500,8
03:48:38.80400,1920.250,4
03:48:40.64400,1920.500,3
03:48:40.85500,1920.750,16
03:48:41.59700,1920.500,16
03:48:42.43700,1920.500,3
03:48:43.32800,1920.500,12
03:48:44.78100,1920.500,1
03:48:45.93300,1920.000,63
03:48:46.48000,1920.250,14
03:48:46.67500,1920.250,9
03:48:47.45300,1920.250,4
03:48:47.51500,1920.250,5
03:48:49.07000,1920.000,24
03:48:49.59700,1919.750,34
03:48:50.14800,1919.750,60
03:48:50.71000,1919.750,132
03:48:51.80000,1919.500,25
03:48:52.75700,1919.500,1
03:48:53.33500,1919.250,4
03:48:54.13600,1919.250,36
03:48:54.78500,1919.500,2
03:48:54.89400,1919.250,1
03:48:56.26900,1919.500,53
03:48:56.74600,1919.500,5
03:48:59.26100,1919.500,5
03:48:59.43300,1919.500,1
03:48:59.83900,1919.750,16
03:49:00.52300,1920.000,1
03:49:01.25300,1919.750,9
03:49:02.15200,1919.750,2
03:49:04.87100,1920.000,10
03:49:05.05800,1920.000,5
03:49:05.35500,1920.000,2
03:49:05.36700,1920.000,3
03:49:06.46000,1920.000,6
03:49:08.75300,1920.000,4
03:49:11.75300,1920.000,17
03:49:12.25300,1920.250,19
03:49:14.07400,1920.000,1
03:49:16.17500,1920.000,1
03:49:17.91400,1920.250,1
03:49:19.92500,1920.250,9
03:49:21.40200,1920.000,6
03:49:21.88600,1920.000,3
03:49:23.42900,1919.750,4
03:49:23.54600,1919.750,4
03:49:24.63600,1919.500,73
03:49:24.92500,1919.500,8
03:49:28.37500,1919.250,7
03:49:29.87500,1919.250,1
03:49:30.79600,1919.500,25
03:49:30.86300,1919.500,2
03:49:31.87500,1919.500,4
03:49:35.15600,1919.500,16
03:49:35.57800,1919.500,5
03:49:35.85100,1919.500,6
03:49:36.96400,1919.500,5
03:49:39.18300,1919.500,23
03:49:41.37500,1919.500,16
03:49:41.84700,1919.500,3
03:49:44.31200,1919.500,1
03:49:45.46400,1919.500,1
03:49:46.48000,1919.500,2
03:49:47.57800,1919.250,37
03:49:47.67500,1919.250,7
03:49:49.33500,1919.250,1
03:49:51.40600,1919.250,2
03:49:51.63200,1919.000,3
03:49:51.89400,1919.250,1
03:49:53.35900,1919.250,3
03:49:56.06200,1919.250,1
03:49:56.35900,1919.000,1
03:49:57.60100,1919.250,1
03:50:01.75300,1919.250,22
03:50:02.17900,1919.250,1
03:50:03.19500,1919.250,3
03:50:06.08900,1919.250,54
03:50:06.67900,1919.250,6
03:50:07.20300,1919.250,8
03:50:09.82400,1919.500,12
03:50:10.24200,1919.500,1
03:50:17.24200,1919.750,8
03:50:17.83200,1919.750,3
03:50:18.77300,1919.750,1
03:50:19.58200,1919.750,10
03:50:20.60500,1919.750,1
03:50:22.59700,1919.500,18
03:50:23.87500,1919.500,11
03:50:28.94900,1919.500,11
03:50:29.21400,1919.750,12
03:50:29.30000,1919.750,15
03:50:34.05800,1919.750,9
03:50:35.75000,1919.500,9
03:50:37.39800,1919.500,1
03:50:39.74600,1919.750,6
03:50:41.23800,1919.750,4
03:50:42.78900,1919.750,7
03:50:43.45300,1919.750,7
03:50:45.46800,1919.750,9
03:50:47.69900,1919.750,19
03:50:50.21000,1919.750,1
03:50:53.30400,1920.000,20
03:50:54.26100,1920.000,2
03:50:55.42900,1920.000,3
03:50:55.55000,1920.000,2
03:51:01.03900,1920.250,31
03:51:03.07400,1920.250,37
03:51:03.37500,1920.000,1
03:51:04.62500,1920.250,10
03:51:05.58900,1920.000,18
03:51:06.43300,1920.000,1
03:51:08.40200,1920.000,12
03:51:08.61300,1920.000,6
03:51:10.82000,1920.250,15
03:51:12.17900,1920.000,12
03:51:14.04600,1920.000,1
03:51:14.44500,1920.000,5
03:51:15.91700,1919.750,4
03:51:18.82000,1920.000,6
03:51:19.94900,1920.250,12
03:51:20.70300,1920.250,4
03:51:21.97200,1920.250,2
03:51:22.67500,1920.500,29
03:51:24.70700,1920.500,13
03:51:28.43300,1920.750,44
03:51:28.91400,1920.750,2
03:51:29.11700,1920.750,1
03:51:29.66400,1920.750,1
03:51:31.03100,1920.750,11
03:51:33.78900,1920.750,20
03:51:34.72200,1921.000,13
03:51:36.24200,1921.000,1
03:51:36.39800,1921.000,18
03:51:38.04600,1921.000,19
03:51:39.30000,1921.000,9
03:51:39.76100,1921.000,14
03:51:40.57400,1921.000,10
03:51:41.58900,1921.500,29
03:51:41.67900,1921.500,21
03:51:42.05800,1921.500,42
03:51:42.26900,1921.500,5
03:51:43.42500,1921.500,28
03:51:43.80000,1921.500,1
03:51:43.90600,1921.500,1
03:51:44.09300,1921.500,1
03:51:44.16000,1921.500,1
03:51:44.30800,1921.500,2
03:51:44.37800,1921.500,1
03:51:44.80000,1921.500,17
03:51:45.02700,1921.500,1
03:51:45.22200,1921.500,6
03:51:45.93300,1921.250,7
03:51:46.17100,1921.250,2
03:51:46.45300,1921.500,2
03:51:46.93300,1921.250,5
03:51:47.71400,1921.500,1
03:51:48.09700,1921.500,26
03:51:49.76100,1921.500,10
03:51:51.11700,1922.000,73
03:51:51.23000,1921.750,1
03:51:51.80400,1921.750,1
03:51:52.28900,1921.750,11
03:51:52.82000,1921.750,1
03:51:54.74600,1921.750,19
03:51:56.33500,1921.500,15
03:51:57.28900,1921.500,4
03:51:57.85100,1921.500,4
03:51:59.62800,1921.500,8
03:52:01.78900,1921.750,23
03:52:02.76100,1921.750,3
03:52:02.96400,1921.750,5
03:52:05.48800,1921.750,1
03:52:05.65600,1921.750,1
03:52:05.82000,1921.750,1
03:52:05.96400,1921.750,1
03:52:06.14800,1921.750,1
03:52:06.27700,1921.750,1
03:52:06.47600,1921.750,1
03:52:06.57400,1921.750,1
03:52:06.69900,1921.750,1
03:52:06.78900,1921.750,14
03:52:07.61700,1921.500,4
03:52:08.42100,1921.750,4
03:52:10.03500,1921.500,46
03:52:10.06600,1921.500,7
03:52:10.28100,1921.500,12
03:52:11.06200,1921.500,28
03:52:12.78100,1921.500,5
03:52:13.15600,1921.750,1
03:52:14.02700,1921.750,2
03:52:14.94900,1921.500,1
03:52:15.39000,1921.750,10
03:52:16.91700,1921.750,10
03:52:20.48000,1921.750,6
03:52:20.92500,1921.750,32
03:52:23.12800,1921.500,4
03:52:28.34700,1921.750,74
03:52:30.46400,1921.750,1
03:52:32.40200,1921.750,1
03:52:32.62100,1921.750,2
03:52:33.46400,1921.750,4
03:52:38.63200,1921.750,4
03:52:39.24200,1922.000,67
03:52:39.51100,1922.250,3
03:52:39.73000,1922.000,31
03:52:40.25000,1922.000,2
03:52:40.74200,1921.750,1
03:52:41.25700,1921.750,25
03:52:42.10500,1921.750,23
03:52:42.54600,1922.000,19
03:52:44.03900,1922.000,8
03:52:45.11700,1922.000,20
03:52:47.69900,1922.250,52
03:52:47.78500,1922.250,2
03:52:47.93700,1922.250,1
03:52:48.94500,1922.000,32
03:52:49.11700,1921.750,4
03:52:49.68700,1922.000,2
03:52:50.42100,1922.250,1
03:52:50.71000,1922.000,16
03:52:52.26500,1922.000,1
03:52:54.14800,1921.750,10
03:52:54.76100,1922.000,13
03:52:54.82400,1922.000,10
03:52:55.29600,1922.000,1
03:52:55.48400,1922.000,4
03:52:55.85100,1922.250,23
03:52:58.91700,1922.250,13
03:52:59.87100,1922.000,22
03:53:01.69100,1922.250,5
03:53:01.96800,1922.250,1
03:53:02.25700,1922.000,1
03:53:04.48000,1922.000,4
03:53:04.91000,1922.000,1
03:53:05.19100,1922.000,2
03:53:05.81600,1922.000,3
03:53:06.36700,1922.000,1
03:53:08.44100,1922.000,56
03:53:08.66700,1921.750,1
03:53:08.89800,1922.000,2
03:53:12.76500,1922.000,14
03:53:13.48000,1922.000,22
03:53:14.55800,1922.000,7
03:53:14.75000,1922.000,5
03:53:15.78100,1922.000,3
03:53:16.14000,1921.750,67
03:53:19.97200,1921.500,6
03:53:20.50000,1921.500,27
03:53:20.55400,1921.500,8
03:53:21.10900,1921.250,36
03:53:22.87800,1921.250,1
03:53:23.48000,1921.500,20
03:53:23.61300,1921.500,2
03:53:24.23000,1921.500,33
03:53:26.61700,1921.500,18
03:53:28.41400,1921.500,10
03:53:28.65200,1921.500,1
03:53:29.82400,1921.500,6
03:53:34.30000,1921.500,2
03:53:34.88200,1921.750,75
03:53:39.81200,1921.750,1
03:53:40.66000,1921.500,4
03:53:41.21000,1921.750,38
03:53:41.52700,1921.500,43
03:53:42.71800,1921.500,24
03:53:44.34700,1921.250,1
03:53:44.73400,1921.500,2
03:53:45.82400,1921.250,4
03:53:46.21400,1921.250,1
03:53:46.89800,1921.500,18
03:53:48.17100,1921.500,9
03:53:51.01500,1921.250,5
03:53:51.21400,1921.250,6
03:53:51.25000,1921.250,6
03:53:54.29600,1921.250,25
03:53:56.17900,1921.000,4
03:53:56.50300,1921.000,3
03:53:56.79200,1921.250,11
03:53:57.89000,1921.250,1
03:53:58.51900,1921.500,1
03:54:01.34300,1921.250,21
03:54:02.24200,1921.250,1
03:54:02.34700,1921.250,4
03:54:03.36300,1921.250,7
03:54:03.53100,1921.250,12
03:54:04.91400,1921.500,21
03:54:09.31200,1921.750,43
03:54:09.67500,1921.750,4
03:54:12.12100,1921.750,1
03:54:12.57800,1921.750,3
03:54:13.79600,1922.000,1
03:54:15.55400,1922.250,153
03:54:17.33500,1922.000,1
03:54:17.97200,1922.000,16
03:54:20.59300,1922.250,14
03:54:20.68300,1922.250,13
03:54:21.72600,1922.250,7
03:54:22.09300,1922.250,1
03:54:22.48800,1922.250,1
03:54:24.13600,1922.000,34
03:54:24.60500,1922.000,5
03:54:26.00000,1922.000,1
03:54:26.52300,1921.750,3
03:54:26.64400,1921.750,9
03:54:26.74600,1921.750,6
03:54:27.00000,1921.750,11
03:54:27.19100,1921.750,5
03:54:27.23800,1921.750,1
03:54:27.90200,1921.750,3
03:54:28.41700,1921.750,3
03:54:29.41000,1921.750,7
03:54:31.10500,1921.750,1
03:54:31.55800,1922.000,5
03:54:31.60900,1921.750,1
03:54:32.26500,1922.000,15
03:54:32.94100,1922.000,9
03:54:34.14000,1922.000,11
03:54:35.86300,1922.250,10
03:54:37.45700,1922.250,20
03:54:38.95700,1922.250,1
03:54:40.01500,1922.250,42
03:54:40.55000,1922.250,20
03:54:41.71000,1922.750,100
03:54:41.86300,1922.750,3
03:54:42.17500,1922.750,1
03:54:42.28900,1922.500,12
03:54:42.65200,1922.500,2
03:54:42.77300,1922.750,1
03:54:42.95300,1922.750,3
03:54:43.46400,1922.500,12
03:54:44.51900,1922.750,1
03:54:45.26100,1922.750,1
03:54:46.29200,1922.750,1
03:54:46.87500,1922.750,3
03:54:47.84700,1922.500,4
03:54:48.40200,1922.750,2
03:54:48.67100,1922.500,5
03:54:49.00300,1922.500,21
03:54:49.09300,1922.250,12
03:54:49.46000,1922.250,20
03:54:49.51900,1922.250,1
03:54:49.82000,1922.500,2
03:54:50.01500,1922.250,5
03:54:50.06600,1922.250,1
03:54:53.23000,1922.250,6
03:54:54.03500,1922.000,2
03:54:54.46000,1922.250,2
03:54:55.32800,1922.000,6
03:54:56.62500,1922.000,14
03:54:57.19100,1922.000,15
03:54:57.51900,1922.000,5
03:54:57.95300,1922.250,1
03:54:58.42100,1922.000,5
03:55:00.06600,1922.250,12
03:55:00.50700,1922.250,1
03:55:01.56200,1922.500,13
03:55:02.65600,1922.500,1
03:55:03.03100,1922.500,1
03:55:03.84700,1922.500,1
03:55:04.06200,1922.500,3
03:55:04.31600,1922.500,10
03:55:04.71400,1922.500,1
03:55:05.36300,1922.500,1
03:55:06.03100,1922.500,11
03:55:06.33500,1922.500,6
03:55:06.72200,1922.500,3
03:55:07.05400,1922.500,8
03:55:07.91400,1922.500,16
03:55:08.77700,1922.500,1
03:55:10.14800,1922.500,6
03:55:11.14000,1922.500,19
03:55:12.09700,1922.500,2
03:55:12.55000,1922.250,29
03:55:12.75300,1922.500,8
03:55:14.47600,1922.250,17
03:55:14.75700,1922.500,1
03:55:17.55000,1922.250,74
03:55:18.49200,1922.500,6
03:55:19.92500,1922.000,28
03:55:23.21000,1922.000,10
03:55:24.35900,1922.000,1
03:55:27.00300,1922.000,28
03:55:28.21000,1922.000,15
03:55:28.39800,1922.000,1
03:55:28.72600,1922.000,11
03:55:30.70300,1922.000,22
03:55:31.14000,1922.000,7
03:55:31.67100,1922.250,62
03:55:32.43300,1922.500,32
03:55:32.95700,1922.500,1
03:55:34.78100,1922.500,76
03:55:34.96400,1922.500,3
03:55:38.18700,1922.500,55
03:55:38.96400,1922.500,13
03:55:39.67500,1922.250,1
03:55:42.21000,1922.250,13
03:55:44.62500,1922.250,3
03:55:44.62500,1922.250,2
03:55:46.32400,1922.000,44
03:55:46.57400,1922.000,1
03:55:48.06200,1921.750,8
03:55:49.35100,1921.750,10
03:55:51.81600,1921.750,18
03:55:52.26500,1922.000,29
03:55:54.16000,1922.000,8
03:55:54.40200,1922.000,3
03:55:55.38200,1922.000,7
03:55:56.82800,1922.250,1
03:55:59.14000,1922.250,27
03:56:00.53900,1922.500,59
03:56:00.81200,1922.500,3
03:56:03.31600,1922.500,12
03:56:03.77700,1922.500,1
03:56:04.26100,1922.500,3
03:56:04.38200,1922.750,4
03:56:05.65600,1922.500,1
03:56:06.05400,1922.500,1
03:56:07.24200,1922.500,58
03:56:07.29600,1922.500,4
03:56:07.89800,1922.500,1
03:56:10.34300,1922.750,34
03:56:10.57400,1922.750,2
03:56:11.22200,1922.750,11
03:56:11.65600,1922.750,1
03:56:11.89400,1922.750,1
03:56:12.72200,1922.750,6
03:56:14.44500,1922.750,8
03:56:15.53900,1922.750,4
03:56:15.60900,1922.750,3
03:56:15.85100,1922.750,12
03:56:16.50300,1922.750,31
03:56:19.07000,1922.500,58
03:56:19.17100,1922.500,5
03:56:19.44100,1922.500,24
03:56:19.90200,1922.500,4
03:56:20.88600,1922.250,27
03:56:21.37500,1922.250,13
03:56:22.52700,1922.250,1
03:56:23.37500,1922.250,6
03:56:24.74200,1922.250,13
03:56:25.44500,1922.000,15
03:56:27.24200,1922.000,1
03:56:28.78100,1922.250,5
03:56:32.43700,1922.250,1
03:56:32.82800,1922.250,3
03:56:33.91000,1922.250,1
03:56:38.34700,1922.250,17
03:56:39.85500,1922.250,6
03:56:40.07000,1922.250,3
03:56:41.53100,1922.250,2
03:56:44.14800,1922.250,3
03:56:44.34700,1922.250,9
03:56:47.79200,1922.250,1
03:56:49.00300,1922.250,7
03:56:51.75000,1922.250,13
03:56:53.64800,1922.000,26
03:56:55.60100,1921.750,1
03:56:55.80800,1921.750,20
03:56:56.78100,1921.750,2
03:56:57.10100,1921.750,9
03:56:57.82800,1922.000,2
03:56:58.39400,1921.750,3
03:56:58.95700,1921.750,7
03:56:59.40200,1921.750,32
03:57:01.36700,1921.500,31
03:57:01.78900,1921.500,8
03:57:02.17500,1921.500,4
03:57:05.64000,1921.500,4
03:57:05.81200,1921.500,1
03:57:08.01100,1921.500,1
03:57:11.73000,1921.250,9
03:57:12.41000,1921.250,16
03:57:13.08500,1921.250,1
03:57:16.77700,1921.250,36
03:57:17.33200,1921.000,11
03:57:18.19900,1921.250,68
03:57:18.38200,1921.250,1
03:57:19.25000,1921.250,1
03:57:19.49200,1921.250,1
03:57:19.68700,1921.250,1
03:57:20.36300,1921.250,63
03:57:20.43700,1921.250,4
03:57:24.00300,1921.500,19
03:57:25.71400,1921.500,2
03:57:26.41400,1921.500,28
03:57:27.01100,1921.500,2
03:57:27.32800,1921.500,1
03:57:30.22200,1921.250,16
03:57:34.75300,1921.500,8
03:57:35.16700,1921.500,1
03:57:36.37800,1921.500,2
03:57:37.78900,1921.500,3
03:57:42.65200,1921.500,5
03:57:43.17100,1921.500,1
03:57:43.60500,1921.500,2
03:57:44.79600,1921.500,2
03:57:47.67100,1921.500,1
03:57:47.88200,1921.500,10
03:57:48.31600,1921.250,21
03:57:52.36300,1921.250,6
03:57:52.89800,1921.250,4
03:57:53.47200,1921.250,1
03:57:54.52300,1921.500,11
03:57:57.18300,1921.500,15
03:57:59.30000,1921.750,1
03:58:06.39000,1922.000,93
03:58:08.39400,1922.000,12
03:58:09.51900,1921.750,51
03:58:09.60100,1921.500,22
03:58:10.84700,1921.500,5
03:58:14.25700,1921.750,34
03:58:14.40200,1921.750,4
03:58:18.77300,1921.750,12
03:58:22.36300,1921.500,15
03:58:22.48400,1921.500,2
03:58:23.64400,1921.500,8
03:58:23.90600,1921.500,4
03:58:24.74200,1921.500,11
03:58:26.94900,1921.500,1
03:58:29.07400,1921.250,2
03:58:30.22200,1921.250,2
03:58:35.08900,1921.500,23
03:58:37.47600,1921.750,9
03:58:38.36300,1921.750,8
03:58:41.56200,1921.750,1
03:58:43.47200,1921.750,5
03:58:44.01900,1921.750,5
03:58:46.65600,1921.500,10
03:58:51.76900,1921.500,26
03:58:52.87100,1921.500,9
03:58:53.91000,1921.250,2
03:59:01.31600,1921.250,19
03:59:01.39800,1921.500,1
03:59:01.71400,1921.500,1
03:59:02.19500,1921.500,1
03:59:05.34300,1921.250,14
03:59:07.03500,1921.250,10
03:59:08.26100,1921.500,12
03:59:08.47600,1921.500,1
03:59:09.12500,1921.750,33
03:59:09.21000,1921.750,1
03:59:09.38200,1922.000,1
03:59:09.45700,1922.000,12
03:59:09.61300,1922.000,15
03:59:10.76900,1922.000,15
03:59:11.80000,1922.000,18
03:59:12.29600,1922.000,2
03:59:14.62500,1922.000,1
03:59:15.70700,1922.000,1
03:59:16.17500,1922.000,21
03:59:18.31600,1922.000,2
03:59:18.65200,1922.000,10
03:59:18.82400,1922.000,1
03:59:19.74200,1922.000,5
03:59:19.87500,1922.000,18
03:59:20.19900,1921.750,6
03:59:22.78500,1922.000,2
03:59:23.32000,1922.000,22
03:59:23.51900,1922.000,5
03:59:23.87100,1922.250,4
03:59:24.36700,1922.250,20
03:59:27.97200,1922.250,2
03:59:29.66700,1922.250,14
03:59:30.87500,1922.250,14
03:59:34.45700,1922.500,45
03:59:35.06200,1922.500,4
03:59:36.30000,1922.500,52
03:59:36.44500,1922.500,4
03:59:37.61300,1922.500,14
03:59:37.67900,1922.500,2
03:59:38.87500,1922.500,19
03:59:40.29200,1922.500,33
03:59:41.26500,1922.500,2
03:59:41.85900,1922.250,6
03:59:43.44100,1922.500,14
03:59:43.75700,1922.500,1
03:59:45.89000,1922.500,8
03:59:46.03500,1922.500,12
03:59:47.67500,1922.500,18
03:59:48.62500,1922.250,14
03:59:48.70300,1922.250,9
03:59:49.54600,1922.250,6
03:59:49.89000,1922.250,1
03:59:51.17500,1922.250,9
03:59:53.70300,1922.250,50
03:59:55.69900,1922.250,15
03:59:58.27700,1922.250,1
03:59:58.51100,1922.250,5
03:59:58.71400,1922.250,2
03:59:58.94500,1922.250,3
03:59:59.68300,1922.250,9
04:00:00.43700,1922.000,0
04:00:00.53100,1922.250,8
04:00:00.64800,1922.250,5
04:00:00.76100,1922.250,1
04:00:01.92900,1922.500,2
04:00:02.26500,1922.500,1
04:00:02.48400,1922.250,1
04:00:04.23800,1922.250,16
04:00:07.50700,1922.250,1
04:00:08.72200,1922.250,1
04:00:09.31600,1922.250,18
04:00:09.55800,1922.250,9
04:00:10.69500,1922.250,1
04:00:11.17500,1922.250,12
04:00:11.34700,1922.250,1
04:00:11.55800,1922.250,4
04:00:12.11300,1922.250,1
04:00:14.43700,1922.000,50
04:00:17.46000,1921.750,18
04:00:18.37800,1921.500,14
04:00:19.16000,1921.500,9
04:00:20.70700,1921.500,1
04:00:22.15200,1921.250,10
04:00:22.69900,1921.250,61
04:00:26.45700,1921.500,60
04:00:28.04600,1921.250,1
04:00:30.00700,1921.250,1
04:00:31.85500,1921.500,16
04:00:32.86300,1921.250,1
04:00:33.72200,1921.250,6
04:00:34.94900,1921.250,22
04:00:39.46800,1921.500,16
04:00:39.51500,1921.500,6
04:00:41.86300,1921.500,3
04:00:43.12800,1921.500,1
04:00:44.26500,1921.500,10
04:00:45.48400,1921.500,2
04:00:46.00000,1921.250,59
04:00:47.02700,1921.250,48
04:00:48.37100,1921.500,2
04:00:56.31600,1921.250,16
04:00:58.72600,1921.500,1
04:00:58.91000,1921.500,15
04:01:01.59300,1921.750,3
04:01:06.67100,1921.500,6
04:01:07.13200,1921.500,1
04:01:08.20300,1921.250,15
04:01:09.20300,1921.000,3
04:01:09.37500,1921.000,10
04:01:10.10900,1920.750,19
04:01:10.22200,1920.500,3
04:01:10.48000,1920.750,10
04:01:11.53500,1920.750,4
04:01:12.80400,1920.750,1
04:01:14.26500,1921.000,50
04:01:14.35500,1921.250,1
04:01:14.82000,1921.250,3
04:01:15.37500,1921.000,9
04:01:17.60900,1920.750,1
04:01:17.90200,1920.750,11
04:01:18.31600,1920.750,1
04:01:19.45700,1920.750,28
04:01:19.73000,1920.500,99
04:01:20.30800,1920.500,1
04:01:20.45300,1920.500,1
04:01:20.90600,1920.500,1
04:01:21.01900,1920.500,1
04:01:21.35900,1920.250,5
04:01:22.16400,1920.250,18
04:01:23.17900,1920.250,5
04:01:23.87100,1920.250,4
04:01:24.04600,1920.250,6
04:01:24.19500,1920.250,6
04:01:24.41400,1920.250,3
04:01:26.10900,1920.500,1
04:01:26.56600,1920.500,11
04:01:26.93300,1920.250,1
04:01:28.30400,1920.500,57
04:01:28.48800,1920.250,1
04:01:29.47200,1920.500,1
04:01:30.66000,1920.250,13
04:01:30.95300,1920.250,1
04:01:31.73400,1920.250,13
04:01:32.95300,1920.250,2
04:01:33.03100,1920.500,5
04:01:33.42100,1920.500,32
04:01:35.97200,1920.750,4
04:01:36.12100,1920.750,6
04:01:37.70700,1920.500,1
04:01:39.82400,1920.500,14
04:01:40.43300,1920.500,5
04:01:40.62500,1920.500,13
04:01:42.44500,1920.500,5
04:01:44.37100,1920.500,14
04:01:45.68300,1920.500,2
04:01:47.71000,1920.500,6
04:01:49.59700,1920.250,11
04:01:53.69500,1920.000,1
04:01:54.07000,1920.250,4
04:01:54.55400,1920.250,1
04:01:54.88600,1920.250,7
04:01:55.56600,1920.250,1
04:01:56.30000,1920.250,5
04:01:58.46800,1920.250,1
04:01:59.96800,1920.250,2
04:02:01.22600,1920.250,6
04:02:01.71800,1920.250,1
04:02:01.82800,1920.250,1
04:02:01.94100,1920.500,7
04:02:02.08200,1920.500,6
04:02:04.06200,1920.500,2
04:02:04.49200,1920.500,1
04:02:04.64400,1920.250,15
04:02:05.54200,1920.250,7
04:02:08.42900,1920.250,2
04:02:09.06200,1920.250,6
04:02:09.80800,1920.250,5
04:02:10.12800,1920.250,1
04:02:10.85900,1920.250,1
04:02:11.95700,1920.250,7
04:02:12.81600,1920.250,17
04:02:14.06200,1920.000,95
04:02:14.39000,1920.000,1
04:02:14.96400,1920.000,28
04:02:16.10100,1920.250,12
04:02:16.27700,1920.250,7
04:02:19.18700,1920.000,31
04:02:19.64000,1920.000,1
04:02:19.83200,1920.250,1
04:02:19.91700,1920.000,7
04:02:20.46000,1919.750,4
04:02:21.16700,1919.750,1
04:02:23.51900,1919.750,2
04:02:24.72600,1920.000,4
04:02:25.41000,1919.750,1
04:02:26.17100,1920.000,8
04:02:26.57800,1920.000,14
04:02:28.19900,1920.000,1
04:02:28.30800,1920.000,1
04:02:29.51100,1920.000,2
04:02:33.22600,1920.250,15
04:02:34.39400,1920.500,13
04:02:36.47200,1920.500,1
04:02:37.33200,1920.500,15
04:02:38.92100,1920.250,2
04:02:39.06600,1920.250,2
04:02:40.16000,1920.250,3
04:02:41.08500,1920.250,8
04:02:41.58900,1920.250,1
04:02:45.84300,1920.000,24
04:02:46.08500,1920.000,12
04:02:46.60500,1920.000,5
04:02:50.42500,1920.250,4
04:02:50.85100,1920.250,7
04:02:53.83900,1920.250,3
04:02:54.11700,1920.250,5
04:02:55.87100,1920.500,12
04:02:57.92500,1920.750,12
04:03:01.55400,1920.750,1
04:03:01.81200,1920.750,5
04:03:02.04200,1920.750,7
04:03:03.83900,1920.750,1
04:03:04.53100,1920.500,11
04:03:07.25700,1920.250,37
04:03:10.65600,1920.500,1
04:03:10.81600,1920.500,16
04:03:12.39800,1920.500,1
04:03:16.46800,1920.500,6
04:03:19.96000,1920.500,3
04:03:21.47600,1920.500,4
04:03:24.10500,1920.500,1
04:03:29.17500,1920.500,8
04:03:30.18700,1920.500,5
04:03:34.46800,1920.500,19
04:03:42.13200,1920.500,11
04:03:42.62100,1920.250,19
