00:00:02.08500,1928.250,0
00:00:02.38200,1928.250,6
00:00:02.43300,1928.250,6
00:00:02.72600,1928.250,26
00:00:07.16700,1928.250,12
00:00:07.35500,1928.250,1
00:00:17.69500,1928.250,1
00:00:36.10100,1928.500,33
00:00:42.80000,1928.750,2
00:00:50.44500,1928.500,1
00:01:10.60900,1928.750,23
00:01:11.06200,1928.750,3
00:01:14.22600,1928.500,24
00:01:26.73800,1928.500,1
00:01:29.92100,1928.250,1
00:01:38.56800,1928.500,4
00:01:38.56800,1928.500,2
00:01:41.80400,1928.250,1
00:01:42.51900,1928.500,1
00:01:43.28900,1928.500,5
00:01:52.67500,1928.250,1
00:01:54.53100,1928.500,7
00:01:55.03900,1928.500,7
00:01:57.72200,1928.500,1
00:01:58.10500,1928.500,1
00:01:59.57000,1928.500,2
00:02:10.60100,1928.750,2
00:02:12.82800,1928.500,1
00:02:16.63200,1928.500,1
00:02:17.84300,1928.500,26
00:02:18.16700,1928.750,3
00:02:19.84300,1928.500,1
00:02:20.15600,1928.750,2
00:02:22.05400,1928.500,3
00:02:22.93300,1928.500,23
00:02:31.76100,1928.750,2
00:02:33.41000,1928.750,2
00:02:34.75000,1928.500,11
00:02:42.60900,1928.250,2
00:02:49.39400,1928.500,3
00:02:55.30000,1928.500,9
00:03:03.93300,1928.500,6
00:03:10.69900,1928.750,2
00:03:20.42500,1928.500,3
00:03:25.37100,1928.750,1
00:03:33.80400,1928.750,2
00:03:43.56600,1928.750,2
00:03:44.03100,1928.500,1
00:03:46.70700,1928.750,1
00:04:16.43700,1928.750,3
00:04:21.43300,1928.750,13
00:04:22.67500,1928.750,12
00:04:22.84300,1928.750,3
00:04:29.31600,1928.750,3
00:04:30.00300,1929.000,10
00:04:30.39400,1928.750,3
00:04:34.11300,1928.750,3
00:04:41.82800,1928.750,1
00:05:06.52700,1928.500,35
00:05:08.17900,1928.500,1
00:05:08.35900,1928.500,1
00:05:24.39400,1928.500,1
00:05:27.30400,1928.500,3
00:05:28.38200,1928.500,3
00:05:32.00700,1928.500,5
00:05:36.30800,1928.500,1
00:05:38.64400,1928.250,2
00:05:56.60500,1928.250,1
00:05:57.87800,1928.500,5
00:05:58.28100,1928.500,1
00:05:59.19500,1928.500,2
00:06:11.47200,1928.750,3
00:06:11.89400,1928.500,4
00:06:16.91000,1928.500,6
00:06:22.89800,1928.500,1
00:06:23.94900,1928.500,7
00:06:30.11700,1928.500,3
00:06:32.03900,1928.500,1
00:06:35.41700,1928.250,17
00:06:36.13200,1928.250,2
00:06:40.41700,1928.250,1
00:06:49.93300,1928.250,3
00:06:52.69500,1928.250,3
00:06:57.87800,1928.250,6
00:07:23.93700,1927.750,34
00:07:24.88600,1928.000,13
00:07:57.41400,1927.750,1
00:07:59.62500,1927.750,16
00:08:01.19900,1927.750,6
00:08:01.38200,1927.750,1
00:08:01.60500,1927.750,21
00:08:03.19500,1927.750,7
00:08:03.37800,1927.750,1
00:08:04.92500,1927.750,5
00:08:05.20700,1927.500,7
00:08:06.62500,1927.750,2
00:08:06.75700,1927.750,1
00:08:07.03500,1927.750,1
00:08:07.71000,1927.500,2
00:08:10.43700,1927.750,1
00:08:11.73800,1927.500,1
00:08:13.96000,1927.500,1
00:08:18.53500,1927.750,5
00:08:23.33200,1927.750,27
00:08:27.82800,1927.750,12
00:08:34.67500,1927.500,2
00:08:42.11300,1927.500,1
00:08:42.79200,1927.500,1
00:08:54.54200,1927.750,1
00:09:03.52300,1927.750,51
00:09:10.94900,1927.750,47
00:09:11.43300,1927.750,1
00:09:11.61700,1927.750,1
00:09:15.71400,1927.750,1
00:09:23.13600,1927.750,1
00:09:33.86300,1927.500,1
00:09:35.19900,1927.750,7
00:09:36.80000,1927.500,2
00:09:37.20300,1927.750,1
00:09:38.11700,1927.750,5
00:09:38.87100,1927.750,11
00:09:39.32400,1927.750,3
00:09:41.05000,1927.500,18
00:09:41.14000,1927.500,1
00:09:41.80000,1927.750,1
00:09:49.12800,1927.750,4
00:09:51.17100,1927.500,1
00:09:52.43700,1927.750,2
00:09:53.65200,1927.750,1
00:09:59.67500,1928.000,3
00:10:00.78100,1928.000,4
00:10:02.67900,1928.000,9
00:10:05.83500,1928.000,1
00:10:06.13600,1928.000,37
00:10:09.11700,1928.250,45
00:10:10.27700,1928.500,5
00:10:16.07000,1928.250,36
00:10:18.26500,1928.000,10
00:10:18.33900,1928.000,8
00:10:30.58500,1928.000,1
00:10:38.26900,1928.000,1
00:10:42.51500,1928.000,1
00:10:43.04200,1928.250,1
00:10:46.23400,1928.250,2
00:10:46.95300,1928.250,2
00:10:48.85900,1928.250,1
00:10:49.03500,1928.250,1
00:10:50.81200,1928.250,2
00:10:51.02700,1928.250,2
00:10:54.78100,1928.250,1
00:10:55.37800,1928.250,3
00:11:13.94100,1928.000,35
00:11:14.49200,1927.750,5
00:11:14.68700,1928.000,2
00:11:15.09700,1928.000,1
00:11:19.96000,1928.000,16
00:11:20.12100,1927.750,8
00:11:22.30000,1927.750,1
00:11:23.16000,1927.750,34
00:11:28.84300,1927.750,1
00:11:29.25000,1927.750,6
00:11:30.70700,1927.500,2
00:11:31.45300,1927.750,55
00:11:47.34700,1928.000,1
00:11:50.28100,1928.000,1
00:11:56.55000,1928.000,2
00:12:10.69500,1927.750,19
00:12:11.73800,1927.500,8
00:12:17.35500,1927.500,1
00:12:22.88600,1927.500,1
00:12:24.50000,1927.500,1
00:12:26.16700,1927.500,2
00:12:30.71400,1927.500,10
00:12:38.26100,1927.500,1
00:12:45.83900,1927.750,2
00:12:46.50700,1927.750,1
00:12:46.69900,1927.500,2
00:12:48.23400,1927.500,1
00:12:55.73000,1927.500,1
00:12:58.35100,1927.750,1
00:13:08.19500,1927.500,2
00:13:14.10500,1927.500,35
00:13:14.87500,1927.500,21
00:13:15.00300,1927.500,13
00:13:18.71000,1927.750,2
00:13:21.66700,1927.500,21
00:13:22.88600,1927.500,1
00:13:25.57800,1927.500,1
00:13:25.88600,1927.500,16
00:13:27.86300,1927.500,1
00:13:28.24200,1927.500,1
00:13:30.57400,1927.500,5
00:13:32.59700,1927.500,1
00:13:40.80800,1927.500,2
00:13:43.19900,1927.750,1
00:13:48.32000,1927.750,3
00:13:53.35100,1927.750,2
00:14:08.51500,1927.750,11
00:14:09.84300,1927.750,1
00:14:10.14000,1927.750,1
00:14:26.39000,1928.000,119
00:14:26.73800,1928.000,2
00:14:30.28100,1928.000,24
00:14:33.84300,1928.000,20
00:14:34.10100,1928.000,16
00:14:35.40200,1928.000,2
00:14:36.91700,1927.750,2
00:14:38.59700,1927.500,100
00:14:39.16000,1927.500,8
00:14:39.27700,1927.750,2
00:15:00.29600,1927.750,1
00:15:01.48000,1927.750,14
00:15:09.83200,1928.000,8
00:15:09.92100,1928.000,5
00:15:10.13200,1928.000,3
00:15:13.24200,1928.000,5
00:15:15.67500,1927.750,1
00:15:17.15600,1927.750,4
00:15:17.33900,1927.750,2
00:15:17.62800,1927.750,10
00:15:17.86700,1927.750,2
00:15:18.66700,1927.750,1
00:15:19.85900,1927.750,1
00:15:22.05400,1927.750,2
00:15:41.44100,1928.000,3
00:15:43.60900,1928.000,1
00:15:46.60500,1928.000,2
00:15:48.42900,1928.000,1
00:15:51.29200,1928.000,3
00:15:52.19500,1928.000,6
00:15:54.83500,1928.000,1
00:16:18.39800,1927.750,60
00:16:19.10100,1927.750,3
00:16:21.44500,1927.750,1
00:16:23.63600,1927.750,1
00:16:23.82800,1927.750,3
00:16:24.58500,1927.750,2
00:16:28.91700,1927.750,7
00:16:30.39800,1927.750,1
00:16:31.35500,1927.750,2
00:16:35.10900,1927.750,1
00:16:42.87800,1928.000,1
00:16:44.12100,1928.000,17
00:16:48.11700,1928.000,1
00:16:50.88200,1928.000,4
00:16:54.87100,1928.000,4
00:16:55.14800,1928.000,2
00:17:09.80000,1928.000,4
00:17:10.04200,1928.000,3
00:17:11.34700,1928.000,4
00:17:12.44100,1928.000,2
00:17:14.08900,1928.000,1
00:17:16.27300,1928.000,28
00:17:22.77300,1928.000,2
00:17:24.82000,1928.000,12
00:17:25.08200,1927.750,13
00:17:29.68300,1927.750,3
00:17:29.87100,1927.750,2
00:17:32.63600,1927.750,2
00:17:37.45300,1927.750,5
00:17:41.01500,1927.500,1
00:17:43.50300,1927.750,26
00:18:14.50000,1928.000,3
00:18:20.05000,1928.000,1
00:18:20.43700,1928.000,42
00:18:20.52700,1928.000,5
00:18:25.01100,1928.000,2
00:18:25.55400,1928.000,8
00:18:35.19900,1927.750,11
00:18:38.64800,1927.750,2
00:18:45.23000,1927.750,1
00:18:57.93700,1927.750,2
00:19:20.24200,1928.000,3
00:19:22.00300,1927.750,2
00:19:23.40200,1927.750,24
00:19:24.27300,1927.750,1
00:19:25.92500,1927.750,1
00:19:27.60100,1927.750,1
00:19:47.10900,1927.750,1
00:20:18.80400,1927.750,4
00:20:19.76500,1927.750,1
00:20:24.23000,1927.750,9
00:20:42.40200,1928.000,2
00:20:57.26500,1927.750,3
00:20:59.04600,1927.750,2
00:21:06.44100,1927.750,5
00:21:10.78900,1927.500,1
00:21:18.20300,1927.750,1
00:21:20.03500,1927.500,1
00:21:22.89000,1927.500,2
00:21:25.96000,1927.500,30
00:21:27.13600,1927.500,1
00:21:40.11300,1927.500,1
00:21:54.03900,1927.500,15
00:22:02.11700,1927.500,17
00:22:04.50300,1927.500,1
00:22:08.37800,1927.500,1
00:22:09.01900,1927.500,1
00:22:09.74200,1927.500,1
00:22:33.92900,1927.500,2
00:22:39.77700,1927.500,1
00:22:53.85100,1927.750,2
00:22:55.04200,1927.500,1
00:23:14.83900,1927.500,3
00:23:17.65600,1927.500,2
00:23:21.07800,1927.500,2
00:23:21.19900,1927.500,7
00:23:22.03100,1927.500,5
00:23:25.54200,1927.750,1
00:23:33.51900,1927.500,12
00:23:45.10100,1927.500,1
00:23:46.07400,1927.500,1
00:23:48.23000,1927.500,2
00:23:49.60900,1927.500,1
00:23:56.53900,1927.250,6
00:24:25.90600,1927.250,17
00:24:27.79200,1927.250,1
00:24:28.57400,1927.250,15
00:24:32.45700,1927.500,2
00:24:34.09300,1927.500,5
00:24:35.26900,1927.500,29
00:24:39.51900,1927.500,7
00:24:41.03900,1927.500,3
00:24:43.52300,1927.500,1
00:24:47.86700,1927.500,1
00:24:54.96800,1927.750,1
00:24:59.62800,1927.500,1
00:25:07.33900,1927.750,18
00:25:07.39400,1927.500,1
00:25:21.74600,1927.750,2
00:25:26.83200,1927.500,55
00:25:27.27700,1927.500,1
00:25:32.64000,1927.750,13
00:25:49.97200,1927.750,6
00:25:55.41000,1927.750,1
00:25:55.87800,1927.750,1
00:25:57.46000,1927.750,3
00:26:07.81200,1927.750,5
00:26:10.08200,1927.750,2
00:26:10.87100,1927.750,2
00:26:14.52300,1928.000,45
00:26:20.50700,1928.000,2
00:26:23.14400,1928.000,1
00:26:27.23400,1928.000,1
00:26:38.14800,1928.000,3
00:26:39.31600,1928.000,5
00:26:43.25000,1928.000,5
00:26:43.90600,1928.000,2
00:26:46.29200,1928.000,1
00:26:48.72600,1928.000,2
00:26:51.75300,1928.250,2
00:26:59.83200,1928.250,1
00:27:15.73400,1928.250,8
00:27:18.07000,1928.000,9
00:27:19.66700,1928.000,10
00:27:24.46000,1928.250,1
00:27:27.57800,1928.000,10
00:27:30.31600,1928.000,1
00:27:32.39800,1928.000,1
00:27:35.25700,1928.000,2
00:27:37.85100,1928.000,1
00:27:44.82800,1928.250,1
00:27:57.41400,1928.000,4
00:27:59.28100,1928.000,5
00:28:02.35900,1928.000,3
00:28:04.10100,1928.000,2
00:28:05.07000,1928.000,2
00:28:18.29200,1927.750,1
00:28:24.23400,1927.750,2
00:28:24.42900,1927.750,27
00:28:33.88600,1927.750,1
00:28:38.71800,1927.750,1
00:28:41.76500,1928.000,1
00:29:05.94500,1927.750,3
00:29:06.90200,1927.750,2
00:29:11.80800,1928.000,2
00:29:14.68300,1927.750,5
00:29:24.50300,1928.000,1
00:29:40.89400,1928.000,14
00:29:41.05400,1928.250,11
00:29:44.01100,1928.250,5
00:29:44.51500,1928.000,4
00:29:46.01100,1928.250,6
00:29:48.01100,1928.250,6
00:29:50.00700,1928.000,10
00:29:50.82400,1928.000,2
00:29:52.01100,1928.250,8
00:29:52.80400,1928.000,2
00:29:54.01100,1928.250,6
00:29:54.14000,1928.000,1
00:29:54.96000,1928.000,6
00:29:56.01100,1928.250,6
00:29:56.82000,1928.000,1
00:29:58.61300,1928.000,1
00:30:03.78100,1928.000,6
00:30:03.92900,1928.000,1
00:30:04.83900,1928.000,2
00:30:09.53900,1928.000,1
00:30:14.56200,1928.250,1
00:30:17.54200,1928.250,2
00:30:19.86300,1928.250,1
00:30:21.65200,1928.250,1
00:30:37.19100,1928.000,1
00:30:48.62100,1928.000,1
00:31:06.83500,1928.250,6
00:31:08.22600,1928.250,33
00:31:14.12500,1928.250,1
00:31:26.96800,1928.250,1
00:31:32.37100,1928.500,1
00:31:33.35900,1928.500,80
00:31:39.71800,1928.750,5
00:31:40.00300,1928.750,2
00:31:41.57800,1928.750,1
00:31:43.05400,1928.750,1
00:31:46.14800,1928.750,51
00:31:46.28900,1928.750,2
00:31:46.39800,1928.750,4
00:31:50.39000,1929.250,269
00:31:50.44500,1929.250,2
00:31:51.43300,1929.250,26
00:31:52.33900,1929.500,15
00:31:52.36300,1929.500,33
00:31:52.60900,1929.500,1
00:31:52.87500,1929.250,1
00:31:52.94100,1929.250,1
00:31:53.33500,1929.500,2
00:31:57.40200,1929.500,1
00:31:59.56200,1929.250,2
00:32:02.93300,1929.000,19
00:32:08.81200,1929.000,38
00:32:11.37500,1928.750,8
00:32:14.93300,1929.000,8
00:32:15.07800,1929.000,2
00:32:15.75300,1928.750,1
00:32:16.30400,1929.000,1
00:32:17.66400,1929.000,1
00:32:18.84300,1929.000,22
00:32:21.49600,1929.250,3
00:32:24.21800,1929.000,1
00:32:27.83900,1929.250,2
00:32:34.26900,1929.250,1
00:32:36.41400,1929.000,1
00:32:38.55400,1929.250,39
00:32:45.44900,1929.500,2
00:32:46.08500,1929.250,3
00:32:46.28100,1929.250,2
00:32:53.19500,1929.500,102
00:32:53.37800,1929.500,1
00:32:53.64800,1929.500,11
00:32:54.88200,1929.500,20
00:32:55.38600,1929.500,2
00:32:55.75000,1929.500,2
00:32:57.50000,1929.750,15
00:32:57.63600,1929.750,1
00:32:57.82000,1929.500,53
00:32:58.60900,1929.500,1
00:32:59.30400,1929.500,1
00:32:59.75000,1929.500,3
00:33:02.00300,1929.750,4
00:33:02.21000,1929.500,3
00:33:02.71400,1929.500,1
00:33:02.75300,1929.500,1
00:33:03.17500,1929.750,10
00:33:03.51500,1929.500,1
00:33:04.83200,1929.750,1
00:33:05.35100,1929.750,3
00:33:05.83200,1929.500,1
00:33:08.51100,1929.500,1
00:33:08.75000,1929.750,37
00:33:09.38200,1929.750,11
00:33:10.83200,1930.000,57
00:33:10.92500,1930.000,2
00:33:11.38600,1930.000,1
00:33:12.70300,1929.750,4
00:33:14.02300,1930.000,1
00:33:14.73800,1930.000,6
00:33:15.06600,1930.000,2
00:33:17.86300,1930.000,2
00:33:18.66400,1930.000,2
00:33:18.87500,1930.000,9
00:33:19.11300,1930.000,2
00:33:20.19900,1930.000,11
00:33:22.69500,1930.000,3
00:33:23.23000,1930.000,4
00:33:24.41400,1930.000,16
00:33:26.06200,1930.000,7
00:33:26.80800,1930.000,3
00:33:28.24600,1930.000,5
00:33:29.12100,1929.750,1
00:33:29.26900,1930.000,2
00:33:30.92900,1929.750,23
00:33:33.23000,1929.500,2
00:33:34.51900,1929.750,1
00:33:35.27700,1929.750,6
00:33:40.24600,1929.750,15
00:33:40.82400,1929.750,9
00:33:41.11300,1930.000,52
00:33:41.26900,1930.000,14
00:33:43.24200,1930.250,9
00:33:43.29200,1930.250,1
00:33:43.41400,1930.000,2
00:33:43.53100,1930.250,5
00:33:44.80000,1930.250,1
00:33:45.00000,1930.250,1
00:33:48.16700,1930.250,1
00:33:48.85900,1930.250,1
00:33:51.94500,1930.000,1
00:33:53.84700,1930.250,2
00:33:55.70700,1930.000,11
00:33:58.74200,1930.000,1
00:33:59.32800,1930.000,2
00:33:59.87100,1930.000,1
00:34:06.67500,1930.000,8
00:34:06.76500,1930.000,1
00:34:07.09700,1930.250,1
00:34:09.09700,1930.250,2
00:34:10.44500,1930.250,1
00:34:10.87500,1930.250,2
00:34:12.18700,1930.250,18
00:34:13.48400,1930.250,38
00:34:14.35900,1930.500,1
00:34:14.63600,1930.500,7
00:34:15.73400,1930.250,4
00:34:15.94900,1930.250,1
00:34:16.06600,1930.500,2
00:34:17.06200,1930.250,2
00:34:17.24600,1930.500,60
00:34:17.68700,1930.500,5
00:34:18.19900,1930.500,2
00:34:18.66400,1930.500,6
00:34:20.25000,1930.500,1
00:34:21.04600,1930.500,1
00:34:21.44900,1930.500,2
00:34:23.01100,1930.500,1
00:34:23.16400,1930.500,1
00:34:24.47600,1930.500,1
00:34:24.75000,1930.500,3
00:34:25.39000,1930.500,1
00:34:28.69900,1930.500,2
00:34:29.90600,1930.250,49
00:34:32.73800,1930.250,1
00:34:38.58900,1930.000,18
00:34:40.80400,1930.000,5
00:34:41.30800,1930.000,40
00:34:42.07800,1930.000,4
00:34:43.32800,1930.000,1
00:34:44.61700,1930.000,1
00:34:50.82000,1930.000,36
00:34:51.50700,1930.000,5
00:34:54.08900,1930.250,9
00:34:54.73800,1930.250,1
00:34:55.33500,1930.000,1
00:34:58.12800,1930.250,2
00:34:58.96400,1930.000,2
00:34:59.49200,1930.000,1
00:35:03.19900,1930.250,2
00:35:08.74600,1930.000,2
00:35:09.62800,1930.000,20
00:35:09.80400,1930.000,1
00:35:10.29200,1930.000,1
00:35:11.20700,1930.000,7
00:35:11.57000,1929.750,30
00:35:14.49600,1929.750,2
00:35:17.01100,1929.750,9
00:35:30.34300,1930.000,15
00:35:31.02700,1929.750,5
00:35:31.39800,1929.750,1
00:35:38.08200,1929.750,2
00:35:41.69900,1929.750,9
00:35:44.49200,1929.750,1
00:35:46.46800,1929.750,4
00:35:47.79200,1929.750,3
00:35:49.38600,1929.750,1
00:35:56.86700,1930.000,1
00:35:58.14400,1930.000,53
00:35:58.29200,1930.000,2
00:35:58.43300,1930.250,3
00:36:03.37100,1930.500,37
00:36:03.93700,1930.500,6
00:36:04.36700,1930.500,1
00:36:04.48000,1930.500,1
00:36:06.83200,1930.250,4
00:36:07.46400,1930.500,1
00:36:11.39400,1930.500,19
00:36:12.03500,1930.500,2
00:36:12.67500,1930.750,12
00:36:13.32000,1930.750,1
00:36:13.61300,1930.750,2
00:36:13.76500,1930.750,10
00:36:15.71400,1930.750,22
00:36:15.94900,1930.250,5
00:36:26.18700,1930.500,6
00:36:26.90200,1930.500,1
00:36:27.60100,1930.500,1
00:36:29.10500,1930.500,1
00:36:29.71000,1930.500,3
00:36:34.08900,1930.750,3
00:36:35.68700,1930.750,2
00:36:36.40200,1930.750,1
00:36:36.76100,1930.750,1
00:36:38.72600,1930.750,1
00:36:40.41400,1930.750,15
00:36:40.48400,1930.750,7
00:36:49.36300,1930.500,25
00:36:57.96000,1930.750,1
00:37:02.42500,1930.750,7
00:37:02.67500,1930.750,2
00:37:03.49200,1930.750,13
00:37:04.37500,1930.750,1
00:37:04.60900,1930.500,26
00:37:06.69900,1930.500,31
00:37:09.75000,1930.500,7
00:37:11.24600,1930.500,1
00:37:12.10900,1930.500,1
00:37:14.06600,1930.500,1
00:37:14.34700,1930.250,1
00:37:26.75700,1930.750,5
00:37:27.19100,1930.500,3
00:37:29.05000,1930.750,4
00:37:30.90200,1930.500,1
00:37:31.36700,1930.500,2
00:37:37.42900,1930.250,1
00:37:38.10500,1930.250,27
00:37:38.36300,1930.000,11
00:37:39.31200,1930.000,2
00:37:39.40200,1930.000,1
00:37:39.68300,1930.000,6
00:37:39.85900,1930.000,6
00:37:42.36300,1930.250,56
00:37:42.53500,1930.000,1
00:37:43.69100,1930.250,22
00:37:45.05800,1930.000,4
00:37:51.74600,1930.000,1
00:37:54.42100,1930.250,8
00:37:54.76900,1930.250,1
00:37:55.01900,1930.250,2
00:37:55.24200,1930.250,1
00:37:58.10100,1930.250,1
00:38:01.83900,1930.000,6
00:38:03.14000,1930.000,2
00:38:04.33500,1930.000,1
00:38:09.87500,1930.000,1
00:38:10.47600,1930.000,1
00:38:12.56200,1930.000,2
00:38:13.90600,1930.000,16
00:38:17.48800,1929.750,2
00:38:19.33200,1930.000,8
00:38:19.70700,1929.750,6
00:38:19.82400,1929.750,4
00:38:22.18700,1929.750,4
00:38:25.04600,1929.750,4
00:38:37.77300,1930.000,7
00:38:39.61300,1930.000,45
00:38:50.12800,1930.000,1
00:38:53.60900,1929.750,2
00:38:54.46400,1930.000,1
00:38:56.89800,1929.750,2
00:38:58.74600,1929.750,1
00:38:59.41000,1930.000,6
00:39:04.91400,1929.750,3
00:39:09.13200,1930.000,20
00:39:19.77300,1929.750,25
00:39:20.28500,1929.750,4
00:39:20.92100,1929.500,2
00:39:30.20700,1929.750,1
00:39:34.06600,1929.750,1
00:39:35.11300,1929.750,2
00:39:42.04600,1929.750,2
00:39:52.07000,1929.750,3
00:39:54.46800,1929.750,5
00:39:59.73400,1929.500,6
00:40:00.63600,1929.750,3
00:40:00.96400,1929.750,1
00:40:07.14800,1929.750,2
00:40:10.73000,1929.750,1
00:40:11.35500,1929.750,2
00:40:11.55400,1929.750,2
00:40:19.79200,1930.000,3
00:40:20.02300,1930.000,1
00:40:21.05000,1930.000,1
00:40:21.39800,1930.000,7
00:40:23.55400,1930.250,1
00:40:23.96000,1930.250,6
00:40:25.35900,1930.000,2
00:40:26.08500,1930.250,2
00:40:26.90600,1930.000,1
00:40:28.10100,1930.250,1
00:40:28.30400,1930.000,10
00:40:30.63600,1930.250,2
00:40:31.05400,1930.250,2
00:40:31.50000,1930.000,5
00:40:33.07000,1930.250,2
00:40:33.50300,1930.000,1
00:40:35.32000,1930.000,1
00:40:35.55000,1930.250,1
00:40:41.26900,1930.000,39
00:40:47.74600,1930.000,1
00:40:51.00700,1930.000,3
00:40:54.01100,1930.000,3
00:40:56.56600,1930.250,3
00:40:58.69900,1930.250,1
00:40:58.90200,1930.000,16
00:41:00.75700,1930.000,25
00:41:01.09300,1929.750,24
00:41:02.39800,1930.000,2
00:41:03.60900,1929.750,5
00:41:05.09700,1930.000,4
00:41:08.95300,1930.000,2
00:41:09.41000,1929.750,2
00:41:09.58900,1930.000,1
00:41:10.97200,1930.000,1
00:41:13.55800,1930.000,35
00:41:14.03100,1930.000,6
00:41:15.11700,1930.000,8
00:41:16.04200,1930.000,2
00:41:31.21000,1930.000,2
00:41:33.14000,1930.000,1
00:41:34.88200,1930.000,6
00:41:40.73000,1929.750,1
00:41:41.35500,1929.750,41
00:41:42.20300,1929.500,102
00:41:44.82800,1929.750,5
00:41:50.27700,1929.500,44
00:41:52.36700,1929.500,23
00:41:56.89000,1929.000,55
00:41:57.73000,1929.250,1
00:42:01.69100,1929.250,3
00:42:08.08900,1929.250,1
00:42:13.55000,1929.250,34
00:42:14.04600,1929.250,1
00:42:17.72200,1929.250,1
00:42:17.89800,1929.250,1
00:42:20.14000,1929.250,17
00:42:22.61700,1929.250,1
00:42:23.16700,1929.250,35
00:42:24.03900,1929.250,3
00:42:35.63200,1929.500,1
00:42:40.07800,1929.500,1
00:42:42.16400,1929.250,5
00:42:55.13200,1929.500,8
00:42:59.41400,1929.500,4
00:43:03.26900,1929.500,25
00:43:04.18700,1929.500,6
00:43:09.12500,1929.500,1
00:43:12.09300,1929.750,9
00:43:20.56200,1929.750,19
00:43:24.64400,1929.500,40
00:43:25.23000,1929.750,1
00:43:30.48000,1929.750,3
00:43:33.67900,1929.750,17
00:43:33.85900,1929.750,2
00:43:37.22600,1930.000,4
00:43:38.70700,1929.500,30
00:43:47.08500,1929.500,7
00:43:50.14400,1929.750,1
00:44:01.01100,1930.000,9
00:44:02.07400,1930.000,1
00:44:03.20300,1930.000,1
00:44:07.85100,1930.000,1
00:44:15.26500,1929.750,5
00:44:17.68300,1929.750,3
00:44:18.30800,1930.000,1
00:44:25.19900,1929.750,3
00:44:37.57000,1930.000,1
00:44:49.16000,1930.000,1
00:45:05.49600,1930.000,32
00:45:05.67900,1930.000,4
00:45:06.08200,1930.250,3
00:45:07.85900,1930.000,6
00:45:19.68300,1930.000,4
00:45:27.01100,1930.000,5
00:45:27.48400,1929.750,10
00:45:29.73000,1929.250,28
00:45:30.46000,1929.500,3
00:45:30.60900,1929.500,5
00:45:37.69500,1929.500,14
00:45:40.72200,1929.250,9
00:45:42.50000,1929.500,2
00:45:49.85900,1929.500,1
00:45:50.51900,1929.500,7
00:46:08.13600,1929.500,2
00:46:23.42100,1929.750,2
00:46:27.08200,1929.750,2
00:46:34.95300,1929.500,1
00:46:40.96000,1929.500,3
00:46:43.11700,1929.500,2
00:46:59.93300,1929.750,23
00:47:10.05800,1929.750,8
00:47:11.81200,1929.500,2
00:47:21.14800,1930.000,1
00:47:22.34300,1929.750,1
00:47:34.02700,1930.000,12
00:47:36.05800,1930.000,2
00:47:41.45700,1929.750,1
00:47:42.89400,1929.750,7
00:47:43.34300,1930.000,3
00:47:43.80000,1930.000,14
00:47:44.22200,1930.000,9
00:47:44.91400,1929.750,1
00:47:45.49200,1930.000,1
00:47:52.30800,1930.000,11
00:47:54.39800,1930.000,1
00:47:55.07000,1929.750,1
00:47:57.44500,1930.000,1
00:48:05.89000,1929.750,7
00:48:08.25000,1929.750,1
00:48:11.23400,1929.750,1
00:48:18.12800,1930.000,15
00:48:25.05000,1929.750,1
00:48:32.71400,1930.000,8
00:48:35.25000,1930.000,11
00:48:42.80400,1930.000,6
00:48:58.47200,1930.000,23
00:48:59.76500,1930.000,3
00:49:11.29200,1930.000,2
00:49:39.15200,1930.000,2
00:49:41.19900,1930.000,6
00:49:51.10100,1929.750,1
00:49:52.56200,1929.750,1
00:49:53.67500,1930.000,1
00:49:58.68700,1930.000,1
00:49:59.33500,1930.000,1
00:49:59.78500,1930.000,5
00:50:05.03900,1930.000,5
00:50:05.18300,1930.000,1
00:50:05.78500,1930.000,2
00:50:09.65600,1929.750,1
00:50:18.29600,1930.000,56
00:50:22.58900,1930.000,1
00:50:33.85100,1930.000,44
00:50:35.30400,1930.000,9
00:50:40.10100,1929.750,4
00:50:42.67900,1930.000,3
00:50:42.86700,1930.000,1
00:50:51.09300,1930.000,10
00:50:58.14800,1930.000,2
00:51:20.37100,1930.000,11
00:51:22.30400,1930.000,2
00:51:28.46400,1930.250,2
00:51:34.03100,1930.250,15
00:51:35.71800,1930.250,1
00:51:36.01900,1930.250,7
00:51:41.57000,1930.250,6
00:51:43.12800,1930.250,1
00:51:51.17900,1930.250,7
00:52:25.11700,1930.250,46
00:52:35.18300,1930.000,2
00:52:42.47200,1930.250,13
00:52:42.76900,1930.250,2
00:52:47.15600,1930.500,1
00:52:47.38600,1930.500,3
00:52:50.20700,1930.500,1
00:52:55.16400,1930.500,1
00:52:57.27700,1930.500,1
00:52:57.58200,1930.500,1
00:52:58.61300,1930.250,6
00:53:03.65200,1930.250,1
00:53:03.82400,1930.250,4
00:53:06.17500,1930.250,3
00:53:09.41400,1930.250,2
00:53:14.33200,1930.250,2
00:53:16.25300,1930.250,1
00:53:18.09700,1930.250,4
00:53:19.22600,1930.250,6
00:53:20.10500,1930.250,1
00:53:23.67100,1930.000,1
00:53:50.57400,1930.000,11
00:53:51.79200,1929.750,3
00:53:53.85100,1930.000,1
00:54:17.80400,1929.750,3
00:54:18.43300,1929.750,1
00:54:24.01500,1929.750,8
00:54:32.32000,1929.500,1
00:54:38.87800,1929.500,1
00:54:43.83200,1929.750,2
00:54:45.72600,1929.500,17
00:54:46.34700,1929.500,1
00:54:49.04600,1929.500,5
00:55:15.87100,1929.750,3
00:55:16.68700,1929.750,4
00:55:17.55400,1929.500,1
00:55:18.82800,1929.250,64
00:55:20.07400,1929.250,3
00:55:22.20700,1929.000,10
00:55:23.13200,1929.000,1
00:55:24.40200,1929.250,2
00:55:29.71000,1929.250,20
00:55:30.96800,1929.250,6
00:55:31.21400,1929.250,2
00:55:32.45300,1929.250,1
00:55:33.30000,1929.500,1
00:55:36.90600,1929.250,1
00:55:39.10900,1929.000,1
00:55:40.06600,1929.000,42
00:55:41.38600,1929.000,13
00:55:45.10900,1929.000,2
00:55:46.10900,1929.000,2
00:55:49.31600,1929.000,7
00:55:51.00000,1928.750,1
00:55:51.78100,1929.000,4
00:55:54.80800,1929.250,1
00:56:00.90600,1929.000,9
00:56:01.27300,1929.000,65
00:56:02.04600,1928.750,1
00:56:03.64400,1929.000,2
00:56:06.78500,1929.000,1
00:56:08.66000,1929.250,19
00:56:09.48400,1929.000,1
00:56:09.88200,1929.250,1
00:56:16.28500,1929.000,1
00:56:30.19100,1929.000,1
00:56:48.37100,1929.000,1
00:56:51.93300,1929.000,1
00:57:02.24600,1929.250,15
00:57:10.14000,1929.250,1
00:57:10.87500,1929.250,4
00:57:17.33500,1929.250,2
00:57:28.02300,1929.500,14
00:57:41.57800,1929.250,1
00:57:44.85500,1929.250,1
00:57:50.07000,1929.500,6
00:57:51.88200,1929.500,2
00:57:52.11700,1929.500,12
00:57:52.46400,1929.500,6
00:57:57.10100,1929.500,1
00:58:06.57000,1929.500,5
00:58:12.52300,1929.250,1
00:58:15.15200,1929.250,19
00:58:20.09300,1929.250,2
00:58:22.19900,1929.250,3
00:58:22.74600,1929.250,1
00:58:27.25000,1929.250,2
00:58:32.55400,1929.250,1
00:58:33.26100,1929.250,5
00:58:34.88600,1929.250,5
00:58:46.49200,1929.250,13
00:58:47.14400,1929.250,1
00:58:49.40200,1929.250,20
00:58:53.40200,1929.250,2
00:58:56.38600,1929.250,4
00:59:02.16700,1929.000,2
00:59:13.64400,1929.500,10
00:59:18.19500,1929.500,2
00:59:21.29200,1929.500,1
00:59:22.01100,1929.500,1
00:59:26.60500,1929.250,1
00:59:36.89400,1929.500,6
00:59:37.48800,1929.500,4
00:59:42.80000,1929.500,1
00:59:43.16400,1929.500,3
00:59:55.38600,1929.250,7
00:59:56.67900,1929.250,1
00:59:58.55400,1929.250,1
00:59:59.55000,1929.500,12
00:59:59.87800,1929.500,2
01:00:02.57400,1929.500,0
01:00:02.68300,1929.500,6
01:00:02.70700,1929.750,3
01:00:03.65600,1929.500,4
01:00:04.42500,1929.750,2
01:00:08.55000,1929.500,12
01:00:09.69500,1929.500,1
01:00:13.89400,1929.500,11
01:00:16.01900,1929.500,1
01:00:18.19500,1929.750,2
01:00:18.94100,1929.500,2
01:00:22.44500,1929.500,1
01:00:33.42500,1929.500,5
01:00:37.30400,1929.250,22
01:00:37.85100,1929.250,4
01:00:40.83900,1929.250,3
01:00:55.96000,1929.250,16
01:01:01.74200,1929.250,4
01:01:05.80000,1929.000,1
01:01:06.76900,1929.250,1
01:01:19.62800,1929.250,2
01:01:23.28100,1929.250,3
01:01:27.21000,1929.250,3
01:01:28.49600,1929.250,1
01:01:29.36300,1929.250,1
01:01:30.12800,1929.250,1
01:01:46.87800,1929.250,1
01:02:08.25000,1929.250,3
01:02:10.05800,1929.250,1
01:02:30.28100,1929.500,5
01:02:35.23000,1929.500,1
01:02:44.92100,1929.500,3
01:02:50.89800,1929.500,1
01:03:06.16700,1929.500,34
01:03:24.10100,1929.500,22
01:03:24.40200,1929.500,4
01:03:24.80800,1929.500,1
01:03:25.42100,1929.500,1
01:03:26.01500,1929.250,1
01:03:28.03500,1929.250,1
01:03:39.82000,1929.750,1
01:03:46.30400,1929.500,10
01:03:47.94100,1929.500,12
01:03:50.94100,1929.500,1
01:03:51.29600,1929.500,10
01:03:59.66400,1929.500,7
01:04:19.31200,1929.500,3
01:04:28.75000,1929.500,1
01:04:51.31600,1929.500,7
01:04:55.03500,1929.500,2
01:05:08.11300,1929.500,5
01:05:08.73800,1929.500,8
01:05:10.45700,1929.500,9
01:05:18.80800,1929.500,2
01:05:36.46800,1929.750,17
01:05:39.80000,1929.750,3
01:05:40.43300,1930.000,84
01:05:40.75000,1930.000,5
01:05:41.75000,1930.000,2
01:05:42.29200,1930.250,50
01:05:42.36700,1930.250,7
01:05:43.10500,1930.500,1
01:05:44.26100,1930.500,1
01:05:45.47600,1930.000,1
01:05:47.95700,1930.250,1
01:05:51.43700,1930.250,8
01:05:53.08900,1930.000,5
01:05:53.45700,1930.000,8
01:06:06.46000,1930.000,11
01:06:13.37800,1930.000,1
01:06:13.52300,1929.750,6
01:06:14.93700,1929.750,4
01:06:15.20300,1929.750,11
01:06:28.43700,1929.750,6
01:06:48.66000,1929.500,1
01:06:49.03500,1929.750,2
01:06:57.95700,1929.750,2
01:06:58.06600,1929.750,10
01:07:14.79200,1929.500,4
01:07:20.32000,1929.750,1
01:07:23.53100,1929.500,5
01:07:33.18700,1929.500,5
01:07:53.47600,1929.500,9
01:08:04.32400,1929.500,10
01:08:08.32000,1929.750,7
01:08:15.17900,1929.750,1
01:08:19.76500,1929.500,19
01:08:21.16400,1929.500,3
01:08:23.49600,1929.500,2
01:08:33.61300,1929.500,1
01:08:40.26100,1929.500,1
01:08:50.57800,1929.750,1
01:08:54.00300,1929.500,1
01:08:56.00000,1929.500,4
01:09:02.14000,1929.500,3
01:09:20.00000,1929.500,4
01:09:31.74600,1929.500,1
01:09:32.23800,1929.250,1
01:09:34.16700,1929.250,1
01:09:41.18300,1929.250,20
01:09:48.14800,1929.250,3
01:09:49.07000,1929.250,3
01:09:51.04200,1929.250,1
01:09:57.64000,1929.250,1
01:10:02.13600,1929.250,21
01:10:11.37500,1929.000,2
01:10:15.56600,1929.250,5
01:10:53.75700,1929.500,7
01:10:54.14000,1929.250,1
01:10:55.19900,1929.500,1
01:10:56.41400,1929.250,8
01:10:57.66400,1929.250,1
01:10:57.90200,1929.500,1
01:10:58.10100,1929.250,4
01:10:58.32400,1929.250,1
01:10:58.77300,1929.250,2
01:11:00.31600,1929.250,8
01:11:03.27300,1929.250,2
01:11:18.19500,1929.250,2
01:11:35.89800,1929.250,6
01:11:41.17900,1929.500,1
01:11:42.20300,1929.250,3
01:11:43.20300,1929.250,2
01:11:48.36700,1929.250,1
01:11:50.33900,1929.750,122
01:11:50.44500,1929.500,8
01:11:50.61300,1929.750,57
01:11:51.59300,1929.500,1
01:11:59.04200,1929.750,2
01:12:10.82000,1929.750,3
01:12:14.74600,1930.000,3
01:12:24.02300,1929.750,48
01:12:25.64800,1930.000,3
01:12:34.70300,1929.750,1
01:12:43.35100,1929.750,1
01:12:49.54600,1929.750,29
01:13:06.10900,1929.750,2
01:13:07.19500,1929.500,5
01:13:07.40600,1929.500,2
01:13:24.06200,1929.500,1
01:13:24.60500,1929.750,2
01:13:45.27700,1929.750,1
01:13:47.13600,1929.750,31
01:14:06.55400,1930.000,2
01:14:11.14000,1929.750,3
01:14:13.18300,1929.750,19
01:14:13.70700,1930.000,25
01:14:15.24600,1930.000,2
01:14:25.62500,1930.000,25
01:14:28.34300,1930.000,12
01:14:31.13600,1930.250,1
01:14:33.07400,1930.250,1
01:14:33.55800,1930.250,1
01:14:39.47600,1930.000,1
01:14:40.19900,1930.000,6
01:14:42.70700,1930.000,2
01:14:43.69900,1930.000,2
01:14:44.21400,1930.000,1
01:14:45.03100,1930.000,4
01:14:50.70300,1929.750,17
01:15:02.94100,1929.750,13
01:15:31.76500,1929.750,4
01:15:40.69900,1929.750,6
01:15:42.33200,1930.000,1
01:15:52.21400,1930.000,1
01:15:54.62100,1929.750,2
01:15:57.83900,1930.000,1
01:16:03.44100,1929.750,3
01:16:19.16000,1930.000,25
01:16:19.36700,1930.000,6
01:16:22.52700,1930.000,10
01:16:23.24200,1930.000,12
01:16:26.42900,1930.250,24
01:16:26.67500,1930.250,7
01:16:31.66700,1930.250,3
01:16:33.16700,1930.250,4
01:16:43.73400,1930.000,2
01:16:44.75300,1930.000,20
01:16:46.83900,1929.750,1
01:16:59.66700,1930.000,1
01:16:59.88600,1930.000,2
01:17:10.53500,1930.000,21
01:17:10.73800,1929.750,1
01:17:13.34300,1930.000,1
01:17:36.54200,1929.750,14
01:17:37.09700,1929.750,4
01:17:45.50700,1929.750,43
01:17:47.51100,1929.750,9
01:17:54.07000,1930.000,1
01:17:55.64800,1930.000,3
01:18:03.46400,1929.750,7
01:18:08.20700,1929.750,1
01:18:09.39400,1930.000,1
01:18:12.21800,1930.000,1
01:18:16.41400,1930.000,6
01:18:32.82800,1929.750,72
01:18:53.70700,1930.000,1
01:18:59.47200,1929.750,2
01:19:36.35100,1929.500,2
01:19:45.64400,1929.750,7
01:20:30.13600,1929.750,5
01:20:42.23000,1929.750,2
01:20:51.12100,1929.750,20
01:21:29.06200,1929.750,21
01:21:32.10900,1929.750,3
01:21:42.85500,1929.750,3
01:21:46.50700,1929.500,1
01:21:52.63200,1929.750,4
01:21:55.51500,1929.500,3
01:22:56.44900,1929.750,4
01:22:56.46400,1929.500,1
01:23:14.93300,1929.500,2
01:23:29.76100,1929.750,5
01:23:44.93300,1929.750,2
01:24:17.41400,1929.500,11
01:24:26.51100,1929.500,1
01:24:35.71000,1929.500,1
01:24:37.79200,1929.750,1
01:24:51.53500,1929.500,2
01:25:16.21000,1929.750,3
01:25:20.87100,1929.750,1
01:25:34.65600,1929.500,1
01:25:52.37800,1929.500,25
01:26:22.24600,1929.500,4
01:26:36.64800,1929.500,1
01:26:41.36700,1929.500,1
01:26:43.69500,1929.500,1
01:26:43.92900,1929.750,1
01:26:49.55800,1929.750,1
01:26:55.68300,1929.750,1
01:27:47.57000,1929.500,4
01:27:49.69500,1929.750,1
01:27:52.05800,1929.500,2
01:28:20.52700,1929.500,114
01:28:20.91000,1929.500,114
01:28:21.47200,1929.500,69
01:28:23.16000,1929.250,3
01:28:23.32400,1929.250,2
01:28:25.94500,1929.250,30
01:28:28.80800,1929.250,6
01:28:32.52700,1929.250,21
01:28:33.10500,1929.500,13
01:28:34.42500,1929.500,10
01:28:34.76100,1929.500,5
01:28:36.97200,1929.500,2
01:28:41.35500,1929.500,11
01:28:46.14000,1929.500,7
01:28:46.68300,1929.500,1
01:28:46.95700,1929.500,1
01:28:48.19100,1929.500,1
01:28:57.85900,1929.750,2
01:28:59.75000,1929.500,3
01:28:59.92900,1929.500,6
01:29:01.52300,1929.750,23
01:29:01.80000,1929.750,8
01:29:06.89800,1929.500,5
01:29:09.22600,1929.500,3
01:29:09.41000,1929.500,1
01:29:14.67900,1929.500,4
01:29:16.35500,1929.500,1
01:29:19.31200,1929.500,5
01:29:22.01500,1929.500,2
01:29:23.56600,1929.500,1
01:29:23.75000,1929.500,3
01:29:34.92100,1929.500,3
01:29:39.39800,1929.500,1
01:29:44.57400,1929.500,2
01:29:59.96800,1929.250,1
01:30:09.60100,1929.250,4
01:30:11.38200,1929.250,1
01:30:40.71000,1929.250,1
01:30:43.60100,1929.250,2
01:30:52.37500,1929.250,23
01:31:03.55000,1929.250,12
01:31:09.21800,1929.250,1
01:31:24.21800,1929.500,2
01:31:48.60100,1929.500,2
01:33:21.18300,1929.500,4
01:33:23.16000,1929.500,2
01:33:27.66700,1929.500,1
01:33:36.48000,1929.750,1
01:33:39.66700,1929.500,3
01:33:43.62800,1929.500,1
01:33:46.09300,1929.750,1
01:34:25.83900,1929.500,34
01:34:29.49200,1929.750,63
01:34:36.89000,1929.750,1
01:34:55.28500,1930.000,2
01:35:14.43700,1930.000,2
01:35:26.30800,1930.000,1
01:35:32.14800,1929.750,2
01:35:36.33500,1929.750,1
01:35:46.14000,1929.750,1
01:35:53.08900,1929.750,2
01:35:56.16400,1929.750,1
01:36:35.66400,1929.750,3
01:36:40.02700,1930.000,1
01:36:53.08500,1929.750,1
01:36:54.00700,1929.750,12
01:36:55.36700,1929.750,3
01:37:01.06200,1929.500,21
01:37:09.49600,1929.750,1
01:37:11.35900,1929.750,1
01:37:20.69900,1929.750,2
01:37:39.68700,1930.000,1
01:37:39.92100,1929.750,12
01:37:40.97200,1929.750,1
01:37:46.32400,1929.750,11
01:38:04.58900,1929.500,2
01:38:22.41700,1929.500,1
01:38:33.13600,1929.500,1
01:38:37.10500,1929.500,2
01:38:54.50300,1929.250,17
01:39:06.95300,1929.500,22
01:39:13.81600,1929.250,1
01:39:17.53900,1929.250,1
01:39:18.54600,1929.500,1
01:39:28.80000,1929.250,1
01:39:31.69500,1929.250,2
01:39:35.44100,1929.500,9
01:39:50.50700,1929.500,1
01:39:51.79200,1929.250,3
01:39:52.42500,1929.250,1
01:40:03.67100,1929.250,11
01:40:06.43700,1929.250,8
01:40:07.91700,1929.250,2
01:40:08.50700,1929.250,1
01:40:08.86700,1929.250,11
01:40:23.06200,1929.000,1
01:40:23.31200,1929.000,2
01:40:28.75700,1929.000,1
01:40:44.01900,1929.250,9
01:40:46.80800,1929.250,1
01:41:05.30000,1929.250,9
01:41:14.44500,1929.000,16
01:41:28.92500,1929.250,1
01:41:30.95300,1929.000,1
01:41:32.28500,1929.000,1
01:41:34.70700,1929.000,1
01:41:39.90200,1929.000,1
01:41:53.96800,1929.000,1
01:42:16.26100,1929.000,16
01:42:16.36700,1929.000,1
01:42:16.54200,1928.750,10
01:42:18.66700,1928.750,1
01:42:19.78900,1929.000,1
01:42:22.14000,1929.000,2
01:42:23.66400,1928.750,2
01:42:24.94500,1929.000,1
01:42:27.72600,1928.750,2
01:42:33.82000,1928.750,1
01:42:35.63600,1928.750,1
01:42:40.15600,1928.750,2
01:42:41.51100,1928.750,1
01:42:47.34300,1928.750,1
01:42:56.23800,1928.750,1
01:43:20.74600,1929.250,35
01:43:25.43700,1929.000,17
01:43:25.75000,1929.250,1
01:43:29.09300,1929.000,60
01:43:32.33200,1929.000,2
01:43:35.05000,1929.000,7
01:43:39.16400,1929.000,5
01:43:50.73800,1929.000,1
01:44:01.56600,1929.250,4
01:44:06.29200,1929.000,23
01:44:07.01500,1929.250,6
01:44:07.54200,1929.250,9
01:44:07.69900,1929.250,4
01:44:11.08500,1929.250,1
01:44:15.20300,1929.250,1
01:44:19.46800,1929.000,1
01:44:21.15200,1929.250,4
01:44:26.84700,1929.250,10
01:44:42.72600,1929.250,1
01:44:48.48400,1929.250,1
01:44:53.27300,1929.250,18
01:44:59.17500,1929.500,46
01:44:59.73400,1929.500,1
01:44:59.96000,1929.500,1
01:45:15.53500,1929.750,7
01:45:21.66400,1929.750,1
01:45:23.83900,1929.500,9
01:45:24.44900,1929.500,1
01:45:26.25700,1929.500,1
01:45:29.83500,1929.750,1
01:45:50.59700,1930.000,15
01:45:55.48400,1929.750,4
01:45:55.92500,1929.750,4
01:46:09.20700,1929.750,3
01:46:18.01500,1929.750,4
01:46:23.08500,1929.750,1
01:46:53.41400,1929.500,14
01:46:57.36700,1929.500,2
01:47:08.72200,1929.500,60
01:47:17.73800,1929.500,2
01:47:18.43300,1929.500,1
01:47:19.66400,1929.500,1
01:47:20.25700,1929.500,1
01:47:21.29600,1929.500,21
01:47:26.77700,1929.500,37
01:47:26.87800,1929.500,13
01:47:36.39800,1929.500,2
01:47:51.38200,1929.500,28
01:48:19.79200,1929.250,4
01:48:27.67100,1929.250,2
01:48:28.55000,1929.250,29
01:48:29.96800,1929.500,4
01:48:42.81600,1929.500,1
01:49:09.30800,1929.500,3
01:49:13.22600,1929.500,5
01:49:14.62100,1929.500,6
01:49:27.96400,1929.500,3
01:49:36.88200,1929.250,1
01:50:28.34700,1929.250,3
01:50:30.28900,1929.500,1
01:50:35.70700,1929.500,1
01:50:46.13200,1929.250,1
01:50:49.58200,1929.500,32
01:51:12.14400,1929.500,18
01:51:19.16400,1929.500,1
01:51:20.91000,1929.500,18
01:51:26.09700,1929.500,3
01:51:31.57000,1929.500,1
01:51:38.35500,1929.500,1
01:51:44.52700,1929.500,4
01:51:44.69500,1929.750,5
01:51:45.85100,1929.750,2
01:51:55.35500,1929.500,1
01:51:56.80000,1929.500,6
01:52:26.65600,1929.500,9
01:52:34.14400,1929.500,5
01:52:50.12100,1929.500,9
01:53:06.27700,1929.500,6
01:53:15.70700,1929.750,1
01:53:34.47200,1929.750,5
01:53:36.65200,1929.750,1
01:53:40.17900,1929.750,1
01:53:40.96000,1929.750,1
01:54:11.85900,1929.750,3
01:54:13.80400,1929.750,1
01:54:17.73400,1930.000,1
01:54:40.17500,1929.750,6
01:54:51.45300,1929.750,1
01:54:52.23000,1929.750,1
01:54:56.92100,1929.750,2
01:55:23.05400,1929.750,5
01:55:25.34700,1930.000,1
01:55:28.12500,1929.750,5
01:55:37.73000,1930.000,1
01:55:39.86700,1929.750,5
01:55:43.75700,1930.000,1
01:55:48.20300,1929.750,2
01:55:53.79200,1930.000,1
01:56:15.26900,1929.750,7
01:56:16.59700,1930.000,1
01:56:25.91700,1930.000,50
01:56:26.15200,1930.000,2
01:56:29.87800,1930.000,12
01:56:32.27700,1930.000,1
01:56:44.00700,1930.250,2
01:56:47.80800,1930.000,1
01:56:56.84700,1930.250,11
01:56:58.57400,1930.000,5
01:57:07.89000,1930.000,2
01:57:08.63200,1930.000,22
01:57:11.80800,1930.250,1
01:57:12.76100,1930.250,25
01:57:18.44900,1930.250,10
01:57:19.75000,1930.250,1
01:57:29.14400,1930.250,2
01:57:36.53900,1930.250,4
01:57:41.50300,1930.000,1
01:58:51.95300,1930.000,12
01:58:52.30000,1930.000,9
01:58:59.84700,1929.750,1
01:59:07.84300,1929.750,2
01:59:12.45700,1930.000,2
01:59:19.95700,1930.000,5
01:59:22.61700,1930.000,5
01:59:31.70700,1930.000,10
01:59:40.02300,1930.000,2
01:59:56.16700,1929.750,1
01:59:57.08200,1929.750,1
01:59:59.59300,1929.750,3
02:00:00.08900,1929.750,0
02:00:00.11700,1929.750,2
02:00:00.35500,1929.750,2
02:00:00.44500,1929.750,5
02:00:03.92500,1929.500,2
02:00:04.90200,1929.750,1
02:00:08.33900,1929.750,34
02:00:08.88600,1929.750,13
02:00:10.80000,1929.750,3
02:00:17.67500,1929.750,2
02:00:18.35100,1930.000,31
02:00:19.11700,1930.000,4
02:00:19.43700,1930.000,20
02:00:19.51900,1930.000,3
02:00:19.61700,1929.750,1
02:00:20.94500,1930.250,1
02:00:25.00300,1930.250,74
02:00:25.12100,1930.000,1
02:00:25.43300,1930.250,1
02:00:26.70300,1930.250,4
02:00:28.21400,1930.250,5
02:00:28.51100,1930.250,3
02:00:30.78500,1930.250,1
02:00:31.55400,1930.250,38
02:00:35.87800,1930.250,1
02:00:41.08200,1930.500,11
02:00:42.01100,1930.500,1
02:00:46.59300,1930.250,7
02:00:46.85500,1930.250,2
02:00:53.84300,1930.250,13
02:00:55.66700,1930.000,1
02:00:59.80000,1930.000,5
02:01:00.83200,1930.500,35
02:01:01.21400,1930.250,7
02:01:01.69900,1930.250,1
02:01:02.01900,1930.250,1
02:01:05.23000,1930.000,15
02:01:05.84300,1930.250,1
02:01:07.60500,1930.250,10
02:01:12.92900,1930.250,1
02:01:18.83900,1930.000,16
02:01:19.05000,1930.000,1
02:01:19.30400,1930.000,4
02:01:20.04200,1930.000,4
02:01:22.09700,1930.000,1
02:01:22.44500,1930.000,8
02:01:25.11300,1929.750,1
02:01:25.79600,1930.000,1
02:01:26.29200,1930.000,45
02:01:27.40200,1930.250,4
02:01:31.80800,1930.000,6
02:01:33.02300,1930.000,10
02:01:38.96000,1930.250,22
02:01:43.61300,1930.250,1
02:01:47.67900,1930.250,19
02:01:48.44900,1930.500,2
02:01:50.04600,1930.500,1
02:01:51.54600,1930.250,2
02:02:07.39800,1930.250,18
02:02:08.57000,1930.250,10
02:02:13.40600,1930.500,2
02:02:14.78500,1930.250,41
02:02:17.83500,1930.250,1
02:02:19.45700,1930.250,1
02:02:25.03500,1930.000,20
02:02:25.14400,1930.000,9
02:02:25.74200,1930.000,3
02:02:28.59300,1930.000,14
02:02:29.84700,1930.000,1
02:02:32.13200,1929.750,11
02:02:39.58900,1930.000,6
02:02:40.46400,1930.000,1
02:02:44.48400,1930.000,5
02:02:53.67500,1929.750,2
02:02:59.25000,1929.750,1
02:03:04.87100,1929.750,30
02:03:06.75000,1929.750,10
02:03:19.75000,1929.750,9
02:03:20.56200,1929.750,5
02:03:26.70300,1929.750,1
02:03:27.11300,1930.000,28
02:03:27.37100,1930.000,11
02:03:28.46000,1930.000,2
02:03:35.39400,1929.750,19
02:03:37.35500,1930.000,1
02:03:37.71000,1930.000,10
02:03:55.13200,1930.000,89
02:04:34.42500,1930.250,45
02:04:35.72600,1930.500,122
02:04:36.74200,1930.500,5
02:04:38.48800,1930.500,2
02:05:02.42500,1930.500,16
02:05:05.31200,1930.500,16
02:05:10.64800,1930.500,20
02:05:10.82800,1930.500,1
02:05:11.12100,1930.500,15
02:05:13.23000,1930.500,5
02:05:16.54200,1930.500,1
02:05:19.72600,1930.500,23
02:05:21.68300,1930.500,1
02:05:22.77700,1930.500,1
02:05:25.38600,1930.500,1
02:05:26.90600,1930.500,2
02:05:27.70300,1930.500,1
02:05:29.97200,1930.250,25
02:05:32.23000,1930.500,1
02:05:33.89000,1930.250,8
02:05:34.91000,1930.500,3
02:05:36.00700,1930.500,3
02:05:38.52700,1930.750,55
02:05:42.30400,1930.750,1
02:05:44.51500,1930.750,1
02:05:45.47600,1930.500,2
02:05:48.45300,1930.500,1
02:05:51.83900,1930.750,5
02:05:52.67100,1930.750,8
02:05:55.54200,1930.750,16
02:05:57.47200,1930.750,21
02:06:02.64400,1930.750,10
02:06:04.64400,1931.000,50
02:06:04.71400,1931.000,3
02:06:04.82000,1930.750,35
02:06:13.52700,1930.750,12
02:06:15.00000,1930.750,1
02:06:47.32800,1931.000,1
02:06:47.65200,1931.000,21
02:06:47.73000,1931.000,3
02:06:48.56200,1931.000,3
02:06:51.01900,1931.000,1
02:06:51.82800,1931.000,5
02:06:52.45700,1931.000,8
02:06:53.44500,1931.000,2
02:06:57.55800,1931.000,3
02:06:58.73000,1930.750,30
02:06:59.51100,1931.000,4
02:07:01.11700,1931.000,8
02:07:03.72200,1931.000,1
02:07:05.17900,1931.000,3
02:07:06.70300,1931.000,1
02:07:08.03900,1931.000,1
02:07:10.16400,1931.000,1
02:07:12.54200,1931.000,1
02:07:12.87800,1931.250,22
02:07:12.93300,1931.250,4
02:07:13.74600,1931.000,1
02:07:22.73800,1931.000,5
02:07:30.42500,1931.000,1
02:07:30.73800,1931.250,4
02:07:37.53100,1931.250,2
02:07:42.34300,1931.250,1
02:07:52.44900,1931.250,1
02:08:01.75700,1931.000,60
02:08:02.34300,1931.000,14
02:08:05.88200,1930.750,5
02:08:07.68700,1931.000,83
02:08:10.57800,1931.000,3
02:08:11.08500,1931.000,1
02:08:15.26900,1931.000,1
02:08:19.03900,1931.000,1
02:08:22.30400,1930.750,21
02:08:30.26100,1931.000,5
02:08:40.07400,1930.750,4
02:08:42.60900,1931.000,1
02:08:46.46400,1930.750,1
02:08:56.90600,1930.750,1
02:09:04.57400,1930.750,8
02:09:07.62500,1930.750,1
02:09:14.97200,1930.750,1
02:09:17.89400,1930.750,2
02:09:18.06200,1930.750,28
02:09:18.17100,1930.750,1
02:09:21.82800,1930.750,7
02:09:22.20300,1930.500,1
02:09:22.42500,1930.750,10
02:09:23.53500,1930.750,1
02:09:24.91700,1930.750,1
02:09:26.32400,1930.750,6
02:09:26.57000,1930.750,10
02:09:26.92500,1931.000,5
02:09:27.76500,1930.750,4
02:09:33.24200,1930.500,11
02:09:36.86700,1930.750,8
02:09:38.18300,1930.750,2
02:09:45.15200,1930.500,1
02:09:45.89400,1930.500,1
02:09:49.08900,1930.750,1
02:09:58.07000,1930.500,6
02:10:03.88600,1930.750,25
02:10:04.18300,1930.750,9
02:10:07.39400,1931.000,4
02:10:08.85500,1930.750,1
02:10:09.04200,1930.750,5
02:10:19.53900,1930.750,8
02:10:24.08500,1931.000,1
02:10:27.39400,1930.750,2
02:10:27.94900,1930.750,3
02:10:29.35900,1930.750,2
02:10:30.87100,1931.000,1
02:10:33.25700,1930.750,1
02:10:34.96400,1930.750,2
02:10:35.92100,1930.750,3
02:10:38.03900,1930.750,3
02:10:55.23400,1931.000,1
02:10:56.59300,1931.000,1
02:10:57.31200,1931.000,1
02:11:02.82800,1930.750,22
02:11:08.20300,1930.750,2
02:11:12.19500,1930.750,2
02:11:15.53900,1931.000,1
02:11:18.11300,1930.500,2
02:11:18.33900,1930.750,3
02:11:19.32400,1931.000,4
02:11:35.06600,1931.000,50
02:11:43.17900,1930.750,9
02:11:43.41700,1930.750,2
02:11:45.76900,1930.750,32
02:11:50.69100,1930.750,5
02:12:10.06200,1930.750,13
02:12:30.11300,1930.750,32
02:12:30.27300,1930.750,7
02:12:33.82800,1930.750,42
02:12:33.97200,1930.750,6
02:12:34.05800,1930.750,2
02:12:40.45700,1930.750,3
02:12:42.94100,1931.000,1
02:12:43.05800,1931.000,3
02:12:44.32800,1931.000,1
02:12:56.05000,1930.750,1
02:13:00.10100,1930.750,8
02:13:01.32400,1930.750,7
02:13:02.34300,1930.750,8
02:13:11.72200,1930.750,2
02:13:11.80400,1930.750,6
02:13:16.62800,1930.750,3
02:13:19.60500,1930.750,1
02:13:36.30800,1930.750,27
02:13:36.64000,1930.750,13
02:13:43.75000,1931.000,21
02:13:44.05800,1931.000,51
02:14:02.15200,1931.250,15
02:14:02.62500,1931.250,1
02:14:08.00700,1931.250,2
02:14:15.42500,1931.000,28
02:14:19.06200,1930.750,1
02:14:34.17900,1930.750,46
02:14:34.25700,1930.750,1
02:14:35.33900,1930.750,5
02:14:42.16400,1930.750,7
02:14:48.97200,1930.750,10
02:14:50.43700,1930.750,6
02:14:57.63600,1930.750,44
02:15:13.83500,1930.500,3
02:15:14.06200,1930.750,1
02:15:17.41400,1930.500,1
02:15:18.69900,1930.500,5
02:15:22.37100,1930.500,1
02:15:24.61300,1930.500,1
02:15:25.05000,1930.500,47
02:15:48.07800,1930.250,43
02:15:48.73000,1930.250,2
02:15:50.61300,1930.250,64
02:15:52.68700,1930.000,182
02:15:53.95700,1930.000,91
02:15:53.97200,1929.750,3
02:15:54.06200,1929.750,1
02:15:54.80800,1929.750,3
02:15:58.55800,1930.000,1
02:16:03.33500,1929.750,26
02:16:03.64000,1929.750,59
02:16:04.25300,1929.500,3
02:16:04.41000,1929.750,1
02:16:05.24600,1929.500,1
02:16:10.58200,1929.500,1
02:16:11.10500,1929.500,6
02:16:11.27300,1929.500,25
02:16:11.42500,1929.500,3
02:16:13.38200,1929.500,28
02:16:14.04200,1929.500,5
02:16:15.36300,1929.500,7
02:16:16.13200,1929.500,5
02:16:16.83500,1929.500,1
02:16:17.06200,1929.500,11
02:16:17.60900,1929.500,4
02:16:20.63200,1929.250,5
02:16:26.37100,1929.500,1
02:16:27.76100,1929.250,5
02:16:28.23000,1929.250,3
02:16:29.31600,1929.500,25
02:16:29.41400,1929.500,23
02:16:29.82800,1929.500,3
02:16:30.28500,1929.500,1
02:16:33.85500,1929.500,2
02:16:36.66700,1929.500,1
02:16:40.45300,1929.500,1
02:16:42.36700,1929.500,8
02:16:42.54200,1929.750,1
02:16:42.96000,1929.500,5
02:16:45.05800,1929.750,20
02:16:45.25700,1929.500,4
02:16:51.12500,1929.500,29
02:16:54.30800,1929.250,5
02:17:02.20700,1929.250,11
02:17:08.28900,1929.250,2
02:17:09.60500,1929.250,28
02:17:11.39000,1929.250,6
02:17:12.65600,1929.250,16
02:17:15.10100,1929.000,8
02:17:16.50300,1929.250,5
02:17:17.29200,1929.250,1
02:17:20.19900,1929.250,12
02:17:20.26100,1929.250,2
02:17:21.78900,1929.250,7
02:17:23.92900,1929.250,3
02:17:24.34700,1929.250,2
02:17:30.42100,1929.000,1
02:17:31.47600,1929.000,3
02:17:35.57800,1929.250,11
02:17:35.88200,1929.250,4
02:17:36.24200,1929.000,4
02:17:38.47200,1929.000,3
02:17:41.93700,1929.000,3
02:17:50.56200,1929.250,20
02:17:51.64800,1929.250,11
02:17:54.17500,1929.250,1
02:17:56.29600,1929.250,1
02:17:58.54200,1929.500,1
02:18:04.12500,1929.250,48
02:18:04.26500,1929.000,7
02:18:04.96400,1929.250,3
02:18:05.21400,1929.250,1
02:18:07.26900,1929.250,3
02:18:07.62100,1929.250,3
02:18:14.28900,1929.250,5
02:18:17.20700,1929.000,45
02:18:18.91400,1929.000,12
02:18:22.55800,1929.250,2
02:18:27.80800,1929.000,1
02:18:30.29200,1929.000,2
02:18:31.20700,1929.000,3
02:18:32.69500,1929.000,1
02:18:41.12800,1929.250,1
02:18:48.38600,1929.250,5
02:18:49.21400,1929.250,1
02:18:49.39000,1929.250,2
02:18:50.38200,1929.250,18
02:18:51.80800,1929.250,1
02:18:52.91700,1929.500,2
02:19:02.12100,1929.250,37
02:19:05.16000,1929.250,12
02:19:06.81600,1929.250,2
02:19:09.65200,1929.000,50
02:19:14.10100,1929.250,34
02:19:15.67100,1929.250,3
02:19:15.91000,1929.250,4
02:19:21.35900,1929.000,1
02:19:23.59300,1929.250,15
02:19:25.21000,1929.250,69
02:19:25.77700,1929.250,6
02:19:26.32800,1929.250,5
02:19:26.88600,1929.250,2
02:19:32.11700,1929.250,1
02:19:38.30800,1929.250,14
02:19:39.76900,1929.250,6
02:19:45.07800,1929.250,1
02:19:54.89400,1929.000,1
02:19:55.02300,1929.250,2
02:19:58.79200,1929.000,2
02:20:04.13600,1929.000,6
02:20:05.33500,1929.000,15
02:20:08.92900,1929.000,37
02:20:12.23400,1929.000,14
02:20:13.16400,1929.000,4
02:20:13.46400,1929.000,1
02:20:14.25300,1929.000,1
02:20:14.52300,1929.000,12
02:20:14.69500,1929.000,1
02:20:17.04200,1929.000,1
02:20:17.96400,1929.000,16
02:20:20.58500,1929.000,1
02:20:22.02300,1929.250,63
02:20:22.46400,1929.250,4
02:20:22.70700,1929.250,1
02:20:23.69100,1929.250,10
02:20:24.34300,1929.250,14
02:20:24.87800,1929.250,11
02:20:33.19500,1929.250,15
02:20:33.39400,1929.250,2
02:20:35.20300,1929.250,2
02:20:36.85100,1929.250,27
02:20:37.65200,1929.250,1
02:20:41.80400,1929.250,3
02:20:43.58900,1929.500,51
02:20:44.58900,1929.750,1
02:20:45.71000,1929.500,21
02:20:47.40200,1929.500,3
02:20:50.27700,1929.500,13
02:21:13.01900,1929.250,14
02:21:16.51100,1929.250,21
02:21:19.30400,1929.250,21
02:21:25.79600,1929.250,10
02:21:29.57000,1929.000,5
02:21:34.66700,1929.000,5
02:21:36.66000,1929.000,1
02:21:36.90600,1929.000,5
02:21:38.42500,1929.000,5
02:21:52.93300,1929.000,48
02:21:53.22200,1928.750,5
02:21:56.85500,1929.000,22
02:21:57.85100,1929.000,2
02:21:59.05000,1929.000,6
02:22:25.36300,1929.000,51
02:22:28.94100,1929.000,1
02:22:36.58200,1929.000,1
02:22:39.79200,1928.750,1
02:22:41.34700,1928.750,2
02:22:55.17500,1928.750,1
02:23:03.16700,1928.500,187
02:23:03.46000,1928.500,4
02:23:03.64800,1928.250,6
02:23:03.71800,1928.250,4
02:23:04.48800,1928.250,1
02:23:05.03500,1928.250,6
02:23:05.67900,1929.000,97
02:23:05.75300,1928.750,23
02:23:06.58900,1928.750,4
02:23:12.03500,1928.500,2
02:23:17.92500,1928.500,57
02:23:18.43700,1928.500,7
02:23:23.87800,1928.500,6
02:23:25.54600,1928.500,1
02:23:27.32000,1928.250,5
02:23:28.73000,1928.250,2
02:23:31.58500,1928.500,1
02:23:31.95300,1928.250,2
02:23:32.95700,1928.500,1
02:23:33.25700,1928.500,2
02:23:35.68300,1928.500,9
02:23:41.25300,1928.750,22
02:23:41.83200,1928.750,7
02:23:42.03100,1928.750,4
02:23:42.58500,1928.750,6
02:23:54.45700,1928.750,25
02:23:55.96400,1928.750,2
02:24:04.20300,1929.000,18
02:24:04.54200,1929.250,2
02:24:09.43700,1929.250,1
02:24:11.07800,1929.250,241
02:24:11.20700,1929.250,15
02:24:11.72200,1929.250,8
02:24:13.06200,1929.000,52
02:24:14.75700,1929.250,8
02:24:24.00700,1929.250,53
02:24:25.03900,1929.000,1
02:24:26.51900,1929.250,1
02:24:27.25300,1929.000,1
02:24:27.52300,1929.250,14
02:24:51.19500,1929.250,4
02:24:56.62500,1929.250,3
02:24:58.30800,1929.000,14
02:25:33.94900,1929.000,2
02:25:36.12500,1929.250,1
02:25:41.12800,1929.000,2
02:25:43.90200,1929.000,1
02:26:11.51900,1929.000,43
02:26:13.03100,1929.000,1
02:26:13.52700,1929.000,19
02:26:18.33900,1929.000,103
02:26:18.73400,1929.000,2
02:26:19.43300,1929.000,38
02:26:24.75000,1929.000,5
02:26:27.77700,1929.000,3
02:26:34.89800,1929.000,1
02:26:43.05000,1929.000,25
02:26:44.49200,1929.000,1
02:26:48.17900,1929.000,31
02:26:49.86700,1929.000,6
02:26:53.14800,1929.000,6
02:26:54.51900,1929.000,7
02:26:55.52700,1929.000,3
02:27:18.39400,1929.000,37
02:27:20.88600,1929.000,1
02:27:22.15600,1929.000,1
02:27:24.40600,1929.000,1
02:27:29.83500,1929.000,1
02:27:31.09700,1929.000,3
02:27:33.56600,1929.000,1
02:27:37.46400,1928.750,25
02:27:41.64000,1928.750,25
02:27:41.73800,1928.750,6
02:27:42.08500,1928.500,2
02:27:42.44100,1928.750,2
02:27:43.55400,1928.750,11
02:27:44.28900,1928.750,7
02:27:48.14400,1928.750,6
02:27:51.20700,1928.750,8
02:27:52.46000,1928.750,14
02:27:52.57800,1928.750,2
02:27:57.56200,1929.000,20
02:28:16.93300,1929.000,36
02:28:19.25000,1928.750,2
02:28:20.33900,1929.000,4
02:28:21.08200,1929.000,1
02:28:27.92100,1929.000,7
02:28:28.47600,1929.000,1
02:28:29.21800,1929.000,12
02:28:30.53500,1929.000,15
02:28:38.50000,1928.750,3
02:28:38.89400,1929.000,19
02:28:40.90200,1928.750,2
02:28:49.00300,1929.000,14
02:28:52.26900,1928.750,1
02:28:57.28100,1929.000,10
02:29:02.07800,1928.750,2
02:29:08.09700,1929.000,10
02:29:11.13200,1929.000,3
02:29:16.93300,1929.000,3
02:29:17.62800,1928.750,2
02:29:19.76100,1929.000,4
02:29:20.89400,1929.000,29
02:29:24.37800,1929.000,2
02:29:25.48400,1929.000,4
02:29:26.50700,1929.250,1
02:29:28.76100,1928.750,1
02:29:32.39800,1929.000,14
02:29:33.54600,1929.000,5
02:29:37.11700,1929.000,2
02:29:37.79200,1929.000,1
02:29:38.90200,1929.000,4
02:29:45.30400,1929.000,3
02:30:03.18700,1929.250,3
02:30:06.87500,1929.000,17
02:30:08.58200,1929.000,25
02:30:09.09300,1929.000,5
02:30:12.95700,1929.000,8
02:30:16.58200,1929.000,3
02:30:16.87800,1929.000,4
02:30:18.19500,1929.000,3
02:30:20.37500,1929.250,1
02:30:22.43700,1929.000,1
02:30:22.73400,1929.000,1
02:30:30.72200,1928.750,1
02:30:36.54200,1928.750,1
02:30:37.21800,1929.000,8
02:30:41.73400,1929.000,1
02:30:43.80000,1929.000,20
02:30:46.91400,1929.250,2
02:30:47.35900,1929.250,25
02:31:34.05000,1929.000,39
02:31:36.50000,1929.000,18
02:31:40.19900,1929.000,22
02:31:41.14800,1928.750,15
02:31:48.36300,1929.000,32
02:31:50.74200,1929.000,29
02:31:51.18300,1929.000,3
02:31:53.21000,1929.000,15
02:31:58.95700,1929.000,2
02:32:01.70700,1929.000,2
02:32:02.26100,1929.250,4
02:32:06.86700,1929.000,9
02:32:15.60500,1929.000,11
02:32:16.43300,1929.000,8
02:32:18.88600,1929.000,2
02:32:20.01900,1929.000,18
02:32:20.49200,1929.000,16
02:32:26.05800,1929.000,6
02:32:30.72200,1929.000,3
02:32:34.75300,1929.000,3
02:32:43.53900,1928.750,1
02:32:58.37800,1929.000,11
02:33:04.65600,1929.000,31
02:33:15.42500,1929.000,9
02:33:28.60100,1929.000,1
02:33:28.89400,1929.000,27
02:33:42.60500,1929.250,49
02:33:43.28100,1929.250,3
02:33:59.75300,1929.500,1
02:34:01.62800,1929.500,39
02:34:04.07000,1929.500,13
02:34:06.51500,1929.500,1
02:34:07.26900,1929.250,22
02:34:09.01900,1929.500,67
02:34:10.01500,1929.500,1
02:34:17.50700,1929.250,1
02:34:17.63200,1929.250,5
02:34:19.47200,1929.250,5
02:34:21.14400,1929.250,5
02:34:22.41400,1929.500,6
02:34:23.49600,1929.500,13
02:34:32.23800,1929.250,36
02:34:32.36700,1929.000,12
02:34:32.52300,1929.250,4
02:34:39.03100,1929.250,18
02:34:40.92100,1929.250,1
02:34:43.62100,1929.500,23
02:34:44.19500,1929.500,4
02:34:44.56600,1929.500,2
02:34:46.72600,1929.500,15
02:34:55.36700,1929.500,24
02:34:57.91000,1929.500,1
02:34:59.01100,1929.500,1
02:34:59.58200,1929.500,9
02:34:59.73000,1929.500,13
02:35:02.82000,1929.250,6
02:35:11.66000,1929.250,1
02:35:16.56200,1929.500,9
02:35:16.69500,1929.250,8
02:35:22.42100,1929.500,2
02:35:39.09300,1929.500,1
02:35:42.35900,1929.250,1
02:35:43.41700,1929.500,2
02:35:46.32000,1929.250,1
02:35:46.76100,1929.500,67
02:35:47.23400,1929.250,11
02:35:48.28500,1929.500,2
02:35:49.42900,1929.250,1
02:35:50.01900,1929.500,1
02:35:51.16000,1929.500,1
02:35:56.23000,1929.500,49
02:35:56.76900,1929.250,18
02:35:57.67900,1929.500,2
02:35:59.15600,1929.250,34
02:35:59.22600,1929.000,10
02:36:02.48800,1929.000,29
02:36:02.88200,1929.000,11
02:36:05.68700,1929.000,39
02:36:10.13200,1929.000,1
02:36:17.75300,1928.750,5
02:36:18.33900,1929.000,32
02:36:27.76100,1929.000,3
02:36:33.16700,1929.000,1
02:36:33.86300,1929.000,22
02:36:45.42100,1928.750,4
02:36:47.95300,1929.000,2
02:36:51.45300,1929.000,38
02:36:52.18700,1929.000,7
02:36:54.31600,1929.000,6
02:36:55.14400,1929.000,1
02:37:11.24200,1929.000,37
02:37:13.53500,1928.750,1
02:37:13.88600,1928.750,1
02:37:15.87500,1929.000,1
02:37:23.83900,1929.250,59
02:37:24.06600,1929.250,3
02:37:24.34300,1929.250,24
02:37:24.55000,1929.250,16
02:37:25.06200,1929.250,2
02:37:35.17100,1929.000,77
02:37:35.24200,1929.250,5
02:37:35.41400,1929.250,10
02:37:35.66000,1929.250,13
02:37:36.16000,1929.250,10
02:37:37.33500,1929.250,3
02:37:37.97200,1929.250,10
02:37:39.38200,1929.250,23
02:37:43.08500,1929.250,1
02:37:44.30000,1929.250,1
02:37:44.88200,1929.500,2
02:37:45.45700,1929.500,37
02:37:46.70700,1929.750,33
02:38:02.59300,1929.500,21
02:38:02.70300,1929.500,3
02:38:03.13200,1929.500,1
02:38:05.41000,1929.750,10
02:38:05.56600,1929.750,12
02:38:16.34300,1930.000,2
02:38:18.53900,1930.000,1
02:38:18.70700,1930.000,1
02:38:20.53500,1929.750,2
02:38:22.06600,1929.750,2
02:38:28.41000,1930.000,2
02:38:34.20700,1929.750,5
02:38:35.31600,1929.750,12
02:38:38.86700,1929.750,4
02:38:43.55000,1929.750,1
02:38:45.01500,1929.500,1
02:39:06.71800,1929.500,4
02:39:07.51100,1929.500,11
02:39:08.10500,1929.500,1
02:39:10.44900,1929.500,8
02:39:11.25700,1929.500,2
02:39:13.80400,1929.750,1
02:39:23.72600,1929.750,16
02:39:26.60500,1929.750,1
02:39:27.02700,1929.750,2
02:39:29.38200,1929.750,3
02:39:30.58200,1929.750,1
02:39:32.65600,1929.750,4
02:39:32.89400,1929.750,1
02:39:33.37100,1929.750,3
02:39:34.50300,1929.750,5
02:39:35.89800,1929.750,6
02:39:36.70300,1929.750,6
02:39:41.48000,1929.750,8
02:39:42.15200,1929.750,2
02:39:43.91700,1929.750,4
02:39:45.66400,1929.750,1
02:39:46.57400,1929.750,9
02:40:00.56600,1929.750,3
02:40:02.00300,1929.500,60
02:40:04.16000,1929.500,2
02:40:04.72200,1929.250,5
02:40:04.94900,1929.500,2
02:40:05.19900,1929.500,8
02:40:05.55800,1929.250,5
02:40:10.57800,1929.500,3
02:40:13.78900,1929.500,29
02:40:16.71000,1929.500,5
02:40:17.10500,1929.250,1
02:40:22.96800,1929.500,2
02:40:30.91400,1929.500,1
02:40:33.33500,1929.500,14
02:40:42.53500,1929.500,5
02:40:45.96400,1929.500,2
02:41:04.75300,1929.500,21
02:41:06.47200,1929.500,3
02:41:13.07400,1929.500,1
02:41:30.81200,1929.250,6
02:41:32.08500,1929.500,1
02:41:34.53100,1929.500,11
02:41:47.23400,1929.750,280
02:41:47.30400,1929.750,79
02:41:47.42500,1929.750,17
02:41:54.73800,1929.500,2
02:42:01.32000,1929.500,20
02:42:01.64400,1929.500,1
02:42:03.00700,1929.500,14
02:42:03.20300,1929.500,9
02:42:03.61300,1929.500,16
02:42:07.31600,1929.500,6
02:42:08.94500,1930.000,316
02:42:14.08900,1930.250,103
02:42:15.51900,1930.000,1
02:42:24.74600,1930.000,39
02:42:27.02700,1930.000,9
02:42:29.83500,1930.250,44
02:42:30.25300,1930.250,21
02:42:42.67500,1930.000,1
02:42:48.40600,1930.250,1
02:42:51.76500,1930.000,1
02:42:53.12100,1930.250,1
02:43:08.17100,1930.250,7
02:43:12.76500,1930.000,1
02:43:16.15600,1930.000,4
02:43:20.04200,1930.000,1
02:43:20.73800,1930.000,1
02:43:23.78100,1930.000,32
02:43:29.04200,1930.250,1
02:43:36.33900,1930.250,1
02:43:39.00700,1930.000,3
02:43:45.10500,1930.000,2
02:43:45.23000,1930.250,2
02:43:54.23800,1930.250,26
02:43:55.19100,1930.250,4
02:43:56.41000,1930.250,2
02:43:57.65600,1930.250,1
02:43:59.18700,1930.250,1
02:44:01.17500,1930.500,3
02:44:04.72200,1930.000,46
02:44:04.79200,1930.000,1
02:44:05.36300,1930.000,3
02:44:08.00700,1930.000,15
02:44:10.50700,1930.000,1
02:44:10.96800,1930.000,44
02:44:13.46000,1929.750,1
02:44:17.60900,1929.750,2
02:44:26.72600,1929.750,1
02:44:35.48000,1929.750,5
02:44:36.29600,1929.750,5
02:44:48.50000,1929.750,1
02:44:57.51500,1929.750,1
02:45:02.16000,1929.750,4
02:45:03.29200,1929.750,2
02:45:03.88600,1929.750,3
02:45:17.03100,1929.750,37
02:45:17.08200,1929.750,8
02:45:17.19500,1929.750,3
02:45:18.64400,1929.750,4
02:45:40.05400,1929.750,1
02:45:47.10900,1929.750,2
02:46:10.79600,1930.000,21
02:46:12.80400,1930.250,207
02:46:12.87100,1930.250,4
02:46:12.97200,1930.250,34
02:46:16.44500,1930.000,15
02:46:20.42900,1930.000,24
02:46:30.90600,1930.250,1
02:46:44.82400,1930.250,33
02:46:54.01900,1930.250,12
02:46:59.94100,1930.000,1
02:47:02.40600,1930.250,8
02:47:03.59300,1930.250,8
02:47:06.05000,1930.250,7
02:47:07.50300,1930.250,4
02:47:10.39800,1930.250,1
02:47:12.72600,1930.250,4
02:47:15.33900,1930.250,1
02:47:23.83200,1930.250,1
02:47:24.71000,1930.000,15
02:47:26.83200,1930.000,2
02:47:30.67100,1930.000,12
02:47:30.90200,1930.000,15
02:47:33.36700,1930.000,3
02:47:37.71400,1929.750,1
02:47:41.72200,1930.000,6
02:47:48.28500,1930.000,1
02:47:52.74600,1930.000,1
02:47:54.80400,1930.250,2
02:47:59.67500,1930.000,1
02:48:07.92500,1930.250,18
02:48:09.71400,1930.250,8
02:48:15.67500,1930.250,85
02:48:23.12500,1930.250,10
02:48:26.31600,1930.250,20
02:48:26.60100,1930.250,2
02:48:27.10100,1930.250,2
02:48:27.19500,1930.250,1
02:48:27.48800,1930.250,55
02:48:33.81600,1930.000,1
02:48:47.58500,1930.000,2
02:49:02.71800,1930.000,19
02:49:04.25300,1929.750,5
02:49:13.62500,1929.750,39
02:49:30.74200,1929.500,12
02:49:30.88200,1929.500,1
02:49:31.84700,1929.500,6
02:49:40.21000,1929.500,28
02:49:56.63200,1929.500,1
02:49:59.81200,1929.500,39
02:50:02.66700,1929.500,16
02:50:04.82800,1929.500,8
02:50:17.60100,1929.750,12
02:50:17.69900,1929.750,15
02:50:26.80000,1929.750,22
02:50:30.00300,1929.750,12
02:50:30.67500,1929.750,2
02:50:30.75000,1929.750,1
02:50:34.60900,1929.750,1
02:50:40.00000,1930.000,12
02:50:42.72200,1930.000,9
02:50:46.27700,1929.750,8
02:50:46.94900,1929.750,6
02:50:48.55400,1929.750,1
02:50:50.41000,1929.500,1
02:50:52.01900,1929.750,11
02:51:10.81200,1930.000,26
02:51:11.95300,1930.000,1
02:51:12.12100,1930.000,7
02:51:12.31600,1930.000,1
02:51:12.33500,1930.000,5
02:51:12.42900,1930.000,3
02:51:12.91700,1930.000,2
02:51:15.02300,1929.750,2
02:51:20.00000,1930.000,11
02:51:24.00700,1930.000,11
02:51:24.36300,1930.000,2
02:51:31.88600,1930.250,10
02:51:40.89800,1930.000,29
02:51:50.00000,1930.000,7
02:51:54.37100,1930.000,3
02:51:54.92900,1930.250,11
02:51:55.42100,1930.000,1
02:51:56.04200,1930.000,7
02:52:12.69500,1930.000,13
02:52:13.85500,1930.250,11
02:52:14.90200,1930.250,17
02:52:16.10900,1930.250,3
02:52:26.04600,1930.500,11
02:52:36.17900,1930.250,20
02:52:36.75000,1930.000,1
02:52:37.08500,1930.250,1
02:52:46.55400,1930.000,1
02:52:47.08900,1930.250,10
02:52:47.30800,1930.250,28
02:52:48.85900,1930.250,14
02:52:49.68700,1930.250,1
02:52:50.34700,1930.250,3
02:52:58.53500,1930.250,13
02:53:07.55400,1930.000,59
02:53:19.35100,1930.250,24
02:53:19.46800,1930.250,13
02:53:27.05000,1930.250,4
02:53:29.50000,1930.500,10
02:53:32.26500,1930.500,11
02:53:32.87500,1930.250,1
02:53:37.06600,1930.500,19
02:53:39.75000,1930.250,4
02:53:42.41700,1930.500,10
02:53:52.41700,1930.500,9
02:53:52.48800,1930.250,6
02:53:57.33900,1930.250,6
02:54:00.79600,1930.250,21
02:54:01.11700,1930.250,4
02:54:02.66400,1930.250,1
02:54:03.21400,1930.250,5
02:54:06.32800,1930.250,8
02:54:09.87800,1930.250,14
02:54:12.75000,1930.500,9
02:54:17.14000,1930.250,8
02:54:21.50000,1930.000,123
02:54:21.69100,1930.000,3
02:54:27.26100,1930.000,1
02:54:29.74200,1929.750,35
02:54:39.80000,1930.000,11
02:54:40.73000,1929.750,1
02:54:47.79200,1929.750,28
02:54:50.00000,1929.750,30
02:54:57.71800,1930.000,20
02:54:57.83200,1930.000,3
02:55:00.49600,1930.250,10
02:55:01.16000,1930.250,2
02:55:01.29600,1930.250,2
02:55:03.85100,1930.000,10
02:55:09.21400,1930.250,9
02:55:09.71000,1930.000,3
02:55:14.73000,1930.000,1
02:55:17.00300,1930.000,14
02:55:18.57400,1930.000,56
02:55:20.00000,1930.250,8
02:55:23.71000,1930.000,24
02:55:23.96800,1930.000,19
02:55:25.89000,1930.000,1
02:55:26.78100,1930.000,2
02:55:28.47600,1930.000,13
02:55:29.44900,1930.000,10
02:55:29.86700,1930.000,1
02:55:36.43300,1929.750,2
02:55:37.53100,1930.000,12
02:55:45.28100,1930.000,9
02:55:47.12500,1930.000,9
02:55:53.30800,1930.000,9
02:56:02.66400,1930.250,18
02:56:04.27700,1930.250,6
02:56:10.67100,1930.250,16
02:56:10.78500,1930.250,13
02:56:10.91700,1930.250,4
02:56:11.19900,1930.250,4
02:56:12.03500,1930.250,10
02:56:12.17500,1930.250,6
02:56:15.71000,1930.250,3
02:56:18.90200,1930.500,43
02:56:22.80800,1930.500,3
02:56:27.16400,1930.500,17
02:56:30.76100,1930.500,2
02:56:34.31600,1930.500,9
02:56:35.25700,1930.500,4
02:56:38.24600,1930.500,3
02:56:38.95300,1930.500,1
02:56:39.11300,1930.500,3
02:56:41.08200,1930.500,1
02:56:42.21400,1930.500,16
02:56:43.50700,1930.750,8
02:56:51.07800,1930.750,9
02:56:52.42100,1930.500,3
02:56:54.55000,1930.500,1
02:56:57.25300,1930.500,1
02:56:57.62800,1930.750,6
02:56:59.33900,1930.750,4
02:56:59.54200,1930.500,16
02:57:04.43300,1930.250,6
02:57:06.05800,1930.500,3
02:57:13.23400,1930.500,8
02:57:14.97200,1930.500,15
02:57:15.38200,1930.500,2
02:57:17.08900,1930.500,22
02:57:17.28500,1930.500,13
02:57:17.59700,1930.500,9
02:57:19.06600,1930.500,2
02:57:20.13600,1930.500,10
02:57:21.06600,1930.500,3
02:57:22.26500,1930.250,36
02:57:25.32000,1930.250,25
02:57:28.55800,1930.250,89
02:57:30.43700,1930.250,30
02:57:30.58500,1930.250,3
02:57:33.64000,1930.250,25
02:57:36.25700,1930.500,7
02:57:44.87800,1930.500,12
02:57:52.48800,1930.250,25
02:57:58.29600,1930.500,5
02:58:03.05000,1930.500,16
02:58:07.26100,1930.500,17
02:58:11.03900,1930.750,9
02:58:15.33500,1930.500,9
02:58:16.84300,1930.750,6
02:58:22.03900,1930.750,1
02:58:22.52700,1930.750,42
02:58:24.62800,1931.000,25
02:58:24.70700,1931.000,36
02:58:32.05000,1930.750,1
02:58:33.88200,1931.000,8
02:58:34.50700,1930.750,13
02:58:35.73800,1931.000,1
02:58:40.05400,1930.500,63
02:58:40.80800,1930.750,1
02:58:48.51500,1930.750,12
02:58:49.49200,1930.500,1
02:58:52.57800,1930.500,32
02:58:53.18700,1930.500,4
02:58:56.48000,1930.500,4
02:58:58.23400,1930.500,2
02:58:59.06200,1930.750,6
02:59:02.05000,1930.500,15
02:59:03.96400,1930.500,1
02:59:05.28500,1930.750,6
02:59:10.04200,1930.750,41
02:59:10.17900,1930.750,1
02:59:10.74600,1930.750,15
02:59:12.49200,1930.750,1
02:59:15.48400,1930.500,61
02:59:16.93700,1930.500,5
02:59:18.57000,1930.750,5
02:59:22.16000,1930.750,5
02:59:22.46800,1930.750,1
02:59:23.18300,1930.750,4
02:59:28.05800,1930.750,4
02:59:29.11700,1930.500,81
02:59:31.87500,1930.500,3
02:59:32.46400,1930.250,3
02:59:35.80400,1930.500,3
02:59:38.44100,1930.500,6
02:59:40.60500,1930.500,2
02:59:43.05800,1930.500,2
02:59:44.00300,1930.250,17
02:59:46.82800,1930.000,7
02:59:47.53900,1930.250,2
02:59:48.16700,1930.000,23
02:59:48.66400,1930.000,11
02:59:49.23800,1930.000,3
02:59:49.56600,1930.250,2
02:59:49.92100,1930.000,20
02:59:52.64800,1929.750,2
02:59:53.63600,1929.750,2
02:59:55.00000,1930.000,9
02:59:59.14800,1930.000,29
