06:00:02.00700,1903.250,0
06:00:04.77700,1903.250,42
06:00:04.96800,1903.250,17
06:00:05.91400,1903.250,1
06:00:06.06600,1903.250,1
06:00:10.92500,1903.500,10
06:00:11.14400,1903.500,18
06:00:11.25000,1903.500,12
06:00:14.33900,1903.250,1
06:00:19.12800,1903.250,22
06:00:23.51100,1903.250,18
06:00:24.73000,1903.000,2
06:00:25.48800,1903.250,1
06:00:28.92100,1903.250,15
06:00:29.36700,1903.000,25
06:00:29.61700,1903.000,4
06:00:29.66700,1903.000,2
06:00:29.87800,1903.000,6
06:00:29.93300,1903.000,2
06:00:30.04200,1903.000,2
06:00:30.24600,1903.000,8
06:00:30.34300,1903.000,2
06:00:30.41400,1903.000,4
06:00:30.55800,1903.000,2
06:00:30.84700,1903.000,4
06:00:31.01100,1903.000,13
06:00:31.16400,1903.000,2
06:00:36.08900,1903.250,3
06:00:38.36300,1903.250,1
06:00:40.42500,1903.000,17
06:00:42.58900,1903.000,29
06:00:46.26900,1903.000,2
06:00:54.28500,1903.250,9
06:00:56.55000,1903.250,14
06:00:58.28500,1903.000,11
06:01:00.63200,1903.250,2
06:01:01.46000,1903.250,3
06:01:02.44900,1903.250,6
06:01:02.91400,1903.250,1
06:01:03.14400,1903.250,4
06:01:03.49200,1903.000,3
06:01:06.77700,1903.000,1
06:01:07.31600,1903.250,1
06:01:09.31600,1903.250,1
06:01:10.08900,1903.250,3
06:01:10.78900,1903.500,1
06:01:12.42500,1903.250,2
06:01:13.29200,1903.500,1
06:01:16.21400,1903.250,2
06:01:18.59700,1903.500,1
06:01:19.87100,1903.250,1
06:01:25.08500,1903.250,1
06:01:25.61300,1903.500,1
06:01:29.08500,1903.250,26
06:01:30.56600,1903.000,1
06:01:32.92100,1903.250,4
06:01:33.18300,1903.000,20
06:01:35.57000,1903.250,38
06:01:38.43700,1903.250,4
06:01:39.27700,1903.250,3
06:01:39.54200,1903.250,1
06:01:40.22200,1903.250,13
06:01:41.84700,1903.500,14
06:01:42.44500,1903.250,10
06:01:43.75000,1903.250,5
06:01:45.41700,1903.500,12
06:01:46.08200,1903.500,25
06:01:48.02300,1903.500,5
06:01:49.06600,1903.250,1
06:01:49.37100,1903.500,12
06:01:49.73800,1903.500,10
06:01:50.91400,1903.500,22
06:01:51.32800,1903.250,53
06:01:53.32800,1903.250,3
06:01:56.34300,1903.250,2
06:01:59.45700,1903.250,1
06:02:01.10900,1903.250,26
06:02:01.60900,1903.250,16
06:02:01.71800,1903.250,1
06:02:02.19900,1903.500,2
06:02:03.08500,1903.500,1
06:02:12.91000,1903.250,5
06:02:15.57800,1903.250,2
06:02:22.43700,1903.250,62
06:02:22.50300,1903.250,5
06:02:23.30000,1903.250,1
06:02:24.31200,1903.250,2
06:02:25.86700,1903.250,13
06:02:28.96800,1903.250,1
06:02:31.02700,1903.250,13
06:02:31.37500,1903.250,4
06:02:34.23400,1903.250,2
06:02:35.05000,1903.500,1
06:02:37.64000,1903.250,1
06:02:41.08500,1903.250,1
06:02:48.17900,1903.250,10
06:02:48.46800,1903.500,1
06:03:04.74600,1903.250,4
06:03:06.80000,1903.250,23
06:03:07.30800,1903.000,5
06:03:09.85100,1903.000,6
06:03:11.44500,1903.250,24
06:03:15.67900,1903.250,1
06:03:17.96000,1903.250,5
06:03:20.62800,1903.250,6
06:03:22.30400,1903.250,8
06:03:22.75700,1903.250,1
06:03:23.94500,1903.250,9
06:03:25.20700,1903.500,22
06:03:25.51500,1903.500,6
06:03:26.38600,1903.500,2
06:03:26.51900,1903.250,1
06:03:26.65600,1903.500,6
06:03:27.38600,1903.500,17
06:03:28.48800,1903.500,1
06:03:28.91400,1903.500,3
06:03:30.12500,1903.250,1
06:03:30.46800,1903.500,11
06:03:31.89400,1903.500,3
06:03:32.20300,1903.500,2
06:03:35.08900,1903.500,5
06:03:35.71800,1903.500,1
06:03:36.86700,1903.500,1
06:03:43.66700,1903.750,1
06:03:47.66400,1903.750,12
06:03:51.00700,1903.500,1
06:03:51.21000,1903.750,1
06:03:51.66700,1903.500,7
06:03:52.90600,1903.500,4
06:03:53.76900,1903.750,1
06:03:57.49200,1903.500,1
06:03:58.18700,1903.250,127
06:04:02.27700,1903.250,43
06:04:03.38600,1903.250,3
06:04:04.30400,1903.250,8
06:04:05.06600,1903.250,23
06:04:05.66700,1903.250,2
06:04:06.92900,1903.000,1
06:04:08.53100,1903.250,1
06:04:10.17100,1903.500,29
06:04:18.74600,1903.250,6
06:04:19.91400,1903.500,4
06:04:20.10100,1903.250,1
06:04:25.09300,1903.250,1
06:04:28.62100,1903.500,6
06:04:32.28900,1903.750,3
06:04:34.07000,1903.750,1
06:04:34.24200,1903.750,21
06:04:35.22200,1903.750,4
06:04:38.10900,1903.750,1
06:04:39.02300,1903.750,22
06:04:39.63600,1903.500,21
06:04:44.33200,1903.750,1
06:04:44.50000,1903.750,21
06:04:49.26500,1903.750,1
06:04:50.49200,1903.750,1
06:04:51.05000,1903.750,20
06:04:53.50000,1903.750,1
06:04:59.01500,1903.750,20
06:04:59.12500,1904.000,1
06:05:03.00300,1904.000,9
06:05:09.08900,1904.000,3
06:05:10.10900,1903.750,1
06:05:10.52700,1904.000,2
06:05:12.49200,1903.750,1
06:05:13.00700,1904.000,73
06:05:13.14000,1904.250,11
06:05:13.61300,1904.250,1
06:05:15.42100,1904.250,7
06:05:16.10900,1904.250,1
06:05:17.33500,1904.250,10
06:05:18.90600,1904.000,28
06:05:19.37500,1904.000,8
06:05:19.56600,1904.000,34
06:05:20.11300,1904.000,10
06:05:21.49600,1903.750,1
06:05:26.90600,1903.750,107
06:05:29.10900,1903.750,2
06:05:29.35100,1903.750,22
06:05:32.29200,1904.000,6
06:05:33.03500,1903.750,1
06:05:36.23400,1903.750,1
06:05:36.57400,1903.750,3
06:05:37.04600,1903.750,1
06:05:37.52300,1903.500,20
06:05:39.51500,1903.500,1
06:05:41.51100,1903.500,28
06:05:41.83500,1903.500,18
06:05:42.20300,1903.500,2
06:05:42.77700,1903.500,4
06:05:43.61700,1903.500,2
06:05:44.11300,1903.500,2
06:05:44.19100,1903.750,1
06:05:46.18700,1903.500,1
06:05:47.60500,1903.500,21
06:05:51.15200,1903.750,1
06:05:51.68700,1903.500,3
06:05:59.57800,1903.500,24
06:06:02.43700,1903.750,144
06:06:04.07400,1903.500,1
06:06:05.33200,1903.750,1
06:06:11.10500,1903.750,1
06:06:11.89000,1903.750,18
06:06:12.55800,1903.750,5
06:06:12.70300,1903.750,5
06:06:17.42100,1903.750,1
06:06:17.88200,1903.750,9
06:06:18.27700,1904.000,18
06:06:21.74600,1903.750,24
06:06:24.21400,1903.750,10
06:06:24.92900,1903.750,3
06:06:26.09300,1903.750,1
06:06:35.23400,1903.750,21
06:06:42.83900,1903.750,52
06:06:45.60500,1903.750,3
06:06:46.48400,1903.750,2
06:06:47.76900,1903.750,9
06:06:49.78900,1903.750,4
06:06:52.90200,1903.750,9
06:06:54.13200,1903.750,1
06:06:59.87800,1903.500,12
06:07:06.82000,1903.750,8
06:07:07.17900,1903.750,11
06:07:07.51900,1904.000,1
06:07:07.70300,1903.500,1
06:07:08.11700,1903.750,7
06:07:09.17100,1903.750,1
06:07:09.23000,1903.750,2
06:07:10.13200,1903.750,21
06:07:12.69900,1903.750,1
06:07:16.71000,1903.500,26
06:07:17.83500,1903.500,11
06:07:21.69500,1903.500,12
06:07:22.28900,1903.750,1
06:07:23.78100,1903.750,2
06:07:27.05800,1903.750,10
06:07:28.32400,1903.750,1
06:07:29.19100,1903.750,4
06:07:29.63600,1903.750,2
06:07:30.69900,1903.750,2
06:07:31.59300,1903.500,21
06:07:32.28100,1903.500,1
06:07:32.53500,1903.500,3
06:07:40.91400,1903.500,10
06:07:43.54600,1903.500,2
06:07:46.50300,1903.250,1
06:07:52.74200,1903.500,11
06:07:52.88600,1903.500,3
06:07:53.72200,1903.500,1
06:07:55.97200,1903.500,2
06:07:57.94100,1903.250,1
06:07:59.11700,1903.250,7
06:08:06.27700,1903.500,7
06:08:09.88600,1903.250,3
06:08:10.68300,1903.250,1
06:08:13.17100,1903.500,9
06:08:13.66000,1903.500,2
06:08:16.65200,1903.500,4
06:08:21.73400,1903.500,13
06:08:23.92500,1903.500,4
06:08:24.61700,1903.500,7
06:08:25.79600,1903.500,6
06:08:28.57000,1903.500,23
06:08:29.05000,1903.500,1
06:08:32.91700,1903.500,19
06:08:33.02700,1903.500,7
06:08:36.53500,1903.500,47
06:08:36.93300,1903.500,39
06:08:48.58900,1903.250,10
06:08:50.10100,1903.250,3
06:08:50.56200,1903.250,1
06:08:58.15200,1903.250,1
06:09:10.09300,1903.250,2
06:09:10.47600,1903.500,43
06:09:13.02700,1903.500,46
06:09:18.12500,1903.500,23
06:09:19.26500,1903.500,3
06:09:19.73000,1903.500,10
06:09:21.89400,1903.500,15
06:09:22.33500,1903.500,2
06:09:24.70700,1903.750,5
06:09:36.18700,1903.750,1
06:09:52.89400,1903.500,3
06:09:53.32400,1903.750,1
06:09:56.00700,1903.500,28
06:09:57.41000,1903.750,1
06:09:59.03900,1903.500,5
06:10:02.30000,1903.500,15
06:10:03.41000,1903.250,1
06:10:14.36300,1903.250,1
06:10:15.61300,1903.250,49
06:10:17.23400,1903.250,4
06:10:18.16700,1903.250,2
06:10:18.73400,1903.250,1
06:10:19.09700,1903.250,15
06:10:20.12100,1903.250,3
06:10:20.60900,1903.000,2
06:10:27.60100,1903.250,1
06:10:28.38200,1903.250,33
06:10:29.01500,1903.000,40
06:10:29.41400,1903.250,1
06:10:29.74600,1903.000,3
06:10:30.27300,1903.000,13
06:10:31.07800,1903.000,1
06:10:32.62100,1903.250,4
06:10:42.12800,1903.000,1
06:10:47.48800,1903.250,1
06:10:47.89400,1903.250,7
06:10:48.78500,1903.250,9
06:10:51.23800,1903.250,8
06:10:56.40600,1903.250,1
06:10:57.75000,1903.250,3
06:10:58.85900,1903.250,1
06:11:04.66400,1903.250,11
06:11:06.68300,1903.250,1
06:11:09.14800,1903.250,3
06:11:11.70300,1903.250,4
06:11:13.65200,1903.000,1
06:11:14.36300,1903.250,1
06:11:22.01100,1903.250,5
06:11:32.63600,1903.250,2
06:11:37.37800,1903.250,1
06:11:48.41000,1903.250,9
06:11:57.60500,1903.500,2
06:11:59.22600,1903.500,19
06:11:59.61700,1903.750,2
06:12:02.02700,1903.750,3
06:12:02.87100,1903.750,33
06:12:02.93700,1903.750,2
06:12:03.17500,1903.500,1
06:12:04.47600,1903.750,3
06:12:08.04600,1903.750,1
06:12:09.01100,1904.000,3
06:12:11.58200,1903.750,18
06:12:13.01900,1903.750,4
06:12:13.26500,1904.000,2
06:12:17.35900,1903.750,6
06:12:17.74600,1904.000,4
06:12:22.12500,1904.000,2
06:12:28.47200,1904.000,1
06:12:28.94500,1903.750,6
06:12:30.94500,1904.000,1
06:12:31.15600,1904.000,38
06:12:40.68300,1904.250,102
06:12:44.74200,1904.500,9
06:12:53.42500,1904.250,23
06:12:53.69900,1904.250,7
06:12:55.47200,1904.250,2
06:12:58.11700,1904.250,2
06:13:02.30800,1904.250,41
06:13:05.43300,1904.250,1
06:13:06.07000,1904.250,31
06:13:08.02300,1904.250,1
06:13:11.41000,1904.250,1
06:13:11.87100,1904.250,8
06:13:12.66700,1904.000,18
06:13:14.65200,1904.250,5
06:13:15.57400,1904.250,1
06:13:16.59300,1904.000,10
06:13:17.52700,1904.000,1
06:13:22.58900,1904.250,16
06:13:29.82800,1904.500,3
06:13:31.91700,1904.250,1
06:13:32.78100,1904.250,1
06:13:33.21800,1904.500,1
06:13:33.69900,1904.250,5
06:13:34.37100,1904.250,3
06:13:35.37500,1904.500,5
06:13:37.70300,1904.500,2
06:13:38.80000,1904.500,2
06:13:42.42100,1904.500,1
06:13:47.37100,1904.250,11
06:13:47.64000,1904.250,6
06:13:48.08500,1904.250,5
06:13:50.66000,1904.000,1
06:13:52.67900,1904.250,10
06:13:53.57800,1904.250,1
06:13:54.53900,1904.250,2
06:14:02.06200,1904.000,122
06:14:03.53500,1903.750,70
06:14:03.64800,1903.750,1
06:14:04.96000,1903.750,2
06:14:07.41000,1903.750,2
06:14:09.34300,1903.750,10
06:14:11.13600,1903.750,1
06:14:13.62100,1903.500,2
06:14:13.96800,1903.750,2
06:14:14.30800,1904.000,3
06:14:18.07800,1903.750,9
06:14:21.24600,1903.750,7
06:14:22.54200,1903.750,1
06:14:22.63200,1904.000,2
06:14:33.11300,1904.000,15
06:14:37.66000,1904.000,1
06:14:37.81600,1904.000,1
06:14:38.33900,1904.000,4
06:14:39.61700,1904.000,11
06:14:48.28100,1904.000,12
06:14:51.00700,1904.000,2
06:14:51.45700,1904.000,1
06:14:52.93300,1904.000,3
06:14:53.06200,1903.750,1
06:14:58.56600,1903.750,1
06:15:02.18700,1903.750,2
06:15:03.07000,1903.750,1
06:15:04.67900,1903.750,1
06:15:06.41000,1903.750,1
06:15:06.86700,1903.750,13
06:15:08.16400,1903.750,1
06:15:15.04600,1904.000,2
06:15:18.07800,1903.750,22
06:15:25.76900,1903.750,3
06:15:25.97200,1903.750,1
06:15:26.50300,1903.750,1
06:15:26.67900,1904.000,1
06:15:31.82800,1903.750,2
06:15:40.31200,1904.000,1
06:15:44.66400,1903.750,38
06:15:44.74200,1903.750,1
06:15:45.02300,1903.750,2
06:15:45.42900,1903.750,41
06:16:04.77700,1903.750,2
06:16:11.05000,1903.750,1
06:16:17.66400,1903.750,22
06:16:17.80400,1903.500,1
06:16:20.35100,1903.750,6
06:16:21.89400,1903.750,1
06:16:24.47600,1903.750,4
06:16:25.39000,1903.750,11
06:16:29.76900,1903.500,2
06:16:35.90200,1903.500,1
06:16:46.62500,1903.500,34
06:16:50.09300,1903.500,1
06:16:52.39400,1903.250,2
06:16:58.96800,1903.250,1
06:17:00.70700,1903.500,12
06:17:01.23000,1903.500,57
06:17:01.73000,1903.500,6
06:17:04.62100,1903.500,4
06:17:06.58900,1903.750,71
06:17:10.55400,1903.750,1
06:17:12.18300,1903.750,84
06:17:13.47600,1903.500,2
06:17:14.59700,1903.500,2
06:17:18.33900,1903.500,1
06:17:22.84700,1903.500,20
06:17:22.94100,1903.500,12
06:17:24.57400,1903.500,13
06:17:26.57000,1903.250,45
06:17:26.60500,1903.250,17
06:17:27.30400,1903.250,1
06:17:30.36700,1903.250,19
06:17:30.75300,1903.250,1
06:17:31.00300,1903.250,2
06:17:33.94100,1903.000,2
06:17:35.52300,1903.250,20
06:17:35.62500,1903.250,1
06:17:35.79600,1903.250,7
06:17:36.12500,1903.250,2
06:17:39.01100,1903.000,16
06:17:40.68300,1903.000,62
06:17:41.41700,1902.750,11
06:17:41.66700,1902.750,4
06:17:42.37800,1902.750,1
06:17:42.51900,1902.750,1
06:17:42.92900,1903.000,1
06:17:43.91000,1902.500,564
06:17:44.00000,1902.500,22
06:17:44.09300,1902.500,19
06:17:44.39800,1902.250,114
06:17:44.44500,1902.250,3
06:17:45.00700,1902.250,1
06:17:45.50700,1902.250,5
06:17:45.92100,1902.250,32
06:17:46.03900,1902.250,1
06:17:46.16700,1902.250,20
06:17:46.88200,1902.250,2
06:17:47.26500,1902.250,3
06:17:47.41000,1902.250,5
06:17:48.10900,1902.250,2
06:17:49.71800,1902.250,1
06:17:50.22600,1902.250,1
06:17:51.92500,1902.250,3
06:17:55.00700,1902.250,2
06:17:55.23400,1902.500,5
06:17:57.66700,1902.500,5
06:17:58.72600,1902.500,1
06:18:03.08900,1902.750,527
06:18:04.33500,1903.000,3
06:18:04.69500,1903.000,5
06:18:05.12800,1902.750,39
06:18:07.01900,1902.750,16
06:18:07.91400,1902.500,1
06:18:10.31200,1902.500,5
06:18:12.49600,1902.500,17
06:18:13.33500,1902.500,8
06:18:14.95700,1902.500,1
06:18:15.38600,1902.500,1
06:18:17.73800,1902.500,3
06:18:20.29200,1902.750,1
06:18:20.78100,1902.500,1
06:18:21.05000,1902.500,1
06:18:23.29200,1902.750,1
06:18:24.27300,1902.500,1
06:18:27.37100,1902.750,24
06:18:27.82000,1902.750,6
06:18:28.60900,1902.750,1
06:18:32.97200,1903.000,14
06:18:33.59700,1903.000,1
06:18:34.23000,1903.000,31
06:18:34.38200,1903.000,1
06:18:34.51900,1903.000,1
06:18:34.66000,1902.750,26
06:18:34.83200,1902.750,22
06:18:35.19100,1903.000,1
06:18:38.13600,1903.000,1
06:18:39.05400,1903.000,32
06:18:41.36300,1903.000,19
06:18:41.64800,1903.000,1
06:18:43.24200,1903.250,1
06:18:43.45300,1903.250,1
06:18:45.32800,1903.250,38
06:18:45.37800,1903.250,1
06:18:46.45300,1903.250,3
06:18:47.78900,1903.000,1
06:18:49.77700,1903.250,14
06:18:54.45300,1903.250,1
06:18:54.73800,1903.500,1
06:18:55.37500,1903.250,1
06:18:56.08900,1903.500,12
06:19:04.60100,1903.500,36
06:19:16.60500,1903.250,1
06:19:17.35100,1903.500,1
06:19:17.91400,1903.500,2
06:19:18.55800,1903.250,10
06:19:19.02700,1903.250,24
06:19:19.40200,1903.000,10
06:19:19.62800,1903.000,10
06:19:19.85900,1903.000,10
06:19:20.12100,1903.000,10
06:19:20.35500,1903.000,10
06:19:20.68300,1903.000,10
06:19:20.97200,1903.250,11
06:19:21.25700,1903.000,10
06:19:24.74200,1903.250,1
06:19:26.90200,1903.000,11
06:19:27.22200,1903.000,16
06:19:27.48400,1903.000,6
06:19:27.53900,1903.000,4
06:19:28.72200,1903.000,3
06:19:29.35500,1903.000,21
06:19:29.57800,1903.000,10
06:19:31.29600,1903.000,1
06:19:36.30400,1903.000,15
06:19:36.62100,1903.000,10
06:19:37.13200,1902.750,83
06:19:38.15200,1902.500,106
06:19:39.07800,1902.750,1
06:19:42.42100,1902.750,1
06:19:43.16400,1902.500,3
06:19:45.06600,1902.500,44
06:19:45.10100,1902.500,6
06:19:46.94900,1902.750,1
06:19:47.33900,1903.000,241
06:19:47.45300,1903.000,17
06:19:47.53500,1903.000,2
06:19:49.80400,1902.750,2
06:19:50.45300,1902.750,1
06:19:54.53900,1903.000,46
06:19:55.11300,1903.250,8
06:19:57.83900,1903.250,10
06:20:02.93700,1903.250,3
06:20:03.57000,1903.250,17
06:20:04.13600,1903.250,12
06:20:04.87100,1903.000,3
06:20:05.34700,1903.250,2
06:20:06.45700,1903.250,1
06:20:07.28100,1903.250,9
06:20:08.28500,1903.250,1
06:20:08.58200,1903.250,6
06:20:09.07000,1903.250,1
06:20:11.23800,1903.250,1
06:20:12.42500,1903.250,2
06:20:14.74200,1903.250,13
06:20:14.82000,1903.250,4
06:20:18.28500,1903.250,5
06:20:20.41700,1903.250,9
06:20:28.75000,1903.250,10
06:20:35.43700,1903.500,35
06:20:35.75300,1903.500,1
06:20:38.78900,1903.250,10
06:20:39.04200,1903.250,32
06:20:39.25700,1903.000,10
06:20:39.53900,1903.000,10
06:20:39.77300,1903.000,10
06:20:40.09300,1903.000,10
06:20:40.39000,1903.000,11
06:20:40.62100,1903.000,10
06:20:40.85500,1903.000,10
06:20:41.12500,1903.000,10
06:20:45.50000,1903.250,8
06:20:52.78500,1903.000,11
06:21:03.77300,1903.250,9
06:21:05.35100,1903.250,7
06:21:05.53100,1903.250,1
06:21:06.81200,1903.500,1
06:21:08.44900,1903.250,5
06:21:11.90600,1903.500,1
06:21:13.52300,1903.250,1
06:21:16.16400,1903.250,2
06:21:23.63200,1903.250,12
06:21:31.28900,1903.250,9
06:21:41.46800,1903.250,1
06:21:45.73800,1903.250,1
06:21:46.03500,1903.250,1
06:21:48.62100,1903.500,1
06:21:56.12500,1903.250,8
06:22:03.26100,1903.250,8
06:22:04.25000,1903.250,3
06:22:04.59700,1903.250,1
06:22:06.51900,1903.000,1
06:22:16.35900,1903.000,17
06:22:19.35500,1903.000,34
06:22:19.43300,1902.750,2
06:22:19.50300,1902.750,1
06:22:20.36300,1903.250,339
06:22:20.42500,1903.000,6
06:22:20.58200,1903.250,9
06:22:20.68300,1903.250,12
06:22:24.67500,1903.250,3
06:22:24.86300,1903.250,2
06:22:25.96800,1903.250,8
06:22:33.10900,1903.500,1
06:22:34.27300,1903.250,2
06:22:40.12100,1903.250,34
06:22:41.79200,1903.250,7
06:22:42.27300,1903.250,1
06:22:48.25700,1903.250,3
06:22:54.78900,1903.250,3
06:22:55.10500,1903.250,1
06:22:59.01500,1903.250,6
06:23:05.14800,1903.500,22
06:23:07.24600,1903.500,1
06:23:08.48800,1903.500,4
06:23:17.53100,1903.250,2
06:23:19.28500,1903.500,1
06:23:19.37800,1903.500,4
06:23:20.85100,1903.250,103
06:23:23.00700,1903.250,8
06:23:26.02300,1903.250,15
06:23:26.53100,1903.000,1
06:23:29.89800,1903.500,18
06:23:33.88600,1903.500,1
06:23:49.93700,1903.500,13
06:23:51.03900,1903.500,18
06:23:58.48400,1903.250,15
06:23:59.04600,1903.250,32
06:24:00.30800,1903.250,12
06:24:08.54600,1903.250,1
06:24:09.59700,1903.250,1
06:24:16.05400,1903.500,17
06:24:16.51500,1903.500,1
06:24:16.78500,1903.500,5
06:24:19.14000,1903.500,1
06:24:19.45300,1903.500,3
06:24:22.16000,1903.500,12
06:24:26.49200,1903.500,4
06:24:29.15600,1903.250,2
06:24:29.96400,1903.500,16
06:24:33.47200,1903.500,8
06:24:37.90600,1903.500,5
06:24:38.11300,1903.500,6
06:24:41.04200,1903.500,1
06:24:41.36700,1903.500,73
06:24:42.65200,1903.500,2
06:24:43.49600,1903.500,5
06:24:45.01100,1903.500,1
06:24:45.55800,1903.500,2
06:24:52.75300,1903.500,1
06:24:57.10500,1903.500,10
06:24:58.27300,1903.500,2
06:25:02.17100,1903.250,2
06:25:03.73400,1903.750,20
06:25:05.55000,1903.500,2
06:25:06.27700,1903.500,43
06:25:08.74200,1903.500,7
06:25:09.52700,1903.500,7
06:25:11.41700,1903.500,3
06:25:15.65200,1903.750,41
06:25:16.40600,1903.750,20
06:25:16.59300,1903.750,9
06:25:21.30800,1903.750,25
06:25:22.31600,1903.750,11
06:25:22.52700,1903.750,10
06:25:25.52700,1903.750,1
06:25:34.68300,1903.750,1
06:25:35.42900,1903.750,4
06:25:38.53100,1903.750,4
06:25:40.46800,1903.750,21
06:25:46.33200,1903.500,2
06:25:46.96800,1903.500,1
06:25:50.44500,1903.750,1
06:25:51.01100,1903.750,5
06:25:51.65200,1903.750,27
06:25:54.25300,1903.500,2
06:25:55.64400,1903.500,17
06:25:58.37500,1903.500,1
06:25:59.36700,1903.250,2
06:25:59.83200,1903.500,1
06:26:01.09300,1903.500,6
06:26:01.52300,1903.500,1
06:26:02.44500,1903.500,1
06:26:03.26100,1903.500,13
06:26:03.88200,1903.500,3
06:26:05.70300,1903.500,29
06:26:07.54200,1903.250,1
06:26:07.80000,1903.250,12
06:26:08.59700,1903.500,1
06:26:11.96000,1903.500,10
06:26:19.53900,1903.500,9
06:26:20.50000,1903.500,5
06:26:20.85500,1903.500,1
06:26:21.71400,1903.250,85
06:26:22.78900,1903.250,1
06:26:27.57400,1903.500,1
06:26:27.66400,1903.500,1
06:26:37.66700,1903.250,29
06:26:39.54200,1903.250,36
06:26:44.09700,1903.250,4
06:26:46.15200,1903.250,6
06:26:48.02700,1903.250,1
06:26:49.49600,1903.250,12
06:26:53.07400,1903.250,1
06:26:56.00300,1903.250,1
06:26:57.90200,1903.250,1
06:27:02.09700,1903.000,11
06:27:09.76900,1903.250,1
06:27:17.64400,1902.750,230
06:27:18.58500,1903.000,5
06:27:18.80000,1902.750,21
06:27:20.51500,1903.000,6
06:27:21.66400,1902.750,3
06:27:22.75700,1902.750,1
06:27:23.48000,1903.000,22
06:27:23.91400,1902.750,2
06:27:25.37800,1903.000,7
06:27:30.15600,1903.000,112
06:27:33.35100,1903.000,1
06:27:33.55400,1903.000,1
06:27:37.85100,1902.750,10
06:27:38.03100,1902.750,21
06:27:38.60500,1903.000,1
06:27:40.42900,1902.750,18
06:27:48.26900,1903.000,139
06:27:50.08200,1903.250,1
06:27:51.00000,1903.250,1
06:27:52.10100,1903.250,1
06:27:55.35100,1903.000,8
06:27:55.71400,1903.250,1
06:27:56.18700,1903.000,1
06:27:59.03100,1903.000,1
06:28:06.93700,1903.000,36
06:28:09.46000,1903.000,7
06:28:11.86700,1903.000,2
06:28:20.56600,1903.000,1
06:28:22.78100,1903.250,1
06:28:23.12500,1903.250,27
06:28:25.08900,1903.250,10
06:28:29.63200,1903.250,27
06:28:31.53100,1903.250,20
06:28:31.81600,1903.250,16
06:28:32.19100,1903.250,31
06:28:39.52300,1903.250,4
06:28:41.36300,1903.250,36
06:28:43.71400,1903.000,2
06:28:47.85500,1903.000,2
06:28:51.69100,1903.250,4
06:28:53.35900,1903.250,1
06:28:54.74200,1903.250,4
06:28:57.04200,1903.000,1
06:28:58.07000,1903.250,3
06:29:06.31600,1903.250,43
06:29:08.12500,1903.250,2
06:29:08.29200,1903.500,1
06:29:11.55000,1903.250,1
06:29:15.44900,1903.250,1
06:29:20.90600,1903.500,1
06:29:23.55400,1903.500,1
06:29:25.35100,1903.250,16
06:29:28.43700,1903.250,1
06:29:34.49600,1903.000,37
06:29:38.63200,1903.000,19
06:29:39.26100,1902.750,1
06:29:40.48000,1903.000,1
06:29:40.57400,1903.000,2
06:29:41.07000,1902.750,244
06:29:43.34300,1902.500,51
06:29:44.37100,1902.750,1
06:29:49.45300,1902.750,33
06:29:50.03100,1902.750,2
06:29:50.34300,1902.750,2
06:29:52.25000,1902.750,15
06:29:52.54200,1902.750,2
06:29:53.38200,1902.750,1
06:29:53.96800,1902.750,7
06:29:56.59300,1902.750,45
06:29:57.66000,1902.750,3
06:29:59.58500,1902.750,19
06:30:00.53500,1902.500,13
06:30:01.62800,1902.750,28
06:30:03.33200,1902.500,202
06:30:03.51900,1902.500,8
06:30:03.78100,1902.250,22
06:30:04.25700,1902.500,1
06:30:06.91400,1902.500,1
06:30:07.63600,1902.250,24
06:30:12.25300,1902.250,2
06:30:17.76900,1902.500,1
06:30:20.56200,1902.250,1
06:30:21.75000,1902.500,61
06:30:21.88600,1902.500,6
06:30:22.69100,1902.500,16
06:30:23.24600,1902.500,12
06:30:23.47200,1902.500,4
06:30:23.69500,1902.500,2
06:30:23.89000,1902.500,11
06:30:24.24600,1902.500,8
06:30:27.66000,1902.500,1
06:30:32.97200,1903.000,50
06:30:35.04200,1902.750,10
06:30:36.55400,1902.500,2
06:30:37.14400,1902.750,2
06:30:38.46000,1902.750,1
06:30:38.70700,1902.500,2
06:30:41.18300,1902.500,1
06:30:41.54600,1902.500,1
06:30:42.58500,1902.500,2
06:30:46.59700,1902.750,1
06:30:49.22200,1902.500,27
06:30:50.41400,1902.500,50
06:30:54.73400,1902.000,570
06:30:54.88600,1902.000,7
06:30:55.31600,1901.750,8
06:30:55.82400,1902.000,36
06:30:55.96800,1902.000,1
06:30:56.34700,1901.750,1
06:30:56.62100,1902.000,1
06:30:56.82400,1902.000,2
06:30:57.38200,1902.000,10
06:30:58.29600,1902.250,26
06:30:58.43700,1902.000,3
06:30:58.76900,1902.000,5
06:31:00.31200,1902.250,126
06:31:00.53500,1902.250,21
06:31:01.08500,1902.250,11
06:31:04.55400,1902.000,1
06:31:07.79600,1902.000,45
06:31:08.82000,1902.000,3
06:31:09.94900,1902.000,9
06:31:10.69500,1902.000,1
06:31:12.73400,1902.000,19
06:31:15.30800,1902.000,20
06:31:15.85900,1902.000,1
06:31:16.02700,1901.750,3
06:31:16.39000,1902.000,6
06:31:17.35900,1902.000,10
06:31:17.73400,1902.000,2
06:31:18.17100,1902.000,4
06:31:18.40600,1902.000,6
06:31:19.11300,1902.000,7
06:31:19.82400,1902.000,3
06:31:20.51100,1902.000,2
06:31:21.56600,1901.750,1
06:31:22.02300,1902.000,17
06:31:22.73400,1902.000,16
06:31:22.94100,1902.000,50
06:31:24.46400,1902.000,1
06:31:25.53500,1902.000,1
06:31:25.80000,1901.750,1
06:31:27.76500,1902.000,31
06:31:27.86300,1902.000,22
06:31:27.94100,1902.000,2
06:31:28.87800,1902.000,3
06:31:30.46800,1901.750,12
06:31:33.65200,1902.000,34
06:31:36.95300,1901.750,3
06:31:37.47200,1901.750,3
06:31:38.31600,1902.000,16
06:31:38.65600,1902.000,14
06:31:42.07000,1902.000,6
06:31:42.13600,1902.000,1
06:31:43.65200,1902.000,9
06:31:44.10100,1901.750,1
06:31:44.30800,1902.000,1
06:31:46.69900,1902.000,2
06:31:47.30800,1902.000,1
06:31:48.03100,1902.000,19
06:31:51.16400,1902.250,94
06:31:53.67500,1902.500,40
06:31:54.60100,1902.750,7
06:31:58.49600,1902.500,16
06:31:58.66400,1902.500,1
06:31:59.68300,1902.500,10
06:32:02.33200,1902.500,3
06:32:03.00000,1902.500,5
06:32:09.90200,1902.500,2
06:32:11.71000,1902.500,1
06:32:18.06600,1902.500,32
06:32:18.87800,1902.500,3
06:32:20.20300,1902.500,4
06:32:20.39000,1902.500,2
06:32:23.19500,1902.500,1
06:32:24.07400,1902.500,13
06:32:24.83900,1902.500,18
06:32:26.03900,1902.500,2
06:32:26.72600,1902.500,8
06:32:27.78500,1902.750,57
06:32:29.40600,1902.750,2
06:32:33.93700,1902.500,33
06:32:33.94500,1902.500,5
06:32:35.94900,1902.750,1
06:32:39.13200,1902.500,47
06:32:51.71000,1902.750,17
06:32:53.01100,1902.750,64
06:32:54.28100,1902.750,12
06:32:54.62800,1902.750,5
06:32:55.10500,1902.750,1
06:33:06.11700,1903.000,28
06:33:06.31200,1903.000,13
06:33:06.46400,1903.000,5
06:33:08.80400,1903.000,5
06:33:09.66700,1903.000,12
06:33:10.80000,1903.000,2
06:33:14.16000,1903.000,19
06:33:14.59300,1903.250,9
06:33:17.83900,1903.000,55
06:33:20.54600,1903.000,5
06:33:25.73000,1903.000,26
06:33:26.39400,1903.000,3
06:33:28.44100,1903.000,1
06:33:32.54600,1903.250,2
06:33:35.62500,1903.000,10
06:33:35.78100,1903.000,1
06:33:36.29600,1903.000,1
06:33:36.84700,1903.000,1
06:33:42.29600,1903.000,6
06:33:44.77700,1903.000,1
06:33:46.76900,1902.750,55
06:33:52.81600,1902.750,1
06:33:58.02300,1902.750,1
06:34:09.38600,1902.750,3
06:34:16.60500,1903.000,27
06:34:17.57400,1903.000,5
06:34:24.07400,1903.000,1
06:34:27.61700,1903.000,1
06:34:32.49200,1903.000,1
06:34:37.91700,1903.250,64
06:34:38.95700,1903.250,8
06:34:39.72600,1903.250,3
06:34:40.40600,1903.250,1
06:34:40.83900,1903.250,1
06:34:42.57400,1903.250,5
06:34:42.76500,1903.250,2
06:34:43.65600,1903.250,1
06:34:45.52300,1903.000,60
06:34:46.13600,1902.750,3
06:34:49.26500,1902.750,17
06:34:53.43700,1902.750,1
06:34:55.10900,1902.750,1
06:34:56.04600,1902.750,1
06:35:00.01500,1902.750,4
06:35:01.22200,1902.750,2
06:35:01.78500,1903.000,1
06:35:02.48400,1903.000,24
06:35:03.95300,1902.750,1
06:35:05.74600,1903.000,1
06:35:15.14400,1902.750,1
06:35:17.02300,1902.750,2
06:35:19.80400,1903.000,5
06:35:27.26900,1903.000,19
06:35:34.60100,1903.000,19
06:35:38.13600,1903.000,9
06:35:39.14400,1903.000,9
06:35:43.09700,1903.000,28
06:35:52.57800,1903.000,5
06:35:57.82800,1902.750,1
06:35:59.39000,1902.750,27
06:36:00.65200,1902.750,4
06:36:02.70300,1902.750,54
06:36:02.82000,1902.750,1
06:36:04.35500,1902.750,2
06:36:17.83900,1902.750,30
06:36:21.05000,1902.750,2
06:36:36.60900,1902.750,1
06:36:39.95300,1902.750,40
06:36:41.65600,1903.000,1
06:36:51.92500,1902.750,118
06:36:52.25000,1902.500,37
06:36:57.15200,1902.750,1
06:37:01.92500,1903.000,61
06:37:03.76500,1902.750,1
06:37:04.84700,1902.750,89
06:37:05.26900,1902.750,104
06:37:05.43300,1902.750,1
06:37:06.39000,1902.750,16
06:37:06.80000,1902.750,15
06:37:11.34300,1903.000,10
06:37:17.14400,1902.750,1
06:37:17.39000,1902.750,1
06:37:19.21400,1902.750,10
06:37:19.76900,1902.750,1
06:37:19.94100,1902.750,1
06:37:20.21000,1902.750,11
06:37:21.14800,1902.750,3
06:37:23.30000,1902.750,5
06:37:24.48800,1902.750,24
06:37:27.25300,1902.750,1
06:37:32.24600,1902.750,6
06:37:32.28900,1902.750,2
06:37:33.55000,1902.750,13
06:37:35.60100,1902.750,14
06:37:37.37800,1902.750,2
06:37:37.82000,1902.750,1
06:37:41.91400,1903.000,63
06:37:43.57000,1903.250,2
06:37:45.34300,1903.000,1
06:37:46.16000,1903.000,187
06:37:46.19900,1903.000,14
06:37:46.34300,1903.000,4
06:37:53.69900,1903.250,23
06:37:54.71400,1903.250,3
06:38:01.48400,1903.250,11
06:38:07.78500,1903.000,58
06:38:08.59700,1903.000,11
06:38:08.88600,1903.000,16
06:38:09.55400,1903.000,1
06:38:10.20700,1903.250,2
06:38:11.16700,1903.000,2
06:38:15.67100,1903.000,3
06:38:16.16400,1903.000,1
06:38:16.74200,1903.000,1
06:38:18.72200,1903.000,2
06:38:19.56200,1902.750,1
06:38:21.50700,1902.750,11
06:38:24.71800,1903.000,34
06:38:27.94100,1903.000,1
06:38:35.22600,1902.750,11
06:38:38.16000,1903.000,1
06:38:39.72200,1903.000,2
06:38:42.42500,1902.750,10
06:38:43.31600,1903.000,53
06:38:44.13600,1902.750,3
06:38:45.32000,1903.000,15
06:38:49.58500,1903.250,10
06:38:51.18700,1903.000,7
06:38:51.59300,1903.000,23
06:38:53.23000,1902.750,3
06:38:53.81600,1903.000,26
06:38:53.89000,1903.000,4
06:38:56.19500,1902.750,13
06:39:05.58200,1902.750,12
06:39:09.25700,1902.750,11
06:39:14.41700,1902.750,1
06:39:16.45700,1902.750,10
06:39:18.89800,1902.750,10
06:39:22.95300,1902.750,9
06:39:27.96000,1902.750,2
06:39:28.85900,1902.750,10
06:39:35.10900,1902.750,26
06:39:35.37800,1902.750,11
06:39:40.57000,1903.000,47
06:39:40.64800,1903.000,4
06:39:41.89000,1903.000,2
06:39:45.28100,1903.000,5
06:39:48.58500,1903.000,61
06:39:49.29200,1903.000,10
06:39:56.35100,1902.750,10
06:39:58.09300,1902.750,29
06:39:58.44900,1903.000,1
06:40:01.64000,1902.750,11
06:40:03.92100,1902.750,3
06:40:05.17100,1902.750,2
06:40:07.20300,1902.750,2
06:40:09.42100,1902.750,16
06:40:10.36300,1902.750,1
06:40:14.17900,1902.750,1
06:40:15.28100,1902.750,9
06:40:17.65600,1902.750,18
06:40:19.03500,1902.750,21
06:40:19.31200,1902.750,4
06:40:22.21000,1903.000,1
06:40:27.05400,1902.750,11
06:40:28.58200,1902.750,1
06:40:31.01100,1902.750,1
06:40:33.42500,1903.000,1
06:40:34.01500,1903.000,1
06:40:34.25300,1902.750,10
06:40:35.93700,1902.750,1
06:40:36.05800,1902.750,20
06:40:37.44900,1902.750,4
06:40:38.56200,1902.500,20
06:40:41.71000,1902.750,1
06:40:42.49600,1902.500,90
06:40:43.76500,1902.500,4
06:40:43.91700,1902.500,1
06:40:45.92900,1902.250,17
06:40:47.32000,1902.250,11
06:40:48.21000,1902.250,106
06:40:49.44500,1902.000,4
06:40:49.75700,1902.000,133
06:40:50.24600,1902.000,49
06:40:50.53500,1902.000,1
06:40:51.66400,1902.000,26
06:40:51.71400,1902.000,13
06:40:51.81200,1902.000,5
06:40:54.90200,1901.750,2
06:40:55.16000,1902.000,1
06:40:56.05400,1901.750,3
06:40:56.32400,1902.000,89
06:40:56.87500,1902.000,9
06:40:58.19900,1902.000,23
06:40:59.49600,1901.750,1
06:41:03.33900,1901.750,2
06:41:05.48800,1901.750,10
06:41:06.53900,1901.750,1
06:41:07.60900,1901.750,11
06:41:10.62800,1901.750,1
06:41:11.52300,1902.000,56
06:41:14.85500,1902.000,7
06:41:15.26500,1902.000,13
06:41:15.53900,1901.750,2
06:41:15.96000,1901.750,1
06:41:16.58900,1902.000,1
06:41:17.14400,1902.000,15
06:41:17.44900,1901.750,1
06:41:21.33900,1901.750,11
06:41:24.31200,1902.000,1
06:41:25.11700,1902.000,3
06:41:26.57800,1902.000,1
06:41:27.17500,1902.000,10
06:41:28.54200,1901.750,11
06:41:31.39800,1902.000,71
06:41:34.51500,1902.000,16
06:41:34.75700,1902.250,1
06:41:35.94500,1902.000,9
06:41:36.26900,1902.000,4
06:41:36.80400,1902.000,2
06:41:38.37100,1902.000,16
06:41:40.07400,1901.750,8
06:41:40.33200,1901.750,108
06:41:40.33500,1901.750,2
06:41:40.53500,1901.750,52
06:41:40.85900,1901.750,47
06:41:41.44100,1901.750,1
06:41:41.51100,1901.750,1
06:41:41.80400,1901.750,1
06:41:44.94900,1901.750,23
06:41:46.26500,1901.250,365
06:41:46.39000,1901.250,8
06:41:46.56200,1901.250,1
06:41:46.82000,1901.500,20
06:41:47.14400,1901.500,22
06:41:47.68300,1901.500,16
06:41:47.80800,1901.500,11
06:41:48.61300,1901.500,4
06:41:48.78500,1901.250,10
06:41:49.25000,1901.500,2
06:41:49.43700,1901.250,6
06:41:50.87100,1901.500,1
06:41:52.27300,1901.250,12
06:41:52.42900,1901.250,1
06:41:54.14400,1901.250,1
06:41:54.50300,1901.500,1
06:41:54.63600,1901.250,1
06:41:55.17900,1901.250,2
06:41:55.35900,1901.250,11
06:41:55.42100,1901.250,1
06:41:55.65200,1901.250,9
06:41:56.33500,1901.500,1
06:41:58.42100,1901.250,1
06:41:58.68300,1901.250,1
06:41:59.34300,1901.250,20
06:42:01.02300,1901.250,74
06:42:05.22200,1901.250,98
06:42:05.30400,1901.250,6
06:42:05.47600,1901.250,2
06:42:05.57800,1901.250,29
06:42:06.15600,1901.250,1
06:42:06.57400,1901.250,2
06:42:07.01100,1901.250,1
06:42:07.77700,1901.250,13
06:42:10.11300,1901.250,1
06:42:10.40600,1901.500,2
06:42:12.57400,1901.250,11
06:42:12.91700,1901.250,1
06:42:14.42100,1901.250,5
06:42:14.93700,1901.250,11
06:42:16.46000,1901.500,2
06:42:17.33500,1901.250,5
06:42:18.12500,1901.500,5
06:42:19.35100,1901.250,2
06:42:20.57800,1901.250,10
06:42:20.71000,1901.250,1
06:42:21.27300,1901.250,1
06:42:22.16000,1901.250,9
06:42:22.26500,1901.250,1
06:42:22.81200,1901.250,34
06:42:22.96000,1901.250,9
06:42:23.10100,1901.250,3
06:42:23.23800,1901.250,2
06:42:24.19100,1901.500,37
06:42:24.42500,1901.500,54
06:42:24.49600,1901.500,7
06:42:24.95300,1901.250,2
06:42:25.10100,1901.500,7
06:42:27.61300,1901.500,1
06:42:28.11300,1901.500,20
06:42:29.00300,1901.500,2
06:42:30.01900,1901.500,1
06:42:31.69900,1901.250,1
06:42:32.07800,1901.500,2
06:42:34.61300,1901.250,11
06:42:34.81600,1901.250,1
06:42:35.01900,1901.250,33
06:42:35.85500,1901.500,39
06:42:38.77300,1901.500,5
06:42:39.15600,1901.500,8
06:42:40.46800,1901.500,1
06:42:41.17100,1901.500,24
06:42:41.66700,1901.500,5
06:42:44.83900,1901.500,1
06:42:46.37100,1901.500,1
06:42:49.36300,1901.500,3
06:42:50.87500,1901.500,7
06:42:51.32800,1901.500,5
06:42:52.39800,1901.500,9
06:42:52.41700,1901.250,5
06:42:54.22600,1901.250,11
06:42:54.56600,1901.500,5
06:42:55.35500,1901.500,10
06:42:56.37800,1901.500,13
06:42:59.32000,1901.500,18
06:43:04.00700,1901.500,59
06:43:05.44100,1901.500,19
06:43:05.78900,1901.500,4
06:43:07.57400,1901.500,28
06:43:11.19900,1901.500,18
06:43:12.16700,1901.500,10
06:43:13.21400,1901.250,5
06:43:15.20700,1901.250,3
06:43:17.16000,1901.250,25
06:43:18.13600,1901.250,10
06:43:19.65600,1901.000,37
06:43:19.69100,1901.000,2
06:43:19.77300,1901.250,1
06:43:20.19100,1901.250,2
06:43:20.62100,1901.000,4
06:43:21.01900,1901.000,11
06:43:22.69900,1901.000,2
06:43:23.78500,1901.250,1
06:43:24.30800,1901.250,95
06:43:24.42100,1901.250,7
06:43:24.43300,1901.250,5
06:43:25.40200,1901.250,20
06:43:25.55400,1901.000,1
06:43:26.33200,1901.250,54
06:43:27.80800,1901.000,25
06:43:29.53500,1901.250,1
06:43:35.45300,1901.000,15
06:43:37.34700,1901.000,1
06:43:37.67900,1901.000,14
06:43:38.22200,1901.000,1
06:43:38.90600,1901.000,2
06:43:41.48800,1901.250,1
06:43:41.92500,1901.000,10
06:43:42.18700,1901.250,3
06:43:42.72600,1901.250,4
06:43:43.78900,1901.250,1
06:43:47.61700,1901.250,1
06:43:48.44900,1901.000,10
06:43:49.77700,1901.000,5
06:43:53.78500,1901.250,2
06:43:54.72600,1901.250,4
06:43:55.13200,1901.250,1
06:43:55.47200,1901.000,244
06:43:59.55800,1900.750,8
06:43:59.78900,1900.750,4
06:44:00.39800,1901.000,2
06:44:00.55800,1901.000,5
06:44:00.87800,1900.750,13
06:44:01.34300,1900.750,60
06:44:01.37500,1900.750,95
06:44:01.50300,1900.750,22
06:44:01.71800,1900.750,1
06:44:02.53500,1900.750,55
06:44:03.05400,1900.750,1
06:44:03.64800,1900.750,1
06:44:03.85900,1900.750,17
06:44:04.53100,1900.750,3
06:44:05.50700,1900.750,159
06:44:05.57400,1900.750,5
06:44:06.02300,1900.750,21
06:44:06.39000,1900.750,52
06:44:07.46000,1900.750,1
06:44:07.62100,1900.750,1
06:44:07.72600,1900.750,1
06:44:08.55800,1900.750,2
06:44:08.88200,1900.500,29
06:44:09.82000,1900.750,55
06:44:10.18700,1900.750,25
06:44:11.19900,1900.750,3
06:44:11.36300,1900.750,26
06:44:11.56600,1900.750,5
06:44:11.81600,1900.750,1
06:44:11.94500,1900.750,2
06:44:12.51500,1901.000,14
06:44:13.15600,1900.750,41
06:44:13.89400,1900.750,1
06:44:14.58200,1900.750,10
06:44:17.22200,1900.750,1
06:44:17.39400,1901.000,2
06:44:18.08900,1900.750,1
06:44:18.28900,1900.750,1
06:44:18.66700,1901.000,51
06:44:19.18300,1900.750,1
06:44:19.82800,1900.750,11
06:44:20.31600,1900.750,74
06:44:21.25300,1900.750,1
06:44:22.30800,1900.750,11
06:44:22.80400,1900.750,1
06:44:23.10900,1901.000,1
06:44:24.96800,1900.750,1
06:44:26.93300,1900.750,7
06:44:27.06200,1900.750,13
06:44:27.14800,1900.750,8
06:44:28.15600,1900.750,4
06:44:30.66400,1900.750,1
06:44:32.17100,1900.750,23
06:44:32.30000,1900.750,4
06:44:32.56600,1901.000,76
06:44:33.83200,1900.750,6
06:44:34.01500,1900.750,24
06:44:35.06200,1900.750,38
06:44:35.76500,1900.750,3
06:44:36.06200,1900.750,9
06:44:36.89000,1900.750,4
06:44:38.83900,1900.750,15
06:44:38.96800,1900.750,10
06:44:39.65200,1901.000,3
06:44:40.33900,1901.000,1
06:44:41.73400,1901.000,3
06:44:42.12800,1900.750,1
06:44:42.23400,1901.000,78
06:44:42.26500,1901.000,8
06:44:44.05400,1901.000,2
06:44:44.65600,1901.000,2
06:44:49.39400,1900.750,1
06:44:50.33900,1901.000,1
06:44:52.21400,1900.750,1
06:44:52.64400,1900.750,11
06:44:53.82800,1900.750,4
06:44:53.93300,1900.750,1
06:44:56.11700,1901.000,1
06:44:59.11700,1900.750,9
06:44:59.27700,1900.750,11
06:44:59.35900,1900.750,1
06:45:01.14000,1900.750,92
06:45:01.37100,1900.750,51
06:45:01.46000,1900.750,2
06:45:02.49200,1900.750,6
06:45:03.08900,1900.750,2
06:45:03.30000,1900.750,3
06:45:04.30400,1900.750,1
06:45:04.95300,1900.500,9
06:45:05.03900,1900.500,6
06:45:05.28900,1900.500,10
06:45:07.66700,1900.750,99
06:45:08.28100,1900.750,2
06:45:08.46000,1900.750,1
06:45:08.83900,1900.500,41
06:45:08.91000,1900.500,12
06:45:09.27700,1900.500,1
06:45:10.61300,1900.750,1
06:45:10.80800,1900.750,1
06:45:11.22600,1900.750,2
06:45:12.03900,1900.500,210
06:45:12.35100,1900.500,37
06:45:12.69500,1900.500,8
06:45:14.00300,1900.500,11
06:45:14.23400,1900.500,6
06:45:14.80000,1900.500,9
06:45:15.70300,1900.500,1
06:45:16.24200,1900.500,2
06:45:16.70700,1900.500,5
06:45:16.88600,1900.500,39
06:45:18.08200,1900.250,27
06:45:18.21000,1900.500,3
06:45:18.35900,1900.500,1
06:45:19.18700,1900.500,1
06:45:19.60500,1900.500,1
06:45:20.58500,1900.250,1
06:45:20.93300,1900.500,1
06:45:21.25000,1900.250,25
06:45:21.54200,1900.500,1
06:45:22.40600,1900.500,27
06:45:23.79600,1900.500,3
06:45:25.32000,1900.500,7
06:45:28.51900,1900.500,69
06:45:31.03500,1900.500,21
06:45:31.25000,1900.750,1
06:45:33.77300,1900.750,65
06:45:34.12500,1901.000,1
06:45:35.17900,1900.750,71
06:45:35.71800,1901.000,25
06:45:36.61700,1900.750,7
06:45:38.24200,1900.500,14
06:45:39.14400,1900.500,1
06:45:39.75000,1900.750,1
06:45:40.20300,1900.500,3
06:45:41.92900,1900.750,101
06:45:42.13600,1900.750,9
06:45:42.26900,1900.750,1
06:45:42.65200,1900.750,2
06:45:43.54600,1901.000,3
06:45:43.73800,1900.750,2
06:45:44.43700,1900.750,1
06:45:45.75000,1900.750,1
06:45:48.82400,1900.750,2
06:45:50.17100,1900.750,7
06:45:52.44100,1901.000,1
06:45:52.72200,1900.750,13
06:45:54.97200,1900.750,2
06:45:56.36300,1901.000,129
06:45:57.43300,1901.250,5
06:45:57.78100,1900.750,220
06:46:01.22600,1901.000,9
06:46:01.73800,1901.000,3
06:46:02.20300,1901.000,24
06:46:02.79200,1901.000,18
06:46:03.46400,1901.000,7
06:46:03.51900,1901.000,17
06:46:04.12800,1901.000,2
06:46:04.46800,1901.000,3
06:46:05.02700,1901.000,1
06:46:06.67100,1901.000,2
06:46:06.86300,1901.000,1
06:46:07.60100,1901.000,2
06:46:08.33500,1901.000,5
06:46:08.77300,1900.750,108
06:46:08.85500,1900.750,6
06:46:09.21000,1900.750,1
06:46:09.31200,1901.000,2
06:46:10.36700,1900.750,12
06:46:11.55000,1901.000,3
06:46:12.16400,1900.750,1
06:46:12.57000,1901.000,1
06:46:14.28100,1901.000,1
06:46:15.42500,1900.750,1
06:46:17.67100,1900.750,55
06:46:18.03900,1900.750,1
06:46:20.75000,1900.750,26
06:46:20.81600,1900.750,5
06:46:20.87500,1901.000,20
06:46:21.69500,1900.750,1
06:46:21.83900,1900.750,5
06:46:25.08900,1900.500,53
06:46:25.53900,1900.500,1
06:46:26.00000,1900.500,3
06:46:26.32000,1900.750,2
06:46:27.01500,1900.500,56
06:46:27.07400,1900.750,30
06:46:30.64000,1900.500,9
06:46:30.82000,1900.750,3
06:46:33.20300,1900.750,4
06:46:33.85900,1900.750,24
06:46:35.12800,1900.750,17
06:46:38.30800,1900.750,2
06:46:42.21000,1901.000,2
06:46:43.07400,1900.750,12
06:46:43.29200,1901.000,137
06:46:43.30000,1901.000,23
06:46:44.12800,1901.000,41
06:46:44.85500,1901.250,5
06:46:45.16000,1901.000,30
06:46:45.91700,1901.000,22
06:46:46.81200,1901.000,22
06:46:46.93700,1901.000,6
06:46:48.14400,1901.000,14
06:46:48.37500,1901.000,5
06:46:48.83500,1901.000,3
06:46:50.26900,1901.000,1
06:46:54.46400,1901.000,60
06:46:55.17500,1901.000,1
06:46:55.90600,1900.750,1
06:46:56.75000,1901.000,1
06:46:57.30000,1900.750,42
06:46:57.61300,1900.750,15
06:46:57.79600,1900.750,1
06:47:01.55000,1901.000,11
06:47:01.84700,1901.000,2
06:47:02.57800,1900.750,5
06:47:02.67900,1900.750,3
06:47:02.83200,1900.750,1
06:47:03.35900,1900.750,18
06:47:03.58200,1900.750,1
06:47:04.67100,1900.750,4
06:47:04.94900,1900.750,1
06:47:06.19500,1900.750,22
06:47:06.39800,1900.750,1
06:47:09.09300,1900.500,2
06:47:09.85900,1900.750,15
06:47:10.69900,1900.500,1
06:47:11.93300,1900.750,13
06:47:13.11300,1900.750,2
06:47:13.56600,1900.750,4
06:47:14.58500,1900.750,1
06:47:14.67500,1900.750,1
06:47:16.43700,1900.750,2
06:47:16.94100,1900.750,1
06:47:22.68300,1900.750,3
06:47:23.37800,1900.750,1
06:47:23.62800,1900.500,9
06:47:25.08500,1900.750,2
06:47:27.51900,1900.500,3
06:47:29.09300,1900.500,35
06:47:29.48800,1900.500,9
06:47:29.89800,1900.500,21
06:47:30.15200,1900.500,1
06:47:32.35500,1900.500,1
06:47:34.66700,1900.500,25
06:47:35.39800,1900.500,11
06:47:36.53500,1900.750,1
06:47:37.57400,1900.500,3
06:47:38.75000,1900.750,5
06:47:42.56200,1900.500,11
06:47:44.02300,1900.750,10
06:47:44.31200,1900.750,3
06:47:45.15200,1900.500,1
06:47:46.57000,1900.500,1
06:47:55.04600,1900.500,9
06:47:59.94100,1900.750,82
06:48:00.53900,1900.750,12
06:48:01.00300,1900.750,7
06:48:01.38200,1900.750,12
06:48:02.24600,1900.750,1
06:48:03.37100,1900.750,18
06:48:03.46000,1900.750,7
06:48:04.00000,1900.750,6
06:48:04.27700,1900.750,1
06:48:04.72200,1900.750,2
06:48:04.88200,1900.750,6
06:48:05.35500,1900.500,127
06:48:07.35900,1900.750,15
06:48:08.41000,1900.750,3
06:48:12.87800,1900.500,56
06:48:13.32000,1900.500,12
06:48:17.11700,1900.750,2
06:48:18.51900,1900.750,1
06:48:19.22600,1900.500,12
06:48:19.60900,1900.500,20
06:48:20.70700,1900.750,1
06:48:22.84700,1900.500,2
06:48:23.66700,1900.500,4
06:48:25.08900,1900.500,24
06:48:25.12800,1900.250,1
06:48:26.14800,1900.500,2
06:48:26.38200,1900.250,11
06:48:30.51900,1900.500,2
06:48:31.37800,1900.250,4
06:48:31.74200,1900.500,1
06:48:31.94900,1900.500,1
06:48:32.65200,1900.250,6
06:48:33.32400,1900.250,1
06:48:33.58500,1900.250,10
06:48:34.02300,1900.250,111
06:48:34.04200,1900.250,1
06:48:34.25000,1900.500,160
06:48:34.41000,1900.250,103
06:48:36.27300,1900.250,18
06:48:36.90200,1900.000,48
06:48:37.01900,1900.250,1
06:48:37.12800,1900.250,2
06:48:37.36300,1900.000,6
06:48:38.76900,1900.250,21
06:48:38.94500,1900.250,1
06:48:40.04600,1900.250,15
06:48:40.42500,1900.500,5
06:48:41.02700,1900.250,32
06:48:41.13600,1900.250,1
06:48:41.88200,1900.250,3
06:48:42.21800,1900.250,12
06:48:42.48400,1900.250,15
06:48:42.67500,1900.250,9
06:48:44.68300,1900.500,64
06:48:45.13200,1900.750,1
06:48:45.59700,1900.500,5
06:48:46.22200,1900.250,79
06:48:47.08200,1900.500,1
06:48:47.41000,1900.250,1
06:48:49.09700,1900.500,70
06:48:49.79600,1900.500,3
06:48:50.30400,1900.500,10
06:48:52.06600,1900.500,53
06:48:52.75000,1900.500,9
06:48:52.92900,1900.750,2
06:48:54.23400,1900.250,1
06:48:56.33200,1900.250,68
06:48:56.38200,1900.250,1
06:49:02.05400,1900.250,12
06:49:04.14000,1900.500,3
06:49:04.64000,1900.250,1
06:49:04.83900,1900.250,1
06:49:07.25700,1900.500,2
06:49:07.74200,1900.500,112
06:49:08.48400,1900.500,2
06:49:11.26500,1900.500,5
06:49:12.25300,1900.500,17
06:49:13.46800,1900.250,1
06:49:13.75000,1900.250,5
06:49:15.49200,1900.250,12
06:49:17.22200,1900.250,1
06:49:20.76500,1900.500,45
06:49:21.37100,1900.500,39
06:49:21.58900,1900.500,5
06:49:21.87100,1900.500,7
06:49:22.30800,1900.500,6
06:49:25.14000,1900.500,3
06:49:26.74200,1900.250,1
06:49:29.18700,1900.250,10
06:49:31.33900,1900.250,1
06:49:31.64000,1900.500,1
06:49:32.42900,1900.500,1
06:49:33.92900,1900.250,1
06:49:34.61700,1900.250,1
06:49:35.73400,1900.250,35
06:49:36.30000,1900.500,25
06:49:36.46000,1900.250,32
06:49:36.57000,1900.250,2
06:49:37.97200,1900.500,58
06:49:38.94100,1900.500,25
06:49:39.17100,1900.500,7
06:49:39.27300,1900.500,5
06:49:39.43300,1900.500,2
06:49:40.20300,1900.250,12
06:49:43.66700,1900.500,2
06:49:43.83500,1900.250,30
06:49:44.70300,1900.250,1
06:49:45.73400,1900.250,2
06:49:45.94500,1900.250,15
06:49:46.74600,1900.500,1
06:49:49.04600,1900.250,1
06:49:50.02300,1900.000,55
06:49:50.75700,1900.250,1
06:49:51.64000,1900.000,1
06:49:55.32400,1900.000,11
06:49:55.92900,1900.250,1
06:49:57.21400,1900.000,1
06:49:58.19500,1900.250,3
06:49:58.90600,1900.000,920
06:49:59.01500,1900.000,2
06:49:59.37100,1900.000,1
06:49:59.48800,1900.000,5
06:49:59.60500,1900.000,6
06:49:59.67900,1900.000,2
06:50:00.41000,1900.250,2
06:50:02.17100,1900.250,1
06:50:02.35900,1900.250,18
06:50:02.82000,1900.250,1
06:50:03.48800,1900.000,4
06:50:03.70300,1900.000,2
06:50:04.85900,1900.250,1
06:50:05.44100,1900.000,1
06:50:06.82400,1900.000,1
06:50:07.18700,1900.250,1
06:50:08.09300,1900.000,67
06:50:08.28100,1899.750,4
06:50:08.39800,1899.750,9
06:50:08.88200,1900.000,2
06:50:09.68700,1899.750,1
06:50:10.59700,1899.750,4
06:50:12.44500,1899.750,1
06:50:13.76900,1899.750,1
06:50:14.30400,1899.750,11
06:50:15.42500,1899.750,8
06:50:15.88200,1899.750,54
06:50:16.19900,1899.750,12
06:50:19.01900,1899.750,1
06:50:20.46400,1900.000,1
06:50:22.14400,1899.750,1
06:50:23.13200,1899.750,1
06:50:24.18700,1899.750,1
06:50:24.49200,1899.750,20
06:50:25.55400,1899.750,25
06:50:25.89000,1899.750,42
06:50:26.20300,1899.750,5
06:50:26.53100,1899.750,1
06:50:27.68700,1900.000,2
06:50:28.66700,1899.750,9
06:50:30.86300,1899.750,1
06:50:31.29200,1900.000,5
06:50:32.58200,1899.750,2
06:50:33.08900,1900.000,72
06:50:33.68700,1900.000,21
06:50:33.84700,1900.000,2
06:50:33.94100,1899.750,1
06:50:34.32000,1900.000,10
06:50:34.37500,1900.000,17
06:50:34.83900,1900.000,3
06:50:35.24600,1900.000,11
06:50:35.91700,1900.000,14
06:50:36.84300,1900.000,62
06:50:37.44900,1900.250,4
06:50:37.79200,1900.250,4
06:50:40.20300,1900.000,1
06:50:41.75700,1900.250,1
06:50:42.55800,1900.000,1
06:50:43.91400,1900.000,1
06:50:44.47200,1900.000,1
06:50:45.34300,1900.000,122
06:50:46.15200,1900.000,4
06:50:48.22200,1900.250,2
06:50:49.90600,1900.250,2
06:50:50.46000,1900.250,2
06:50:51.05800,1900.250,43
06:50:51.19500,1900.250,18
06:50:51.33500,1900.250,1
06:50:51.94100,1900.500,5
06:50:52.58900,1900.000,5
06:50:53.12500,1900.000,1
06:50:55.93700,1900.250,1
06:50:56.27300,1900.000,1
06:50:56.81600,1900.000,1
06:50:59.75300,1900.000,66
06:51:01.01900,1900.000,11
06:51:02.60100,1899.750,1
06:51:03.00700,1899.750,1
06:51:03.42100,1899.750,38
06:51:03.48800,1899.750,12
06:51:03.56200,1900.000,5
06:51:04.48800,1900.000,112
06:51:04.80000,1899.750,1
06:51:04.89400,1900.000,4
06:51:07.34700,1900.000,1
06:51:10.25000,1900.000,1
06:51:11.78900,1900.000,35
06:51:12.65200,1900.000,1
06:51:12.94900,1900.000,21
06:51:14.39000,1900.000,7
06:51:14.83900,1900.000,4
06:51:15.00300,1900.000,4
06:51:15.05800,1899.750,6
06:51:15.39000,1900.000,1
06:51:15.59300,1900.000,31
06:51:19.13600,1900.250,2
06:51:19.53100,1900.000,1
06:51:20.50700,1900.250,1
06:51:23.44500,1900.000,40
06:51:24.00000,1900.000,2
06:51:24.47600,1900.000,5
06:51:24.95700,1899.750,9
06:51:25.67100,1900.000,6
06:51:29.29200,1900.000,6
06:51:30.54200,1900.000,22
06:51:31.10100,1900.000,1
06:51:31.88600,1900.000,1
06:51:32.52300,1900.000,2
06:51:34.62500,1900.000,44
06:51:34.74600,1900.000,4
06:51:36.20300,1900.000,21
06:51:36.32400,1900.250,3
06:51:37.17100,1900.000,4
06:51:38.41000,1900.000,13
06:51:38.68300,1900.000,5
06:51:40.08900,1900.000,2
06:51:43.91700,1900.000,6
06:51:45.20300,1900.000,11
06:51:45.49200,1900.000,1
06:51:46.88200,1900.000,3
06:51:47.31600,1900.000,8
06:51:48.96800,1900.000,2
06:51:49.12800,1900.000,2
06:51:51.69500,1900.250,138
06:51:52.19100,1900.250,7
06:51:53.66700,1900.250,4
06:51:53.87100,1900.250,1
06:51:54.11700,1900.250,6
06:51:54.23000,1900.250,16
06:51:55.83900,1900.250,10
06:51:56.00000,1900.250,1
06:51:57.19100,1900.250,1
06:51:57.54600,1900.250,13
06:51:58.05000,1900.250,4
06:51:58.33500,1900.250,11
06:51:58.41400,1900.000,18
06:51:59.03900,1900.250,2
06:52:03.14000,1900.250,4
06:52:03.38600,1900.250,1
06:52:04.82000,1900.000,10
06:52:06.66400,1900.000,1
06:52:07.25700,1900.000,7
06:52:07.64000,1900.000,1
06:52:09.23800,1900.250,1
06:52:11.42900,1899.750,38
06:52:13.46000,1899.750,1
06:52:16.90200,1899.750,23
06:52:18.54600,1899.750,25
06:52:18.95700,1899.500,7
06:52:19.74600,1899.750,1
06:52:20.52300,1899.500,2
06:52:21.20700,1899.750,1
06:52:23.08500,1899.500,4
06:52:24.25300,1899.500,10
06:52:25.11300,1899.500,10
06:52:25.59700,1899.500,1
06:52:25.90200,1899.500,1
06:52:26.65600,1899.500,101
06:52:26.73800,1899.500,2
06:52:26.84300,1899.500,1
06:52:27.18700,1899.250,47
06:52:27.33200,1899.250,10
06:52:27.76900,1899.250,2
06:52:27.96800,1899.250,2
06:52:28.28100,1899.500,3
06:52:28.55000,1899.250,1
06:52:28.73400,1899.500,1
06:52:29.31200,1899.250,5
06:52:30.84300,1899.500,3
06:52:30.95700,1899.250,11
06:52:31.87500,1899.250,1
06:52:32.09300,1899.250,1
06:52:32.32400,1899.250,2
06:52:32.79600,1899.750,187
06:52:32.79600,1899.750,10
06:52:32.80000,1899.750,55
06:52:32.80000,1899.750,25
06:52:32.80800,1899.750,15
06:52:32.87800,1899.500,14
06:52:33.01900,1899.500,20
06:52:33.12100,1899.750,1
06:52:33.16000,1899.500,11
06:52:34.13200,1899.750,8
06:52:34.37100,1899.750,1
06:52:36.02300,1899.750,79
06:52:36.29200,1899.500,1
06:52:36.57800,1899.750,2
06:52:37.01500,1899.750,79
06:52:37.75000,1899.750,4
06:52:38.32000,1899.750,2
06:52:39.11300,1899.750,1
06:52:41.38200,1899.750,1
06:52:44.05800,1899.500,10
06:52:45.21800,1899.250,223
06:52:45.35500,1899.250,1
06:52:45.46000,1899.250,1
06:52:45.80800,1899.250,104
06:52:46.03500,1899.250,4
06:52:47.14400,1899.500,3
06:52:47.42100,1899.500,31
06:52:47.69100,1899.500,3
06:52:47.82000,1899.250,1
06:52:48.22600,1899.500,1
06:52:48.36700,1899.500,5
06:52:49.01500,1899.250,8
06:52:49.68300,1899.500,3
06:52:50.26100,1899.500,16
06:52:51.10900,1899.500,26
06:52:51.81600,1899.500,9
06:52:52.27700,1899.500,11
06:52:52.37800,1899.250,35
06:52:54.50700,1899.250,20
06:52:54.66400,1899.500,17
06:52:55.66700,1899.250,4
06:52:56.03500,1899.250,6
06:52:56.47600,1899.250,9
06:52:57.03900,1899.250,41
06:52:57.44100,1899.250,1
06:52:57.85500,1899.250,1
06:52:58.52300,1899.500,1
06:52:59.71400,1899.500,30
06:52:59.90600,1899.500,3
06:53:00.30800,1899.750,12
06:53:00.40200,1899.750,12
06:53:01.31200,1899.500,6
06:53:01.34700,1899.750,3
06:53:01.76100,1899.500,1
06:53:04.17500,1899.750,43
06:53:04.87800,1899.750,41
06:53:05.48400,1899.750,2
06:53:05.62800,1899.750,2
06:53:06.42900,1899.500,1
06:53:07.22200,1899.750,15
06:53:09.14400,1899.500,5
06:53:11.17500,1899.750,1
06:53:11.25700,1899.500,1
06:53:13.03100,1899.500,48
06:53:14.00700,1899.750,1
06:53:14.21400,1899.500,1
06:53:14.80800,1899.500,6
06:53:15.45700,1899.250,11
06:53:15.95700,1899.500,5
06:53:16.78500,1899.500,12
06:53:17.60900,1899.500,2
06:53:17.81200,1899.500,2
06:53:18.79200,1899.500,3
06:53:19.15200,1899.500,7
06:53:19.59700,1899.250,1
06:53:19.96800,1899.250,6
06:53:21.39800,1899.500,1
06:53:21.57400,1899.500,5
06:53:21.75000,1899.500,2
06:53:22.00000,1899.500,2
06:53:22.32000,1899.750,26
06:53:24.71000,1899.750,4
06:53:26.31200,1899.750,30
06:53:27.17100,1899.500,1
06:53:29.82000,1899.500,9
06:53:31.80800,1899.750,1
06:53:33.59700,1899.750,37
06:53:34.35900,1899.750,37
06:53:34.49600,1899.750,1
06:53:41.03500,1899.750,1
06:53:41.59700,1899.500,11
06:53:42.30000,1899.750,21
06:53:42.45700,1900.000,31
06:53:44.25000,1899.750,135
06:53:44.33900,1899.750,1
06:53:45.55400,1899.750,20
06:53:46.37500,1899.750,1
06:53:47.37100,1899.750,21
06:53:48.16700,1899.750,4
06:53:48.55800,1899.750,1
06:53:48.78100,1899.750,14
06:53:48.87100,1899.750,6
06:53:49.07000,1899.750,1
06:53:49.25300,1899.750,3
06:53:50.03100,1899.750,14
06:53:50.87100,1899.750,8
06:53:50.97200,1899.750,10
06:53:51.14000,1899.750,1
06:53:51.89400,1899.750,4
06:53:53.09300,1900.000,138
06:53:53.50300,1900.000,4
06:53:54.04200,1900.000,3
06:53:54.28500,1900.000,22
06:53:54.41400,1900.000,1
06:53:56.31200,1900.000,33
06:53:57.03100,1900.250,2
06:53:59.53500,1900.000,1
06:54:00.93700,1900.000,2
06:54:01.90200,1900.000,4
06:54:04.55800,1900.250,5
06:54:06.28900,1900.250,3
06:54:06.81600,1900.000,1
06:54:06.96400,1900.000,4
06:54:07.96800,1900.000,97
06:54:08.09700,1900.000,1
06:54:09.06600,1899.750,12
06:54:10.11300,1900.000,93
06:54:10.77300,1900.000,1
06:54:11.72200,1900.250,34
06:54:12.11700,1900.250,1
06:54:12.69900,1900.000,7
06:54:13.40200,1900.250,3
06:54:13.70300,1900.000,25
06:54:14.57000,1900.000,3
06:54:15.36300,1900.000,1
06:54:16.07400,1900.000,3
06:54:16.23800,1900.000,4
06:54:16.39400,1900.000,4
06:54:17.65200,1900.250,1
06:54:19.03900,1900.000,1
06:54:19.77300,1900.250,44
06:54:20.01100,1900.250,29
06:54:20.78100,1900.250,14
06:54:21.38200,1900.250,6
06:54:21.80400,1900.250,28
06:54:22.12100,1900.250,2
06:54:22.17100,1900.000,1
06:54:23.94900,1900.500,16
06:54:24.24200,1900.250,11
06:54:25.21000,1900.250,1
06:54:26.75000,1900.250,2
06:54:28.27300,1900.250,2
06:54:28.57800,1900.250,7
06:54:28.91400,1900.250,1
06:54:29.39000,1900.500,1
06:54:30.00700,1900.500,3
06:54:30.44100,1900.500,1
06:54:30.79600,1900.500,25
06:54:33.78900,1900.250,1
06:54:33.96800,1900.250,6
06:54:34.65600,1900.250,12
06:54:35.24200,1900.000,10
06:54:35.50700,1900.250,3
06:54:36.07800,1900.250,6
06:54:36.93300,1900.000,1
06:54:37.36700,1900.250,5
06:54:38.38200,1900.250,4
06:54:38.94900,1900.250,12
06:54:39.30400,1900.250,1
06:54:40.42500,1900.250,3
06:54:41.14000,1900.250,2
06:54:41.87500,1900.250,3
06:54:42.21800,1900.250,6
06:54:44.44500,1900.500,23
06:54:45.61300,1900.250,3
06:54:47.02300,1900.250,23
06:54:47.27700,1900.250,1
06:54:49.62500,1900.250,63
06:54:50.87500,1900.250,2
06:54:51.06600,1900.500,1
06:54:55.09700,1901.000,506
06:54:55.15200,1900.750,2
06:54:55.55400,1901.000,1
06:54:55.80400,1901.000,1
06:54:55.90200,1900.750,1
06:54:56.29200,1901.000,1
06:54:56.41700,1900.750,1
06:54:57.88200,1900.750,2
06:54:58.15200,1900.750,1
06:54:58.87800,1900.750,3
06:54:59.51500,1901.000,1
06:55:01.96800,1901.000,131
06:55:02.38600,1901.000,1
06:55:02.65200,1901.000,2
06:55:02.92100,1901.000,5
06:55:03.11300,1901.000,5
06:55:03.21400,1901.250,1
06:55:03.29600,1901.000,1
06:55:04.62500,1901.000,2
06:55:04.93300,1901.250,1
06:55:05.33900,1901.250,1
06:55:05.78100,1901.000,1
06:55:06.17500,1901.250,1
06:55:06.54200,1901.000,7
06:55:06.91400,1901.000,3
06:55:07.12500,1901.250,1
06:55:07.83500,1901.250,1
06:55:08.63600,1901.250,1
06:55:09.57800,1901.000,1
06:55:10.10100,1901.000,2
06:55:10.33200,1901.250,1
06:55:10.61300,1901.000,1
06:55:11.74200,1901.000,1
06:55:12.27700,1900.750,41
06:55:13.14800,1900.750,51
06:55:13.24600,1901.000,3
06:55:14.80800,1901.000,11
06:55:14.96800,1901.000,1
06:55:15.46800,1901.000,2
06:55:16.55800,1901.000,52
06:55:18.10900,1901.000,1
06:55:19.92900,1901.000,4
06:55:21.09700,1901.000,1
06:55:21.42900,1901.000,1
06:55:21.67900,1901.000,1
06:55:22.00000,1900.750,4
06:55:22.57000,1901.000,47
06:55:24.32000,1901.000,20
06:55:24.53900,1901.000,1
06:55:24.95300,1901.000,1
06:55:25.67100,1901.000,7
06:55:27.00700,1901.000,10
06:55:27.44100,1901.250,102
06:55:28.13600,1901.250,56
06:55:28.23000,1901.250,11
06:55:28.46400,1901.250,1
06:55:30.05000,1901.250,1
06:55:31.57800,1901.250,17
06:55:32.17100,1901.250,4
06:55:32.47200,1901.250,4
06:55:32.65200,1901.250,4
06:55:34.08900,1901.000,11
06:55:37.15600,1901.250,2
06:55:38.72200,1901.250,1
06:55:39.90600,1901.250,1
06:55:40.73800,1901.250,1
06:55:40.83900,1901.250,35
06:55:41.01500,1901.250,9
06:55:41.53100,1901.500,12
06:55:42.93700,1901.250,5
06:55:45.61300,1901.250,3
06:55:45.74200,1901.250,6
06:55:48.12500,1901.250,1
06:55:48.25000,1901.250,1
06:55:48.37500,1901.000,1
06:55:48.45300,1901.000,11
06:55:48.60900,1901.000,1
06:55:51.19500,1901.000,54
06:55:52.35500,1901.250,1
06:55:54.26900,1901.250,1
06:55:55.66400,1901.000,67
06:55:56.84300,1901.000,1
06:55:57.54200,1901.250,5
06:55:58.21400,1901.250,7
06:55:59.43300,1901.250,1
06:56:03.26500,1901.250,32
06:56:04.42900,1901.250,10
06:56:05.12800,1901.250,3
06:56:05.28100,1901.250,2
06:56:06.33500,1901.250,4
06:56:06.82400,1901.250,5
06:56:09.43300,1901.000,52
06:56:10.45700,1901.250,7
06:56:13.93700,1901.000,1
06:56:15.30000,1901.000,11
06:56:18.38600,1901.000,1
06:56:19.09700,1901.000,5
06:56:22.45300,1901.000,11
06:56:23.71000,1901.250,1
06:56:27.71400,1901.000,32
06:56:28.01500,1900.750,3
06:56:28.38200,1901.000,12
06:56:29.52700,1901.000,3
06:56:31.05800,1901.250,1
06:56:34.03100,1901.250,2
06:56:35.21000,1901.000,26
06:56:36.23000,1900.750,9
06:56:38.35100,1901.000,29
06:56:43.08900,1901.000,1
06:56:43.78500,1901.000,10
06:56:48.00300,1900.750,11
06:56:54.52700,1901.000,5
06:56:55.16000,1900.750,9
06:56:56.33200,1900.750,1
06:56:56.53100,1901.000,1
06:56:59.79200,1901.000,1
06:57:01.42500,1901.000,37
06:57:02.41000,1900.750,1
06:57:03.01100,1901.000,1
06:57:09.00700,1900.750,27
06:57:09.51500,1901.000,1
06:57:13.51500,1901.000,5
06:57:14.13600,1900.750,15
06:57:16.68700,1901.000,1
06:57:20.31600,1900.750,5
06:57:21.34300,1900.750,20
06:57:22.13600,1900.750,25
06:57:24.65600,1900.500,52
06:57:24.92500,1900.750,1
06:57:26.07400,1900.750,2
06:57:30.62100,1900.500,5
06:57:32.58500,1900.750,69
06:57:35.12800,1900.750,16
06:57:41.21400,1900.750,13
06:57:41.75300,1900.750,8
06:57:44.45700,1900.500,53
06:57:45.56600,1900.750,1
06:57:45.64000,1900.750,1
06:57:46.55800,1900.750,25
06:57:52.01500,1900.500,77
06:57:52.08500,1900.500,10
06:57:52.76500,1900.250,10
06:57:54.58500,1900.500,14
06:57:59.07000,1900.500,1
06:58:04.50300,1900.500,24
06:58:05.14400,1900.250,11
06:58:07.05000,1900.500,1
06:58:10.25300,1900.500,11
06:58:10.48400,1900.500,64
06:58:14.03100,1900.500,2
06:58:14.17500,1900.500,1
06:58:18.20700,1900.500,13
06:58:19.16700,1900.500,8
06:58:20.22200,1900.500,11
06:58:20.46800,1900.250,3
06:58:20.82400,1900.250,1
06:58:21.41000,1900.500,7
06:58:21.62500,1900.500,2
06:58:25.42900,1900.500,70
06:58:29.85100,1900.750,7
06:58:30.53100,1900.500,1
06:58:38.47600,1900.500,10
06:58:40.10500,1900.500,1
06:58:40.25000,1900.500,1
06:58:40.71000,1900.750,1
06:58:44.78900,1900.500,21
06:58:45.07000,1900.500,38
06:58:45.30000,1900.500,3
06:58:45.65600,1900.500,3
06:58:45.73000,1900.500,1
06:58:46.75000,1900.500,3
06:58:50.40200,1900.500,2
06:58:51.01100,1900.500,5
06:58:57.45300,1900.250,11
06:59:01.28900,1900.250,2
06:59:01.46800,1900.250,1
06:59:01.72200,1900.250,24
06:59:03.13600,1900.250,1
06:59:04.02700,1900.250,13
06:59:04.50000,1900.250,1
06:59:06.10900,1900.250,6
06:59:06.27300,1900.250,10
06:59:06.88600,1900.250,2
06:59:08.76500,1900.250,1
06:59:12.44100,1900.500,24
06:59:13.95300,1900.750,1
06:59:14.97200,1900.750,2
06:59:17.70300,1900.500,7
06:59:18.05800,1900.500,1
06:59:20.36700,1900.500,1
06:59:21.17100,1900.500,1
06:59:22.07800,1900.250,1
06:59:24.30000,1900.250,14
06:59:24.60900,1900.250,12
06:59:28.28100,1900.500,1
06:59:28.92900,1900.500,2
06:59:29.30000,1900.250,39
06:59:29.83900,1900.250,3
06:59:30.84700,1900.250,3
06:59:30.97200,1900.250,2
06:59:31.08900,1900.250,8
06:59:31.91000,1900.250,1
06:59:32.25000,1900.250,1
06:59:32.44100,1900.500,3
06:59:34.54200,1900.250,8
06:59:35.49200,1900.250,2
06:59:35.72200,1900.000,3
06:59:37.01100,1900.250,4
06:59:37.37100,1900.000,10
06:59:37.78900,1899.750,109
06:59:37.93700,1900.000,3
06:59:38.41400,1899.750,2
06:59:38.63200,1899.750,5
06:59:38.85500,1900.000,3
06:59:40.30000,1899.750,79
06:59:40.43700,1899.500,3
06:59:40.73000,1899.750,1
06:59:41.00700,1899.750,141
06:59:41.00700,1899.500,4
06:59:41.53500,1899.750,3
06:59:42.05400,1899.750,45
06:59:42.53500,1899.750,5
06:59:43.00700,1899.750,52
06:59:48.83500,1899.750,2
06:59:49.61700,1899.750,19
06:59:49.91700,1899.750,4
06:59:50.49200,1899.500,12
06:59:52.03500,1899.750,5
06:59:55.19900,1899.750,1
06:59:55.45700,1899.750,2
06:59:56.94100,1899.500,9
07:00:00.02300,1899.750,0
07:00:00.08500,1899.500,2
07:00:00.42900,1899.750,4
07:00:00.52300,1899.500,2
07:00:00.65200,1899.500,2
07:00:00.91700,1899.750,6
07:00:01.03100,1899.500,1
07:00:01.66000,1899.500,49
07:00:01.90600,1899.500,42
07:00:02.47200,1899.500,1
07:00:03.19100,1899.500,10
07:00:03.52300,1899.500,1
07:00:06.33200,1899.500,26
07:00:06.49600,1899.500,15
07:00:06.79200,1899.500,3
07:00:07.03500,1899.500,4
07:00:07.30000,1899.500,1
07:00:07.52700,1899.500,1
07:00:09.32800,1899.500,1
07:00:14.05800,1899.750,5
07:00:15.84300,1899.750,31
07:00:16.74200,1899.750,10
07:00:17.55400,1899.750,10
07:00:17.91000,1899.750,16
07:00:18.23400,1899.750,3
07:00:21.27700,1899.750,1
07:00:21.38200,1899.750,1
07:00:23.16700,1899.500,43
07:00:23.24600,1899.500,7
07:00:23.73000,1899.500,1
07:00:24.60900,1899.500,33
07:00:24.72600,1899.500,20
07:00:31.02300,1899.500,14
07:00:31.24200,1899.500,5
07:00:32.51100,1899.250,20
07:00:33.18300,1899.500,19
07:00:33.34300,1899.250,4
07:00:33.42100,1899.500,2
07:00:34.16400,1899.500,104
07:00:34.23800,1899.500,5
07:00:34.44100,1899.500,10
07:00:36.33900,1899.500,1
07:00:37.90200,1899.750,83
07:00:41.68700,1899.750,1
07:00:42.48800,1899.500,19
07:00:42.78900,1899.750,1
07:00:43.36700,1899.500,3
07:00:44.05400,1899.500,2
07:00:44.19900,1899.500,2
07:00:45.21800,1899.250,10
07:00:45.57800,1899.500,1
07:00:46.94900,1899.500,1
07:00:47.33900,1899.250,10
07:00:47.71400,1899.250,10
07:00:48.45700,1899.500,5
07:00:48.58500,1899.500,40
07:00:50.73400,1899.750,1
07:00:51.20700,1899.500,19
07:00:51.75700,1899.500,1
07:00:52.67100,1899.500,6
07:00:53.84300,1899.500,11
07:00:55.10900,1899.500,14
07:00:56.00700,1899.500,1
07:00:57.61300,1899.500,5
07:00:59.67900,1899.250,1
07:00:59.96800,1899.500,26
07:01:00.70300,1899.250,13
07:01:01.07000,1899.250,10
07:01:01.21000,1899.500,1
07:01:01.28900,1899.500,1
07:01:01.55400,1899.250,1
07:01:01.73400,1899.500,2
07:01:02.78100,1899.500,1
07:01:05.21800,1899.250,1
07:01:06.90600,1899.250,9
07:01:07.75000,1899.250,1
07:01:08.61300,1899.500,1
07:01:08.82400,1899.250,1
07:01:09.36700,1899.500,2
07:01:09.57400,1899.250,1
07:01:11.16000,1899.250,1
07:01:12.81600,1899.250,9
07:01:15.89800,1899.500,10
07:01:16.58900,1899.500,1
07:01:17.28100,1899.500,70
07:01:23.16400,1899.500,13
07:01:24.17900,1899.500,2
07:01:24.68700,1899.500,10
07:01:25.61300,1899.500,1
07:01:25.88200,1899.250,9
07:01:26.17100,1899.500,1
07:01:27.89800,1899.500,1
07:01:28.64400,1899.250,4
07:01:28.87100,1899.500,1
07:01:29.30400,1899.500,1
07:01:29.86700,1899.500,5
07:01:32.83500,1899.750,10
07:01:32.85900,1899.750,3
07:01:33.27300,1899.750,1
07:01:35.75000,1899.750,1
07:01:35.94500,1899.500,1
07:01:37.49600,1899.750,1
07:01:37.66700,1899.500,38
07:01:38.31200,1899.250,11
07:01:40.58900,1899.500,88
07:01:40.79200,1899.500,91
07:01:41.08200,1899.500,3
07:01:41.64400,1899.500,2
07:01:44.88200,1899.500,4
07:01:45.46000,1899.500,10
07:01:51.38600,1899.500,10
07:01:52.95300,1899.500,1
07:01:53.41400,1899.500,4
07:01:55.44900,1899.750,1
07:01:56.64400,1899.750,4
07:01:56.67900,1899.750,2
07:01:57.93300,1899.500,11
07:01:58.07400,1899.750,1
07:01:58.23000,1899.750,7
07:01:58.34700,1899.750,7
07:01:58.40200,1899.500,1
07:01:58.51500,1899.500,1
07:01:59.04600,1899.750,1
07:01:59.20700,1899.500,2
07:01:59.41000,1899.500,1
07:02:02.92900,1899.500,14
07:02:03.69900,1899.500,1
07:02:04.68300,1899.500,3
07:02:05.16400,1899.500,11
07:02:08.44500,1899.750,2
07:02:09.18300,1899.500,21
07:02:09.87800,1899.750,8
07:02:10.60900,1899.500,1
07:02:10.87100,1899.750,1
07:02:11.45700,1899.500,2
07:02:11.64800,1899.500,1
07:02:12.32000,1899.500,9
07:02:17.19500,1899.500,1
07:02:18.22600,1899.500,9
07:02:18.80400,1899.750,39
07:02:18.89400,1899.750,10
07:02:19.83200,1899.750,1
07:02:20.03900,1899.750,4
07:02:20.11700,1899.750,1
07:02:20.43700,1899.750,2
07:02:21.75000,1899.750,19
07:02:23.19100,1899.750,1
07:02:24.25300,1899.750,3
07:02:26.22200,1899.750,1
07:02:26.87500,1899.750,13
07:02:36.47200,1900.000,1
07:02:36.56200,1900.000,1
07:02:37.84700,1900.000,47
07:02:38.87100,1900.000,8
07:02:39.30000,1900.000,1
07:02:41.54600,1900.000,5
07:02:41.89000,1900.000,1
07:02:44.40600,1899.750,11
07:02:44.79200,1900.000,1
07:02:48.90200,1900.000,1
07:02:49.78100,1900.000,93
07:02:50.28100,1900.250,26
07:02:50.74200,1900.250,1
07:02:51.37800,1900.250,1
07:02:51.61300,1900.250,2
07:02:51.78500,1900.250,1
07:02:52.00700,1900.250,1
07:02:52.28900,1900.250,1
07:02:52.47200,1900.250,8
07:02:52.79200,1900.250,19
07:02:52.87800,1900.000,51
07:02:52.94900,1900.250,1
07:02:53.32400,1900.250,9
07:02:54.00700,1900.500,1
07:02:54.24600,1900.500,1
07:02:54.77700,1900.250,1
07:02:54.94100,1900.250,2
07:02:55.48000,1900.500,1
07:02:55.71800,1900.500,1
07:02:56.14800,1900.500,50
07:02:56.37800,1900.500,1
07:02:56.94500,1900.500,1
07:02:57.32000,1900.500,2
07:02:57.56200,1900.500,2
07:02:58.47600,1900.500,1
07:02:59.59300,1900.500,10
07:02:59.84300,1900.500,1
07:03:01.43300,1900.500,100
07:03:01.57000,1900.500,4
07:03:01.96000,1900.500,18
07:03:02.52300,1900.250,15
07:03:03.50000,1900.500,1
07:03:03.68700,1900.500,1
07:03:05.10100,1900.250,14
07:03:06.05400,1900.500,1
07:03:06.24600,1900.250,1
07:03:06.43700,1900.500,2
07:03:06.75300,1900.500,1
07:03:07.06200,1900.500,1
07:03:07.55800,1900.250,55
07:03:08.57400,1900.250,3
07:03:09.89400,1900.250,20
07:03:10.40200,1900.250,6
07:03:11.21800,1900.250,1
07:03:12.05000,1900.250,1
07:03:12.41000,1900.000,2
07:03:12.67100,1900.250,13
07:03:12.95300,1900.500,65
07:03:16.08200,1900.500,1
07:03:16.35500,1900.500,1
07:03:21.14000,1900.250,1
07:03:21.55800,1900.500,1
07:03:21.93300,1900.500,5
07:03:22.32000,1900.250,10
07:03:23.05400,1900.250,43
07:03:23.25300,1900.000,5
07:03:23.44500,1900.000,2
07:03:24.08200,1900.250,56
07:03:24.08200,1900.250,9
07:03:24.50300,1900.250,5
07:03:24.64400,1900.250,4
07:03:26.11700,1900.250,1
07:03:26.92900,1900.250,8
07:03:27.17100,1900.250,1
07:03:27.87800,1900.250,7
07:03:29.66700,1900.250,1
07:03:30.94900,1900.000,1
07:03:31.17900,1900.250,1
07:03:32.03100,1900.250,5
07:03:32.94500,1900.250,10
07:03:33.61300,1900.250,5
07:03:33.90600,1900.250,1
07:03:38.94500,1900.500,2
07:03:40.30800,1900.500,5
07:03:40.96000,1900.500,18
07:03:42.18300,1900.750,39
07:03:42.39800,1900.500,1
07:03:43.56600,1900.500,1
07:03:44.67900,1900.750,1
07:03:44.89800,1900.750,1
07:03:45.14800,1900.750,1
07:03:45.35900,1900.750,2
07:03:45.90600,1900.750,1
07:03:46.10500,1900.500,27
07:03:46.35100,1900.750,1
07:03:46.60900,1900.750,1
07:03:47.80400,1900.500,11
07:03:47.87800,1900.500,11
07:03:48.23800,1900.750,11
07:03:48.88200,1900.750,106
07:03:49.13200,1900.750,1
07:03:50.02700,1900.750,7
07:03:51.15600,1900.750,2
07:03:53.54600,1900.500,21
07:03:54.32800,1900.500,14
07:03:55.76900,1900.500,1
07:03:55.91400,1900.500,2
07:03:57.81600,1900.500,11
07:03:58.62500,1900.500,1
07:04:01.50000,1900.500,8
07:04:01.96400,1900.500,11
07:04:02.26100,1900.500,1
07:04:03.15600,1900.500,10
07:04:04.87800,1900.750,2
07:04:05.46400,1900.750,2
07:04:06.78100,1900.500,10
07:04:13.30000,1900.500,9
07:04:13.41400,1900.500,2
07:04:14.64800,1900.500,1
07:04:16.68700,1900.500,1
07:04:19.13600,1900.750,1
07:04:19.21000,1900.500,9
07:04:20.44100,1900.750,11
07:04:21.25700,1900.750,50
07:04:25.21800,1900.500,34
07:04:25.79600,1900.500,1
07:04:26.35900,1900.500,1
07:04:28.21800,1900.500,8
07:04:28.79600,1900.500,7
07:04:30.39800,1900.500,5
07:04:31.61300,1900.250,10
07:04:34.42500,1900.250,3
07:04:37.39400,1900.500,1
07:04:38.18300,1900.250,9
07:04:39.09300,1900.500,5
07:04:39.26100,1900.250,1
07:04:40.56600,1900.250,1
07:04:41.12800,1900.250,2
07:04:42.38600,1900.250,1
07:04:42.54600,1900.500,2
07:04:45.09700,1900.500,1
07:04:46.04200,1900.250,10
07:04:46.64800,1900.500,6
07:04:49.06200,1900.500,1
07:04:49.45700,1900.500,1
07:04:50.61300,1900.250,53
07:04:50.68700,1900.250,3
07:04:51.02700,1900.250,4
07:04:51.25000,1900.250,1
07:04:54.06200,1900.250,3
07:04:55.14400,1900.000,72
07:04:55.27700,1900.000,5
07:04:56.23000,1900.000,14
07:04:58.85500,1900.000,55
07:05:00.95300,1900.250,5
07:05:03.66400,1900.000,11
07:05:03.88200,1900.000,1
07:05:04.02700,1900.000,18
07:05:05.07800,1899.750,8
07:05:06.05000,1899.750,9
07:05:06.73000,1900.000,1
07:05:07.91400,1899.750,2
07:05:09.67900,1900.000,1
07:05:10.87100,1899.750,9
07:05:11.16700,1900.000,1
07:05:11.45700,1900.000,2
07:05:13.03500,1900.000,1
07:05:14.23800,1899.750,48
07:05:16.45700,1899.750,20
07:05:17.83200,1899.750,3
07:05:18.53500,1900.000,7
07:05:21.36700,1900.000,1
07:05:23.13600,1899.750,3
07:05:23.53100,1899.750,14
07:05:23.94900,1899.500,13
07:05:24.84700,1899.750,1
07:05:25.24600,1899.750,1
07:05:25.64800,1899.750,24
07:05:27.28900,1899.750,1
07:05:27.50000,1900.000,1
07:05:27.83900,1899.500,10
07:05:28.57000,1899.500,26
07:05:29.26900,1899.500,12
07:05:29.46000,1899.500,8
07:05:30.08900,1899.750,1
07:05:30.83200,1899.500,34
07:05:31.10900,1899.750,1
07:05:31.41000,1899.750,3
07:05:31.60900,1899.500,2
07:05:32.07000,1899.500,2
07:05:32.25300,1899.500,2
07:05:32.93700,1899.500,2
07:05:33.57000,1899.500,2
07:05:34.12500,1899.500,2
07:05:34.67100,1899.500,2
07:05:35.24200,1899.500,2
07:05:35.76500,1899.500,5
07:05:36.52700,1899.500,22
07:05:37.57000,1899.500,1
07:05:37.67100,1899.500,2
07:05:38.16400,1899.500,1
07:05:40.95700,1899.750,49
07:05:41.09700,1900.000,23
07:05:41.21000,1900.000,6
07:05:42.05000,1900.000,2
07:05:43.37500,1900.000,1
07:05:45.17100,1899.750,1
07:05:47.95700,1900.000,3
07:05:48.23000,1900.000,19
07:05:48.30400,1900.000,2
07:05:49.22200,1900.000,2
07:05:50.50300,1900.000,3
07:05:50.71800,1900.000,2
07:05:51.15200,1900.000,15
07:05:55.32000,1899.750,9
07:05:57.48800,1900.000,1
07:06:01.23000,1899.750,13
07:06:01.79200,1899.750,1
07:06:02.03100,1900.000,3
07:06:03.90600,1900.000,1
07:06:06.08900,1900.000,2
07:06:06.28100,1900.000,55
07:06:14.93300,1900.000,9
07:06:15.83500,1900.250,33
07:06:16.14000,1900.250,5
07:06:16.34300,1900.250,13
07:06:16.54600,1900.250,5
07:06:16.80400,1900.500,3
07:06:17.05400,1900.500,1
07:06:20.81600,1900.500,5
07:06:22.71000,1900.500,1
07:06:22.94500,1900.500,1
07:06:23.19900,1900.500,1
07:06:23.24200,1900.500,26
07:06:23.43300,1900.500,1
07:06:23.69900,1900.500,1
07:06:24.29600,1900.500,1
07:06:24.53900,1900.500,1
07:06:24.87800,1900.500,5
07:06:25.10900,1900.500,3
07:06:25.28900,1900.500,1
07:06:25.45700,1900.500,1
07:06:25.96800,1900.250,2
07:06:28.01900,1900.250,10
07:06:29.09300,1900.500,10
07:06:29.78100,1900.500,15
07:06:29.93300,1900.500,11
07:06:31.03500,1900.500,2
07:06:31.26100,1900.500,1
07:06:32.03900,1900.500,30
07:06:32.23000,1900.500,5
07:06:32.32800,1900.500,5
07:06:32.42500,1900.500,5
07:06:32.62500,1900.500,16
07:06:33.23000,1900.500,5
07:06:33.51100,1900.500,2
07:06:34.05800,1900.500,1
07:06:35.18300,1900.500,1
07:06:36.50700,1900.500,6
07:06:40.47600,1900.250,10
07:06:42.05800,1900.500,2
07:06:42.61700,1900.250,5
07:06:44.73000,1900.500,1
07:06:45.61700,1900.500,2
07:06:46.32400,1900.000,24
07:06:46.71400,1900.250,2
07:06:47.27700,1900.250,1
07:06:48.56200,1900.250,1
07:06:51.39400,1900.250,11
07:06:51.54200,1900.250,1
07:06:53.80000,1900.250,15
07:06:54.19900,1900.000,11
07:06:57.94100,1900.250,1
07:06:59.66400,1900.500,33
07:07:01.43700,1900.250,41
07:07:02.72600,1900.250,1
07:07:03.30400,1900.250,2
07:07:04.06200,1900.250,84
07:07:04.65600,1900.000,30
07:07:06.41000,1900.250,1
07:07:06.64800,1900.250,5
07:07:07.14400,1900.250,1
07:07:09.46400,1900.000,16
07:07:10.20700,1899.750,8
07:07:10.88200,1899.750,7
07:07:11.91700,1900.000,1
07:07:14.25700,1899.750,110
07:07:15.12800,1899.750,9
07:07:15.52300,1899.750,54
07:07:15.71800,1899.750,2
07:07:16.18700,1899.750,20
07:07:16.71800,1899.750,5
07:07:17.18700,1899.750,4
07:07:21.70700,1900.000,1
07:07:24.15600,1899.750,5
07:07:26.87800,1899.750,17
07:07:32.79600,1899.750,31
07:07:34.54200,1899.750,1
07:07:34.70700,1899.750,1
07:07:35.29600,1899.750,8
07:07:35.91700,1899.750,2
07:07:36.66700,1899.750,2
07:07:36.76500,1899.750,1
07:07:40.07800,1899.750,9
07:07:40.19500,1899.750,1
07:07:41.12100,1899.750,6
07:07:41.68300,1899.750,1
07:07:43.07000,1899.750,1
07:07:43.52700,1899.750,3
07:07:46.78500,1899.750,6
07:07:47.21800,1899.500,9
07:07:49.00300,1899.750,101
07:07:53.06200,1899.500,2
07:07:53.25300,1899.500,1
07:07:53.79200,1899.500,3
07:07:54.30000,1899.750,1
07:07:58.30000,1899.750,1
07:07:59.25000,1900.000,27
07:08:02.10500,1899.500,12
07:08:02.51900,1899.750,1
07:08:03.17500,1899.750,1
07:08:04.00700,1899.750,2
07:08:04.50700,1899.750,4
07:08:06.00000,1899.750,27
07:08:06.29600,1899.750,2
07:08:06.80800,1899.750,1
07:08:07.03100,1899.750,8
07:08:09.67500,1900.000,15
07:08:11.85900,1899.750,2
07:08:11.96400,1900.000,1
07:08:12.63200,1900.000,1
07:08:13.93300,1899.750,9
07:08:18.41700,1900.000,162
07:08:19.66700,1900.000,1
07:08:20.15200,1900.250,1
07:08:25.04200,1900.250,5
07:08:25.31200,1900.000,8
07:08:25.81200,1900.000,1
07:08:26.60900,1900.250,1
07:08:26.68300,1900.250,3
07:08:27.07400,1900.000,9
07:08:28.03900,1900.000,6
07:08:28.94500,1900.000,1
07:08:29.80800,1900.250,25
07:08:30.12100,1900.250,63
07:08:31.33900,1900.500,2
07:08:31.50000,1900.250,19
07:08:36.85900,1900.250,1
07:08:37.38600,1900.000,1
07:08:39.83200,1899.750,72
07:08:40.14400,1899.750,10
07:08:43.04600,1899.750,64
07:08:43.15200,1899.750,2
07:08:43.23000,1900.000,1
07:08:43.41400,1899.500,6
07:08:43.76900,1899.750,1
07:08:44.42100,1899.750,2
07:08:45.07400,1899.750,8
07:08:45.48400,1900.000,2
07:08:46.44500,1899.750,1
07:08:48.76500,1899.750,11
07:08:52.04200,1900.000,1
07:08:57.25700,1899.750,1
07:08:59.11700,1899.750,9
07:09:01.85900,1900.000,31
07:09:03.53100,1900.000,7
07:09:04.80000,1899.750,2
07:09:05.27700,1899.750,30
07:09:05.69900,1899.750,30
07:09:06.48800,1899.750,12
07:09:08.80400,1899.750,1
07:09:11.00300,1900.000,3
07:09:12.54200,1899.750,60
07:09:14.64800,1899.750,5
07:09:15.08500,1899.750,5
07:09:16.30800,1899.750,5
07:09:17.14800,1899.750,35
07:09:17.38200,1899.500,10
07:09:17.66000,1899.750,15
07:09:18.51100,1899.750,3
07:09:18.77700,1899.750,5
07:09:19.41400,1899.750,4
07:09:20.75700,1899.500,1
07:09:21.28100,1899.750,1
07:09:25.33200,1899.750,19
07:09:25.69100,1899.750,2
07:09:26.29200,1899.750,2
07:09:27.22600,1899.500,1
07:09:28.16000,1899.750,28
07:09:29.19500,1899.750,1
07:09:30.26900,1899.750,5
07:09:30.80800,1899.750,5
07:09:31.42500,1899.750,2
07:09:37.01900,1899.500,9
07:09:37.53100,1899.750,1
07:09:39.16700,1899.750,4
07:09:40.87500,1899.750,2
07:09:41.79200,1899.500,1
07:09:42.90600,1899.500,9
07:09:46.30800,1899.750,2
07:09:47.07800,1899.750,5
07:09:47.25000,1899.750,28
07:09:48.72600,1899.750,1
07:09:52.51900,1899.750,1
07:09:54.12800,1899.750,21
07:09:56.60100,1899.750,1
07:09:57.33200,1899.750,1
07:10:01.55400,1899.500,10
07:10:01.66400,1899.500,1
07:10:01.79600,1899.500,1
07:10:01.91000,1899.500,1
07:10:02.06200,1899.500,1
07:10:02.21000,1899.500,1
07:10:02.50700,1899.500,2
07:10:02.62100,1899.500,37
07:10:02.69100,1899.500,32
07:10:02.81200,1899.250,2
07:10:03.69100,1899.250,2
07:10:03.87500,1899.250,2
07:10:04.03100,1899.250,2
07:10:04.23400,1899.500,4
07:10:07.00300,1899.500,2
07:10:08.77300,1899.500,1
07:10:10.09300,1899.250,3
07:10:10.79200,1899.250,1
07:10:11.41000,1899.250,1
07:10:11.72600,1899.500,1
07:10:12.57800,1899.500,47
07:10:12.85500,1899.250,1
07:10:13.10500,1899.500,5
07:10:13.69100,1899.250,124
07:10:13.76900,1899.250,4
07:10:13.92100,1899.250,1
07:10:14.22200,1899.250,2
07:10:14.90600,1899.250,3
07:10:15.19900,1899.250,34
07:10:15.92500,1899.000,538
07:10:16.10900,1899.250,2
07:10:16.26900,1899.000,4
07:10:16.70700,1899.000,2
07:10:17.83900,1899.250,1
07:10:18.20700,1899.250,3
07:10:18.39800,1899.000,3
07:10:18.48000,1899.000,1
07:10:21.04200,1899.250,81
07:10:21.10900,1899.250,1
07:10:21.35100,1899.250,1
07:10:21.97200,1899.500,17
07:10:22.17500,1899.500,59
07:10:22.30400,1899.500,10
07:10:23.11700,1899.500,2
07:10:23.92100,1899.500,1
07:10:24.92900,1899.500,4
07:10:25.45300,1899.500,1
07:10:25.82800,1899.750,3
07:10:26.62800,1899.500,1
07:10:29.04600,1899.500,1
07:10:29.56600,1899.500,4
07:10:30.63600,1899.750,1
07:10:31.25700,1899.750,3
07:10:31.39000,1899.500,52
07:10:33.12500,1899.500,5
07:10:33.90200,1899.250,10
07:10:37.39000,1899.500,1
07:10:37.65600,1899.500,1
07:10:40.58200,1899.250,25
07:10:40.88600,1899.250,2
07:10:41.96800,1899.250,1
07:10:42.24200,1899.250,1
07:10:42.84700,1899.250,1
07:10:44.05800,1899.000,4
07:10:45.84300,1899.000,36
07:10:45.96000,1899.000,1
07:10:46.71400,1898.750,2
07:10:47.05400,1898.750,4
07:10:47.18300,1898.750,2
07:10:47.42100,1899.000,84
07:10:47.69900,1898.750,1
07:10:51.33500,1899.000,1
07:10:51.81200,1899.000,9
07:10:54.12100,1899.000,18
07:10:54.48400,1899.000,4
07:10:55.01500,1899.250,1
07:10:57.67100,1899.000,1
07:10:58.07800,1899.000,3
07:11:00.39400,1899.000,55
07:11:00.55000,1899.000,2
07:11:00.69500,1899.000,1
07:11:01.11700,1899.000,3
07:11:01.83200,1899.250,3
07:11:03.93300,1899.250,16
07:11:04.65600,1899.250,4
07:11:04.76500,1899.250,2
07:11:05.16400,1899.250,2
07:11:05.25300,1899.250,3
07:11:05.66000,1899.250,15
07:11:06.62100,1899.250,17
07:11:09.09300,1899.000,1
07:11:09.19500,1899.250,1
07:11:09.74200,1899.250,5
07:11:09.91400,1899.250,12
07:11:10.12100,1899.250,1
07:11:10.55000,1899.250,3
07:11:10.92900,1899.500,17
07:11:14.36300,1899.250,1
07:11:15.00700,1899.500,1
07:11:16.27300,1899.500,1
07:11:19.04200,1899.250,11
07:11:19.57400,1899.500,111
07:11:19.69900,1899.500,87
07:11:25.60100,1899.500,96
07:11:26.57000,1899.750,30
07:11:28.61300,1899.500,66
07:11:31.56600,1899.250,1
07:11:33.40200,1899.250,10
07:11:33.80000,1899.500,1
07:11:34.96800,1899.250,68
07:11:36.33500,1899.250,12
07:11:36.82400,1899.250,4
07:11:37.64800,1899.250,10
07:11:37.74200,1899.000,3
07:11:39.08900,1899.250,1
07:11:42.77700,1899.250,11
07:11:43.32000,1899.250,1
07:11:44.87100,1899.250,3
07:11:45.08500,1899.250,7
07:11:48.00700,1899.250,5
07:11:48.05000,1899.250,2
07:11:48.91000,1899.250,32
07:11:50.17900,1899.000,1
07:11:50.80400,1899.250,2
07:11:51.87800,1899.000,1
07:11:52.96400,1899.000,209
07:11:53.39400,1898.750,1
07:11:53.92500,1898.750,4
07:11:54.23800,1898.750,4
07:11:57.09700,1898.750,1
07:11:58.05800,1898.750,8
07:12:00.24600,1898.750,14
07:12:03.12100,1899.000,5
07:12:03.96800,1899.000,10
07:12:05.09700,1899.000,19
07:12:06.01100,1899.000,7
07:12:06.97200,1898.750,3
07:12:07.35100,1899.000,1
07:12:08.08900,1899.000,1
07:12:08.32000,1899.000,2
07:12:10.07400,1899.000,1
07:12:12.18300,1899.000,1
07:12:12.89400,1899.000,3
07:12:13.30800,1898.750,9
07:12:15.05800,1899.000,1
07:12:15.33200,1899.000,5
07:12:15.49600,1899.000,13
07:12:16.11300,1899.250,31
07:12:21.64400,1899.000,1
07:12:22.22200,1899.250,27
07:12:25.71000,1899.000,11
07:12:26.37500,1899.250,10
07:12:26.57400,1899.000,1
07:12:28.02700,1899.250,10
07:12:28.33500,1899.000,1
07:12:28.80800,1899.250,1
07:12:29.72200,1899.250,6
07:12:30.58500,1899.250,1
07:12:35.03900,1899.000,1
07:12:35.49200,1899.250,1
07:12:37.30000,1899.250,2
07:12:39.48000,1899.000,10
07:12:42.71400,1899.250,1
07:12:43.32400,1899.250,24
07:12:44.08500,1899.250,2
07:12:44.32400,1899.250,5
07:12:45.25300,1899.250,11
07:12:46.40200,1899.250,2
07:12:47.61700,1899.250,14
07:12:49.29200,1899.250,2
07:12:50.21400,1899.250,2
07:12:50.55000,1899.250,24
07:12:50.75000,1899.500,11
07:12:51.73000,1899.250,4
07:12:52.03100,1899.250,1
07:12:52.26900,1899.250,1
07:12:52.55000,1899.250,14
07:12:58.41400,1899.000,10
07:13:03.48800,1899.000,2
07:13:04.32000,1899.000,10
07:13:06.16000,1899.000,2
07:13:06.95300,1899.000,1
07:13:07.28500,1899.000,9
07:13:08.01100,1899.000,22
07:13:08.28100,1899.000,17
07:13:08.73400,1899.000,15
07:13:09.40200,1899.000,5
07:13:10.22600,1899.000,1
07:13:11.66700,1899.000,7
07:13:13.07000,1899.000,2
07:13:15.28100,1899.000,11
07:13:16.46000,1899.000,2
07:13:16.78100,1899.000,1
07:13:17.39000,1899.000,38
07:13:20.03100,1899.000,1
07:13:20.67900,1899.000,7
07:13:22.07400,1899.000,5
07:13:23.32400,1899.000,1
07:13:24.08200,1899.000,1
07:13:27.13200,1899.000,5
07:13:27.33900,1899.000,1
07:13:27.81600,1899.250,13
07:13:28.51900,1899.000,4
07:13:31.12100,1899.000,9
07:13:31.95700,1899.000,12
07:13:33.12500,1899.250,21
07:13:33.20300,1899.250,7
07:13:34.34300,1899.250,1
07:13:34.84700,1899.500,38
07:13:35.04200,1899.750,2
07:13:35.63600,1899.750,4
07:13:40.08900,1899.750,5
07:13:40.72200,1899.750,1
07:13:40.87500,1899.750,3
07:13:41.21800,1899.750,2
07:13:41.37500,1899.750,1
07:13:42.80400,1899.750,1
07:13:44.15200,1899.750,42
07:13:44.32800,1899.750,16
07:13:44.63200,1899.750,2
07:13:46.69500,1899.750,21
07:13:46.89000,1899.750,1
07:13:47.69900,1900.000,5
07:13:48.33200,1900.000,3
07:13:49.41400,1900.000,1
07:13:49.72600,1900.000,2
07:13:51.49200,1899.750,19
07:13:51.58200,1899.750,31
07:13:56.12100,1900.000,5
07:13:56.49600,1900.000,1
07:13:57.16700,1900.000,29
07:13:57.39000,1900.000,5
07:13:57.64400,1900.000,1
07:13:57.83200,1900.000,29
07:13:58.24600,1900.000,2
07:13:58.40200,1899.750,1
07:14:01.21800,1899.750,2
07:14:01.44100,1900.000,1
07:14:02.34300,1899.750,12
07:14:03.23000,1900.000,3
07:14:03.68700,1900.000,1
07:14:03.89000,1900.000,22
07:14:04.31200,1900.000,3
07:14:04.47200,1900.000,7
07:14:05.68300,1900.000,25
07:14:06.07000,1900.250,2
07:14:06.48800,1900.250,1
07:14:07.09700,1900.250,1
07:14:07.30800,1900.250,1
07:14:07.78900,1900.250,5
07:14:07.96000,1900.000,22
07:14:08.25000,1899.750,1
07:14:08.66700,1900.000,1
07:14:08.89800,1899.750,1
07:14:09.82000,1899.750,3
07:14:10.40600,1899.750,6
07:14:10.76500,1899.750,8
07:14:11.66000,1899.750,5
07:14:12.19100,1899.750,8
07:14:13.32000,1899.750,1
07:14:13.89000,1899.750,22
07:14:14.35100,1899.750,24
07:14:14.42100,1899.750,1
07:14:14.67500,1899.750,8
07:14:16.47200,1899.750,3
07:14:19.35100,1899.750,14
07:14:19.57400,1899.750,1
07:14:19.92100,1899.750,4
07:14:20.28100,1899.750,7
07:14:20.79600,1899.750,8
07:14:21.30000,1899.750,42
07:14:21.48400,1899.750,5
07:14:21.69500,1899.750,40
07:14:22.39400,1899.750,2
07:14:23.51100,1899.750,3
07:14:24.64000,1899.750,1
07:14:25.28500,1899.750,1
07:14:26.75000,1899.750,1
07:14:26.94500,1899.750,29
07:14:30.13200,1899.500,1
07:14:31.30400,1899.750,1
07:14:35.28900,1899.750,2
07:14:36.51900,1899.500,9
07:14:41.21800,1899.500,1
07:14:42.42500,1899.500,11
07:14:42.69100,1899.750,2
07:14:46.00700,1899.750,1
07:14:48.57800,1899.750,2
07:14:49.58500,1899.500,11
07:14:50.92100,1899.500,300
07:14:51.03900,1899.750,25
07:14:51.71400,1899.500,2
07:14:52.26500,1899.500,1
07:14:53.60100,1899.500,50
07:14:53.71400,1899.500,13
07:14:58.21000,1899.250,30
07:14:58.64800,1899.250,18
07:14:58.80000,1899.250,9
07:14:58.90200,1899.250,1
07:14:59.62800,1899.250,4
07:14:59.82400,1899.250,1
07:15:00.44900,1899.000,55
07:15:00.94100,1899.000,31
07:15:01.89800,1898.750,29
07:15:02.05400,1898.750,2
07:15:02.19100,1898.750,2
07:15:02.34300,1898.750,2
07:15:02.54200,1898.750,2
07:15:02.71400,1898.750,7
07:15:02.88200,1898.750,15
07:15:03.22200,1898.750,2
07:15:03.32800,1898.750,11
07:15:03.45700,1898.750,26
07:15:03.58900,1899.000,1
07:15:04.24200,1899.000,1
07:15:04.83900,1898.750,1
07:15:05.48400,1899.000,1
07:15:06.04600,1899.000,1
07:15:07.12500,1899.000,1
07:15:08.36700,1899.000,6
07:15:09.20700,1898.750,1
07:15:10.53900,1899.000,10
07:15:10.67100,1898.750,2
07:15:10.85900,1899.000,50
07:15:12.15600,1899.000,1
07:15:13.55400,1899.000,3
07:15:14.32400,1899.000,56
07:15:14.38600,1899.000,8
07:15:14.77700,1899.000,1
07:15:14.92500,1899.000,2
07:15:15.12500,1899.000,2
07:15:15.49200,1899.000,6
07:15:15.60900,1899.000,55
07:15:16.80000,1899.000,2
07:15:17.94100,1898.750,2
07:15:20.42100,1898.750,1
07:15:21.75300,1898.750,1
07:15:22.22600,1898.750,1
07:15:22.37800,1898.750,1
07:15:23.07000,1899.000,1
07:15:23.60500,1898.750,9
07:15:25.78100,1899.000,1
07:15:28.62500,1899.000,1
07:15:29.38200,1899.000,1
07:15:29.46400,1898.750,9
07:15:31.53100,1899.000,1
07:15:31.68300,1898.750,18
07:15:33.25700,1898.750,51
07:15:33.78500,1898.750,31
07:15:34.44100,1898.750,10
07:15:34.62800,1898.750,3
07:15:35.37800,1898.750,13
07:15:36.18300,1898.750,44
07:15:36.21800,1898.750,3
07:15:36.38600,1898.500,57
07:15:36.41000,1898.500,2
07:15:36.53100,1898.500,7
07:15:36.62800,1898.750,2
07:15:37.42900,1898.000,668
07:15:37.55000,1898.000,181
07:15:37.69100,1897.750,10
07:15:37.78900,1898.000,5
07:15:37.87500,1898.000,2
07:15:38.16400,1898.000,4
07:15:38.84300,1897.750,3
07:15:39.00300,1898.000,6
07:15:39.13600,1897.750,2
07:15:39.37800,1898.000,2
07:15:40.31200,1898.000,4
07:15:40.39000,1898.000,1
07:15:40.75000,1898.000,1
07:15:41.29200,1897.750,3
07:15:41.43700,1897.750,3
07:15:41.71000,1897.750,10
07:15:41.96800,1897.750,1
07:15:42.44900,1898.000,4
07:15:42.73400,1897.750,2
07:15:42.94900,1897.750,1
07:15:43.67500,1897.750,89
07:15:43.85900,1897.750,14
07:15:43.92500,1898.000,1
07:15:44.06200,1898.000,1
07:15:44.48400,1898.000,4
07:15:44.75700,1897.750,1
07:15:44.96000,1898.000,27
07:15:45.16400,1898.000,2
07:15:45.64400,1898.000,2
07:15:45.78100,1897.750,2
07:15:46.11300,1897.750,1
07:15:47.03900,1897.750,2
07:15:47.09700,1897.750,1
07:15:47.23800,1897.750,3
07:15:47.59300,1897.750,1
07:15:47.81200,1897.750,1
07:15:48.05400,1898.000,1
07:15:49.11700,1897.750,10
07:15:52.13200,1898.000,182
07:15:52.96800,1897.750,1
07:15:54.18300,1897.750,1
07:15:54.82800,1897.750,5
07:15:55.67500,1898.000,1
07:15:56.14000,1898.000,3
07:15:58.01900,1898.000,25
07:15:59.89800,1897.750,1
07:16:00.40200,1898.000,51
07:16:00.73000,1898.000,1
07:16:00.92500,1898.000,3
07:16:01.10100,1898.000,6
07:16:02.11300,1898.000,12
07:16:07.14800,1898.000,2
07:16:07.88600,1897.750,2
07:16:08.08900,1897.750,10
07:16:08.32400,1898.000,3
07:16:08.58900,1897.500,84
07:16:08.69900,1897.500,27
07:16:10.03100,1897.500,7
07:16:10.21400,1897.500,2
07:16:10.64400,1897.500,130
07:16:10.67900,1897.750,40
07:16:10.77300,1897.750,1
07:16:10.83200,1897.500,2
07:16:11.12800,1897.500,1
07:16:11.34300,1897.500,22
07:16:11.83900,1897.500,24
07:16:12.01900,1897.500,3
07:16:12.37500,1897.500,2
07:16:12.55400,1897.500,2
07:16:12.97200,1897.250,56
07:16:13.19500,1897.250,8
07:16:13.28100,1897.500,4
07:16:13.62500,1897.250,1
07:16:13.84300,1897.250,47
07:16:13.85100,1897.250,28
07:16:14.16000,1897.250,13
07:16:14.29600,1897.250,1
07:16:14.58900,1897.250,2
07:16:14.83200,1897.250,7
07:16:15.17900,1897.250,1
07:16:15.86300,1896.500,1163
07:16:15.86300,1896.250,30
07:16:15.86700,1896.500,27
07:16:15.86700,1896.500,22
07:16:15.86700,1896.250,14
07:16:15.87100,1896.250,19
07:16:15.87500,1896.500,10
07:16:16.01900,1896.250,32
07:16:16.16400,1896.250,40
07:16:16.22600,1896.250,2
07:16:16.37500,1896.250,5
07:16:16.48000,1896.500,3
07:16:16.53100,1896.250,1
07:16:16.61700,1896.500,4
07:16:16.68300,1896.500,1
07:16:16.89400,1896.500,63
07:16:17.03900,1896.500,7
07:16:17.08900,1896.500,1
07:16:17.14800,1896.750,1
07:16:17.62100,1896.500,65
07:16:17.69100,1896.750,1
07:16:17.85100,1896.750,3
07:16:17.91000,1896.500,2
07:16:18.09300,1896.500,12
07:16:18.16400,1896.750,1
07:16:19.42500,1896.500,4
07:16:19.64400,1896.750,3
07:16:19.83500,1896.750,10
07:16:20.00300,1896.750,1
07:16:20.25300,1896.500,2
07:16:20.30000,1896.750,2
07:16:21.23800,1896.750,1
07:16:21.25000,1896.750,129
07:16:21.38600,1897.000,103
07:16:21.46400,1897.000,43
07:16:21.53900,1897.000,1
07:16:21.62800,1897.000,2
07:16:21.76900,1897.000,1
07:16:22.08200,1897.250,1
07:16:22.39400,1897.250,1
07:16:23.00700,1897.250,2
07:16:23.67100,1897.250,3
07:16:24.74200,1897.250,1
07:16:24.95700,1897.250,1
07:16:25.13600,1897.250,1
07:16:25.77700,1897.250,1
07:16:26.42900,1897.250,7
07:16:26.92100,1897.250,7
07:16:27.05800,1897.250,2
07:16:27.18300,1897.000,1
07:16:27.82800,1897.250,1
07:16:28.73000,1897.000,18
07:16:29.22600,1897.250,2
07:16:29.42100,1897.250,2
07:16:29.75000,1897.500,81
07:16:30.28100,1897.250,25
07:16:30.32800,1897.250,2
07:16:30.91400,1897.250,1
07:16:31.57800,1897.500,1
07:16:32.19100,1897.500,1
07:16:32.62100,1897.250,10
07:16:33.54600,1897.500,2
07:16:34.46000,1897.250,1
07:16:34.60100,1897.250,2
07:16:34.84700,1897.500,4
07:16:35.95700,1897.500,3
07:16:37.02300,1897.500,2
07:16:37.39400,1897.250,1
07:16:37.69100,1897.250,1
07:16:38.18300,1897.250,1
07:16:38.61300,1897.500,1
07:16:39.29200,1897.500,1
07:16:39.42900,1897.250,10
07:16:40.01100,1897.250,6
07:16:40.12100,1897.250,9
07:16:40.70300,1897.250,1
07:16:41.02700,1897.500,189
07:16:42.10900,1897.250,27
07:16:42.12500,1897.500,3
07:16:43.43700,1897.500,2
07:16:44.09300,1897.250,51
07:16:45.29600,1897.500,21
07:16:46.48000,1897.250,13
07:16:46.56200,1897.250,5
07:16:47.02700,1897.250,16
07:16:47.44100,1897.500,3
07:16:47.70300,1897.250,20
07:16:48.89800,1897.250,136
07:16:50.07000,1897.250,11
07:16:50.32400,1896.750,233
07:16:51.07800,1896.750,3
07:16:51.48400,1896.750,68
07:16:51.60500,1896.750,2
07:16:51.88200,1896.750,7
07:16:51.95300,1896.500,38
07:16:52.41000,1896.750,2
07:16:52.61300,1896.500,10
07:16:52.67100,1896.250,5
07:16:52.80400,1896.250,5
07:16:52.95300,1896.250,3
07:16:53.20700,1896.250,10
07:16:54.10900,1896.500,33
07:16:54.34700,1896.500,10
07:16:54.72600,1896.750,141
07:16:54.96400,1896.750,48
07:16:55.28500,1896.750,9
07:16:55.64800,1896.500,71
07:16:55.73800,1896.750,1
07:16:55.91000,1896.500,10
07:16:56.16400,1896.500,21
07:16:57.17500,1896.500,5
07:16:57.47200,1896.750,1
07:16:57.85500,1896.500,1
07:16:58.51100,1896.500,2
07:16:58.75000,1896.750,1
07:16:59.16000,1896.750,140
07:16:59.64000,1896.750,14
07:17:01.48000,1896.750,26
07:17:03.19500,1896.500,50
07:17:03.29600,1896.750,5
07:17:03.68300,1896.500,10
07:17:04.16000,1896.750,35
07:17:04.92100,1897.000,25
07:17:05.88600,1896.750,3
07:17:06.48400,1896.750,1
07:17:06.80400,1897.000,1
07:17:07.15200,1896.750,1
07:17:07.33200,1896.750,1
07:17:07.79600,1896.750,2
07:17:08.51500,1896.500,21
07:17:08.67900,1896.750,2
07:17:08.93300,1896.750,1
07:17:09.09700,1896.750,1
07:17:10.11700,1896.750,125
07:17:11.28500,1896.750,1
07:17:11.48400,1896.750,13
07:17:12.13200,1896.750,8
07:17:13.75300,1897.000,2
07:17:16.73800,1896.750,94
07:17:16.95700,1896.750,5
07:17:18.87800,1897.000,1
07:17:19.61700,1897.000,1
07:17:20.60500,1897.000,1
07:17:21.06600,1897.000,1
07:17:21.48400,1897.000,23
07:17:23.63600,1896.750,1
07:17:24.14800,1897.000,91
07:17:24.44900,1897.000,10
07:17:24.93700,1897.000,1
07:17:25.94100,1897.250,2
07:17:26.48800,1897.000,21
07:17:27.88200,1897.250,57
07:17:28.10900,1897.250,3
07:17:28.26900,1897.250,1
07:17:31.84700,1897.000,1
07:17:32.17900,1897.000,1
07:17:32.39000,1897.250,10
07:17:32.93700,1897.000,1
07:17:34.49200,1897.000,1
07:17:36.26100,1897.250,51
07:17:38.02300,1897.000,22
07:17:39.94500,1897.250,50
07:17:41.07000,1897.000,1
07:17:41.76500,1897.000,1
07:17:43.45300,1897.250,3
07:17:43.78500,1897.000,1
07:17:45.88600,1897.250,8
07:17:46.55000,1897.250,8
07:17:48.57800,1897.000,1
07:17:51.40600,1897.000,11
07:17:51.56200,1897.000,41
07:17:53.40200,1897.000,4
07:17:53.80000,1897.000,1
07:17:54.24600,1896.750,92
07:17:54.89400,1897.000,17
07:17:55.94500,1896.750,22
07:17:56.32400,1896.750,1
07:17:56.55800,1896.750,10
07:17:57.86300,1897.000,1
07:17:58.44500,1897.000,3
07:17:59.37500,1897.000,1
07:17:59.55800,1896.750,5
07:17:59.78500,1897.000,2
07:18:01.44100,1896.750,24
07:18:03.82400,1896.750,21
07:18:06.50700,1896.750,1
07:18:07.66000,1896.750,1
07:18:08.00700,1897.000,7
07:18:08.50700,1897.000,25
07:18:08.69500,1897.000,3
07:18:09.11300,1897.000,1
07:18:09.96000,1897.000,3
07:18:12.81600,1897.000,24
07:18:14.79200,1897.000,1
07:18:15.27300,1897.250,1
07:18:16.44500,1897.250,11
07:18:18.26500,1897.250,1
07:18:19.08200,1897.250,3
07:18:19.33900,1897.000,1
07:18:19.84700,1897.250,1
07:18:22.11700,1897.000,11
07:18:23.28100,1897.250,1
07:18:25.11700,1897.250,5
07:18:25.38600,1897.250,2
07:18:25.54600,1897.250,1
07:18:25.71000,1897.250,1
07:18:25.86700,1897.250,1
07:18:26.04600,1897.250,1
07:18:26.19900,1897.250,8
07:18:26.78100,1897.250,9
07:18:26.85500,1897.250,1
07:18:27.53900,1897.500,10
07:18:28.24600,1897.250,1
07:18:29.94900,1897.250,1
07:18:31.68700,1897.250,1
07:18:33.11700,1897.500,1
07:18:34.03500,1897.250,20
07:18:34.65600,1897.250,10
07:18:35.03100,1896.750,688
07:18:35.10500,1896.750,1
07:18:35.21800,1896.750,43
07:18:36.48400,1896.750,9
07:18:37.13600,1897.000,1
07:18:37.53900,1897.000,1
07:18:37.83500,1897.000,2
07:18:38.45700,1897.000,58
07:18:40.48800,1897.000,7
07:18:43.20300,1897.250,1
07:18:45.73400,1896.750,105
07:18:46.10500,1897.000,34
07:18:46.69900,1897.000,2
07:18:47.10500,1897.000,10
07:18:47.86700,1897.000,8
07:18:49.30400,1897.000,4
07:18:49.55800,1897.000,19
07:18:50.54600,1897.000,1
07:18:50.96800,1897.000,2
07:18:51.20700,1897.000,1
07:18:51.51100,1897.000,1
07:18:51.94500,1897.000,10
07:18:53.51500,1897.000,2
07:18:53.91700,1897.000,1
07:18:54.83900,1897.000,52
07:18:54.93700,1897.000,33
07:18:55.08500,1897.000,5
07:18:55.27300,1897.000,5
07:18:55.38200,1897.000,63
07:18:56.77700,1897.000,5
07:18:57.46000,1897.000,1
07:18:57.90600,1897.000,80
07:18:58.32800,1897.000,1
07:18:58.51500,1897.000,1
07:19:05.10100,1897.000,86
07:19:08.64800,1897.000,6
07:19:09.82800,1897.000,10
07:19:10.01100,1897.000,1
07:19:10.73000,1897.000,53
07:19:11.13200,1897.000,1
07:19:11.55800,1897.000,1
07:19:12.26100,1897.250,100
07:19:13.71800,1897.000,30
07:19:14.25700,1897.000,4
07:19:15.86700,1897.000,1
07:19:16.10500,1897.000,5
07:19:17.17500,1897.250,7
07:19:18.30800,1897.250,1
07:19:20.13600,1897.000,1
07:19:20.44500,1897.000,4
07:19:22.26100,1897.000,10
07:19:25.96400,1897.250,1
07:19:26.59300,1897.250,1
07:19:26.85100,1897.250,1
07:19:28.80400,1897.000,10
07:19:29.78500,1897.250,110
07:19:30.56600,1897.250,1
07:19:31.02300,1897.250,17
07:19:31.41700,1897.250,2
07:19:31.67900,1897.500,32
07:19:31.91700,1897.500,1
07:19:33.08500,1897.500,10
07:19:35.10500,1897.250,1
07:19:35.64400,1897.250,38
07:19:37.11300,1897.250,10
07:19:38.54600,1897.250,2
07:19:40.41700,1897.000,10
07:19:41.20700,1897.250,1
07:19:41.87500,1897.000,11
07:19:42.45700,1897.250,1
07:19:43.24600,1897.000,3
07:19:43.85900,1897.250,7
07:19:44.48000,1897.000,5
07:19:45.07800,1897.250,10
07:19:45.64400,1897.250,4
07:19:46.50700,1897.250,1
07:19:49.76100,1897.000,1
07:19:51.64400,1897.500,428
07:19:53.45700,1897.500,4
07:19:54.62100,1897.250,1
07:19:55.11300,1897.500,5
07:19:56.05000,1897.500,1
07:19:56.71000,1897.250,43
07:19:57.64800,1897.250,20
07:19:59.10500,1897.000,50
07:20:00.77300,1897.000,47
07:20:01.21800,1897.000,12
07:20:02.37500,1897.250,56
07:20:03.36300,1897.250,2
07:20:05.42900,1897.250,17
07:20:06.09300,1897.250,32
07:20:06.46000,1897.250,1
07:20:07.10500,1897.250,2
07:20:07.39800,1897.250,23
07:20:08.23800,1897.250,6
07:20:09.16700,1897.250,1
07:20:09.73400,1897.250,1
07:20:11.23800,1897.250,1
07:20:12.37100,1897.500,85
07:20:13.23000,1897.250,8
07:20:13.40600,1897.500,4
07:20:13.66700,1897.250,4
07:20:15.25300,1897.250,13
07:20:15.73800,1897.250,20
07:20:16.38200,1897.500,2
07:20:17.54200,1897.250,26
07:20:18.46000,1897.250,2
07:20:22.25700,1897.500,1
07:20:22.78500,1897.250,1
07:20:23.28900,1897.500,2
07:20:24.33200,1897.750,90
07:20:24.48800,1897.500,3
07:20:24.64400,1897.500,31
07:20:25.67100,1897.500,26
07:20:26.37100,1897.500,43
07:20:27.16400,1897.250,1
07:20:31.35100,1897.500,20
07:20:31.70700,1897.250,1
07:20:31.94900,1897.500,1
07:20:33.06200,1897.500,1
07:20:33.27300,1897.250,3
07:20:33.40600,1897.500,1
07:20:34.87100,1897.250,38
07:20:35.04200,1897.250,22
07:20:35.92900,1897.500,14
07:20:38.05400,1897.500,2
07:20:40.19500,1897.250,1
07:20:42.05000,1897.500,53
07:20:42.74600,1897.500,2
07:20:43.18700,1897.500,8
07:20:43.83900,1897.500,16
07:20:44.37800,1897.500,7
07:20:45.80000,1897.500,17
07:20:47.14000,1897.750,21
07:20:48.36300,1897.500,24
07:20:48.55000,1897.500,3
07:20:48.82400,1897.750,7
07:20:50.07000,1898.000,167
07:20:50.16400,1898.250,410
07:20:50.32400,1898.000,49
07:20:50.57000,1898.000,3
07:20:51.18700,1898.000,1
07:20:52.37500,1898.000,4
07:20:52.42900,1898.000,9
07:20:52.58200,1898.000,7
07:20:53.00700,1898.000,3
07:20:53.40200,1898.250,14
07:20:53.62500,1898.000,63
07:20:54.39000,1898.000,20
07:20:54.69100,1898.250,6
07:20:54.95700,1898.000,39
07:20:55.18700,1898.000,6
07:20:55.26100,1897.750,8
07:20:56.88200,1898.000,26
07:20:57.89000,1897.750,9
07:20:58.83200,1897.750,1
07:21:02.15600,1898.000,50
07:21:02.58200,1898.000,1
07:21:03.62100,1898.000,1
07:21:03.84700,1898.000,1
07:21:04.09300,1898.250,5
07:21:05.10100,1898.250,1
07:21:05.35500,1898.250,85
07:21:05.68300,1898.250,5
07:21:06.07800,1898.250,1
07:21:06.62800,1898.000,1
07:21:06.87500,1898.250,1
07:21:07.63600,1898.250,1
07:21:07.96400,1898.250,1
07:21:11.33500,1898.000,2
07:21:11.75300,1898.000,2
07:21:12.78500,1897.750,81
07:21:13.01500,1898.000,4
07:21:13.70300,1898.000,5
07:21:13.83900,1898.000,1
07:21:14.26100,1898.000,1
07:21:14.97200,1898.000,1
07:21:15.10100,1898.000,19
07:21:15.48400,1898.000,1
07:21:16.39000,1898.000,1
07:21:17.59700,1898.250,154
07:21:18.23400,1898.250,1
07:21:18.33900,1898.000,4
07:21:18.96400,1898.250,18
07:21:19.19500,1898.250,1
07:21:19.51500,1898.000,2
07:21:19.82800,1898.000,1
07:21:20.10900,1898.000,32
07:21:20.20700,1898.000,7
07:21:20.83500,1898.000,3
07:21:20.86300,1898.000,4
07:21:21.50000,1898.000,8
07:21:21.66000,1898.000,10
07:21:23.31200,1898.000,3
07:21:23.58200,1898.000,12
07:21:24.16000,1898.000,2
07:21:24.58500,1898.000,7
07:21:24.67500,1897.750,3
07:21:28.37500,1898.000,37
07:21:31.84300,1897.750,7
07:21:32.18300,1898.000,1
07:21:33.20700,1898.000,63
07:21:33.68700,1898.000,1
07:21:35.26100,1897.750,5
07:21:36.16700,1898.000,6
07:21:36.91000,1898.000,1
07:21:39.71400,1898.000,13
07:21:40.85500,1898.000,5
07:21:42.25000,1898.000,88
07:21:42.41400,1897.750,7
07:21:43.00700,1898.000,145
07:21:43.38600,1898.000,1
07:21:44.73400,1898.000,1
07:21:47.27300,1898.250,1
07:21:48.48000,1898.250,1
07:21:48.69900,1898.000,2
07:21:49.35500,1898.000,1
07:21:50.64800,1898.000,24
07:21:50.82800,1898.000,8
07:21:52.75300,1898.000,11
07:21:53.50000,1898.000,19
07:21:55.82000,1898.000,14
07:22:01.80400,1898.000,36
07:22:02.60500,1897.750,17
07:22:02.81200,1898.000,9
07:22:03.06200,1898.000,1
07:22:03.23800,1898.000,24
07:22:03.67500,1898.000,6
07:22:04.71800,1898.000,3
07:22:05.30000,1898.250,47
07:22:05.50700,1898.000,2
07:22:10.23400,1898.000,1
07:22:11.16400,1898.000,1
07:22:11.41400,1898.000,28
07:22:14.35100,1898.000,5
07:22:18.83200,1897.750,10
07:22:19.87800,1897.750,3
07:22:20.10900,1897.750,2
07:22:20.60500,1898.000,24
07:22:21.87100,1898.000,3
07:22:25.39400,1897.750,20
07:22:26.69100,1897.750,2
07:22:29.52700,1897.750,5
07:22:30.53900,1897.750,1
07:22:32.55800,1897.750,9
07:22:33.18300,1897.750,1
07:22:36.38200,1897.750,1
07:22:36.93300,1898.000,3
07:22:38.46800,1897.750,11
07:22:38.80800,1897.750,10
07:22:39.93300,1898.000,41
07:22:41.77300,1898.000,2
07:22:44.13600,1898.000,1
07:22:46.57400,1898.000,1
07:22:47.93300,1897.750,115
07:22:49.86700,1897.750,87
07:22:50.12800,1897.500,4
07:22:50.39000,1897.750,13
07:22:51.28500,1897.500,3
07:22:51.48800,1897.500,1
07:22:51.53500,1897.500,9
07:22:52.24200,1897.750,1
07:22:52.73800,1897.750,1
07:22:53.93700,1897.750,1
07:22:54.53900,1897.750,43
07:22:54.70700,1897.750,5
07:22:55.10500,1897.750,2
07:22:56.49200,1897.500,1
07:22:58.38200,1897.500,1
07:23:02.89000,1897.500,46
07:23:03.30400,1897.500,9
07:23:05.32000,1897.500,1
07:23:06.21800,1897.500,1
07:23:06.64000,1897.500,65
07:23:06.73000,1897.500,4
07:23:07.01900,1897.500,2
07:23:08.32800,1897.500,7
07:23:09.28500,1897.500,1
07:23:10.10500,1897.500,2
07:23:11.46000,1897.500,2
07:23:14.21800,1897.500,1
07:23:15.71400,1897.500,11
07:23:18.64400,1897.750,77
07:23:18.74600,1898.000,1
07:23:18.88600,1897.750,2
07:23:19.12800,1898.000,3
07:23:19.27300,1897.750,2
07:23:21.25700,1897.500,136
07:23:27.73400,1897.750,1
07:23:28.07800,1897.750,27
07:23:28.54600,1898.000,25
07:23:29.21400,1897.750,17
07:23:29.61300,1897.750,5
07:23:29.93300,1897.750,4
07:23:30.24200,1897.750,2
07:23:31.58500,1897.750,39
07:23:31.72600,1897.750,13
07:23:31.81200,1897.750,7
07:23:33.44100,1898.000,2
07:23:33.60500,1898.000,2
07:23:34.28900,1897.750,5
07:23:36.91400,1897.750,1
07:23:43.17500,1897.750,116
07:23:44.22200,1897.750,17
07:23:44.46000,1897.750,1
07:23:44.92900,1898.000,136
07:23:45.68300,1898.000,17
07:23:45.83900,1897.750,3
07:23:47.83200,1898.000,1
07:23:50.15200,1898.000,76
07:23:50.46800,1898.000,6
07:23:52.78900,1898.250,7
07:23:53.03500,1898.000,2
07:23:53.82400,1898.250,74
07:23:54.53900,1898.250,2
07:23:55.50000,1898.250,70
07:23:58.04200,1898.250,28
07:23:59.19900,1898.000,2
07:23:59.90200,1898.000,1
07:24:01.39800,1897.750,288
07:24:01.62100,1897.750,14
07:24:03.46000,1897.750,9
07:24:04.15200,1898.000,5
07:24:05.40200,1897.750,1
07:24:05.93300,1897.750,5
07:24:09.33500,1898.000,16
07:24:12.63200,1897.750,1
07:24:14.80800,1897.750,1
07:24:15.23800,1897.500,11
07:24:16.60500,1897.750,10
07:24:17.83500,1897.750,5
07:24:19.43300,1897.750,5
07:24:22.44100,1897.500,11
07:24:26.30400,1897.500,44
07:24:26.32400,1897.500,4
07:24:26.41700,1897.500,6
07:24:26.85100,1897.500,30
07:24:28.37500,1897.500,1
07:24:31.82800,1897.750,1
