06:00:01.14000,1914.750,0
06:00:03.85500,1914.750,21
06:00:05.69100,1914.750,5
06:00:07.07400,1915.000,1
06:00:12.35900,1915.000,12
06:00:16.20700,1915.000,10
06:00:20.21400,1915.250,5
06:00:23.52700,1915.250,51
06:00:23.60100,1915.250,1
06:00:23.67900,1915.250,2
06:00:24.55000,1915.500,10
06:00:25.67100,1915.500,103
06:00:30.05000,1915.500,2
06:00:31.00000,1915.500,1
06:00:33.26900,1915.500,1
06:00:33.47600,1915.250,29
06:00:34.82000,1915.500,1
06:00:36.02300,1915.250,11
06:00:36.83500,1915.250,6
06:00:37.83500,1915.250,1
06:00:39.17900,1915.250,13
06:00:40.69500,1915.500,1
06:00:45.89400,1915.500,26
06:00:48.49200,1915.500,10
06:00:52.07000,1915.500,1
06:00:52.87800,1915.250,3
06:00:53.51500,1915.500,11
06:00:54.95700,1915.500,11
06:00:57.10100,1915.500,1
06:01:01.42900,1915.250,26
06:01:08.10500,1915.250,1
06:01:09.25300,1915.250,33
06:01:10.26900,1915.250,3
06:01:14.62500,1915.250,21
06:01:15.75700,1915.250,2
06:01:24.67500,1915.000,31
06:01:25.90600,1915.000,10
06:01:29.91400,1914.750,1
06:01:31.32000,1914.750,23
06:01:31.58900,1914.750,20
06:01:32.96400,1914.750,9
06:01:38.57800,1914.750,1
06:01:38.92500,1915.000,1
06:01:40.19500,1915.000,1
06:01:40.47200,1914.750,7
06:01:42.59300,1915.000,19
06:01:43.16700,1915.000,12
06:01:43.27300,1915.000,5
06:01:44.06600,1914.750,165
06:01:44.13200,1914.750,9
06:01:47.39000,1914.750,21
06:01:57.16400,1915.000,10
06:01:58.44100,1915.000,2
06:01:59.06200,1914.750,1
06:02:03.61300,1915.000,93
06:02:04.91000,1915.000,5
06:02:05.57000,1915.000,3
06:02:21.52700,1915.000,1
06:02:22.87100,1914.750,52
06:02:26.30000,1914.500,34
06:02:30.95300,1914.500,10
06:02:31.80000,1914.500,4
06:02:33.44100,1914.500,1
06:02:33.62100,1914.500,1
06:02:35.91400,1914.500,29
06:02:40.16400,1914.250,1
06:02:41.11700,1914.500,50
06:02:44.29600,1914.500,23
06:02:45.10100,1914.500,8
06:02:46.16000,1914.500,3
06:02:49.25300,1914.500,15
06:02:50.80400,1914.500,12
06:02:51.37500,1914.500,5
06:02:52.83200,1914.500,16
06:02:53.81200,1914.500,3
06:02:56.63600,1914.500,15
06:02:59.45700,1914.500,2
06:03:00.60100,1914.500,6
06:03:01.92100,1914.500,1
06:03:06.54200,1914.500,29
06:03:06.68300,1914.250,1
06:03:08.54600,1914.500,6
06:03:11.28900,1914.500,1
06:03:11.82000,1914.500,6
06:03:14.09700,1914.750,31
06:03:16.33500,1915.000,26
06:03:17.28100,1915.000,11
06:03:18.23800,1915.000,1
06:03:18.82000,1915.000,1
06:03:20.12800,1915.250,2
06:03:20.25700,1915.250,6
06:03:20.44100,1915.250,1
06:03:21.23000,1915.000,33
06:03:26.23000,1915.000,5
06:03:27.58900,1915.000,1
06:03:29.76900,1915.000,6
06:03:30.19100,1915.000,16
06:03:35.09700,1915.000,1
06:03:44.41400,1915.000,2
06:03:48.79600,1915.000,1
06:03:49.23000,1915.250,1
06:03:50.03500,1915.000,13
06:03:53.59300,1915.000,1
06:03:56.60500,1915.000,6
06:04:00.95700,1915.000,1
06:04:06.17900,1915.000,2
06:04:06.74200,1915.000,1
06:04:09.19900,1914.750,7
06:04:12.86700,1915.000,1
06:04:16.11700,1914.750,1
06:04:18.23000,1914.750,18
06:04:19.48400,1914.750,6
06:04:20.53100,1914.750,1
06:04:21.66400,1914.750,5
06:04:27.26100,1915.000,13
06:04:27.40600,1915.000,2
06:04:28.51900,1915.000,11
06:04:31.70700,1915.000,3
06:04:32.48000,1915.000,5
06:04:33.56600,1915.000,5
06:04:38.28500,1915.000,6
06:04:38.74600,1915.000,2
06:04:39.24200,1915.000,1
06:04:42.62800,1915.000,1
06:04:48.56600,1915.000,11
06:04:49.74200,1915.000,1
06:04:55.66400,1915.000,4
06:04:57.08900,1915.000,2
06:04:59.90200,1915.000,7
06:05:17.48400,1915.000,27
06:05:24.41400,1915.000,4
06:05:29.02300,1915.000,8
06:05:31.18300,1915.000,1
06:05:35.47200,1915.250,43
06:05:39.89000,1915.000,1
06:05:44.29600,1915.000,30
06:05:45.60100,1915.000,7
06:05:50.12100,1914.750,24
06:05:51.46400,1914.500,51
06:05:52.62100,1914.500,11
06:05:53.38200,1914.500,20
06:05:53.83200,1914.500,3
06:05:54.05800,1914.500,2
06:05:54.50000,1914.500,1
06:05:54.79600,1914.500,12
06:05:55.21800,1914.500,1
06:05:57.44900,1914.500,1
06:05:59.07000,1914.250,217
06:05:59.56200,1914.500,1
06:06:03.41000,1914.500,41
06:06:03.48000,1914.500,13
06:06:04.00700,1914.500,1
06:06:05.25300,1914.500,5
06:06:10.78900,1914.500,4
06:06:11.17500,1914.500,3
06:06:11.57000,1914.500,1
06:06:12.25700,1914.500,6
06:06:15.54600,1914.500,1
06:06:16.06600,1914.750,1
06:06:17.10900,1914.750,13
06:06:19.25000,1914.750,31
06:06:20.53100,1914.750,5
06:06:21.12100,1914.750,1
06:06:21.18300,1914.750,8
06:06:24.47200,1914.750,10
06:06:25.96000,1914.500,5
06:06:33.79200,1915.000,1
06:06:38.20700,1915.000,1
06:06:49.25700,1914.750,1
06:06:50.17100,1914.750,1
06:06:56.44500,1914.500,19
06:06:57.09300,1914.500,11
06:06:57.09700,1914.500,57
06:07:00.76900,1914.500,7
06:07:02.30400,1914.500,2
06:07:03.23400,1914.500,1
06:07:06.63600,1914.500,15
06:07:08.16400,1914.500,1
06:07:10.25300,1914.500,8
06:07:11.73400,1914.500,55
06:07:12.01500,1914.500,11
06:07:13.08500,1914.500,1
06:07:13.90600,1914.500,12
06:07:16.45300,1914.250,2
06:07:16.87800,1914.250,36
06:07:17.01500,1914.250,4
06:07:17.67100,1914.000,6
06:07:18.62800,1914.000,200
06:07:19.44500,1914.000,1
06:07:19.60100,1914.250,1
06:07:19.73400,1914.000,1
06:07:20.92100,1914.000,1
06:07:21.32000,1914.000,1
06:07:24.41700,1914.000,48
06:07:25.59300,1914.000,2
06:07:27.04600,1914.000,1
06:07:27.25000,1914.000,1
06:07:28.02700,1914.250,1
06:07:28.83500,1914.000,2
06:07:29.52300,1914.000,1
06:07:29.92100,1914.000,1
06:07:30.33900,1914.000,1
06:07:31.23000,1914.000,20
06:07:32.85900,1914.000,10
06:07:33.15200,1914.000,7
06:07:33.67100,1913.750,35
06:07:34.28900,1913.750,5
06:07:34.32000,1913.750,2
06:07:34.57000,1913.750,1
06:07:34.69900,1913.750,2
06:07:36.05000,1913.750,1
06:07:36.70300,1913.750,1
06:07:37.26900,1914.000,5
06:07:37.71800,1913.750,2
06:07:38.79600,1914.000,1
06:07:40.91000,1913.750,2
06:07:42.25300,1913.750,20
06:07:44.35100,1913.750,1
06:07:45.01500,1913.750,1
06:07:46.36700,1913.750,1
06:07:46.85100,1913.750,8
06:07:48.27300,1914.000,37
06:07:48.34700,1914.000,7
06:07:49.19100,1913.750,1
06:07:50.33900,1913.750,1
06:07:52.11300,1914.000,21
06:07:53.57000,1914.250,11
06:07:55.03900,1914.250,25
06:07:55.37500,1914.250,9
06:07:56.71000,1914.250,6
06:07:57.03900,1914.250,1
06:08:09.08900,1914.250,11
06:08:14.93300,1914.250,3
06:08:16.79200,1914.250,5
06:08:17.91700,1914.250,18
06:08:19.91000,1914.250,3
06:08:23.10900,1914.500,26
06:08:23.42500,1914.500,4
06:08:23.59300,1914.500,1
06:08:25.79600,1914.500,5
06:08:32.19100,1914.500,1
06:08:37.71400,1914.500,1
06:08:38.83200,1914.500,15
06:08:39.91400,1914.500,5
06:08:40.22200,1914.500,1
06:08:41.31200,1914.500,4
06:08:42.63600,1914.750,1
06:08:43.23000,1914.500,1
06:08:43.41400,1914.500,16
06:08:45.94900,1914.500,3
06:08:48.04600,1914.500,10
06:08:51.27700,1914.500,31
06:08:51.61300,1914.250,10
06:08:55.53900,1914.500,13
06:08:56.84700,1914.500,2
06:09:00.31600,1914.500,15
06:09:02.24600,1914.500,1
06:09:03.64000,1914.500,10
06:09:03.88200,1914.500,3
06:09:04.49200,1914.500,1
06:09:08.07400,1914.500,4
06:09:08.41700,1914.500,16
06:09:09.39000,1914.250,13
06:09:10.15600,1914.250,93
06:09:10.40600,1914.250,1
06:09:15.08500,1914.250,23
06:09:28.91700,1914.250,1
06:09:32.17500,1914.500,9
06:09:38.28100,1914.500,37
06:09:48.39000,1914.750,47
06:09:50.03500,1914.750,1
06:09:50.54200,1914.750,5
06:09:50.88600,1914.750,8
06:09:51.25300,1914.500,20
06:09:53.71800,1914.500,1
06:09:56.11700,1914.750,20
06:09:56.41400,1914.750,1
06:10:04.16400,1915.000,16
06:10:09.60500,1914.750,2
06:10:12.80800,1914.750,24
06:10:13.10900,1914.750,3
06:10:13.38600,1914.750,3
06:10:25.82800,1914.750,7
06:10:33.10900,1915.000,40
06:10:34.00000,1915.000,3
06:10:34.92900,1915.000,5
06:10:37.36300,1915.000,3
06:10:42.64800,1915.250,29
06:10:45.69500,1915.250,23
06:10:47.83900,1915.250,4
06:10:55.32000,1915.000,56
06:10:55.32800,1915.000,3
06:10:59.27300,1915.000,10
06:11:05.21400,1915.000,10
06:11:08.63200,1915.000,10
06:11:11.11300,1915.000,4
06:11:19.76900,1915.000,11
06:11:24.90200,1915.000,10
06:11:26.51900,1915.000,1
06:11:31.32800,1915.000,2
06:11:32.85900,1915.000,2
06:11:33.25000,1914.750,1
06:11:33.91400,1915.000,10
06:11:34.44900,1915.000,6
06:11:40.95300,1915.000,2
06:11:49.97200,1915.000,3
06:11:53.78900,1915.000,34
06:11:59.33900,1915.000,1
06:12:04.34700,1915.250,21
06:12:12.52700,1915.000,17
06:12:16.01500,1915.000,4
06:12:25.54600,1915.000,16
06:12:25.80400,1914.750,23
06:12:45.97200,1915.000,11
06:12:47.50300,1915.250,1
06:12:47.89800,1915.000,2
06:12:50.05000,1915.250,1
06:12:51.48000,1915.250,2
06:13:05.19500,1915.250,12
06:13:06.36700,1915.250,1
06:13:07.75300,1915.250,46
06:13:08.26900,1915.250,1
06:13:12.04600,1915.250,1
06:13:12.37500,1915.250,2
06:13:13.35100,1915.250,23
06:13:17.43300,1915.000,11
06:13:19.39400,1915.250,1
06:13:25.50000,1915.000,4
06:13:27.64000,1915.000,17
06:13:30.75300,1914.750,18
06:13:31.02700,1914.750,12
06:13:33.57800,1914.750,12
06:13:34.08200,1914.750,5
06:13:34.65600,1914.500,29
06:13:34.91400,1914.500,22
06:13:36.00000,1914.500,20
06:13:41.02700,1914.500,11
06:13:41.26500,1914.500,2
06:13:42.88600,1914.500,2
06:13:45.74600,1914.500,1
06:13:46.00000,1914.500,4
06:13:46.81200,1914.500,3
06:13:48.64800,1914.500,1
06:13:52.38600,1914.000,46
06:13:52.60100,1914.250,1
06:13:55.15200,1914.250,21
06:13:59.80400,1914.500,10
06:14:03.36700,1914.500,18
06:14:03.82400,1914.500,10
06:14:11.05000,1914.250,2
06:14:12.57000,1914.250,1
06:14:14.10500,1914.500,3
06:14:14.42100,1914.500,3
06:14:17.41000,1914.500,2
06:14:20.29600,1914.500,11
06:14:25.55400,1914.500,16
06:14:28.41700,1914.500,1
06:14:34.93300,1914.500,14
06:14:36.46800,1914.750,1
06:14:38.10900,1914.750,32
06:14:38.48400,1914.750,17
06:14:42.30000,1914.750,27
06:14:47.64800,1914.750,5
06:14:49.08200,1915.000,3
06:14:51.60900,1914.750,4
06:14:53.87800,1914.750,1
06:14:56.64000,1914.750,24
06:15:10.38200,1915.000,82
06:15:14.22600,1915.000,2
06:15:22.66700,1914.750,1
06:15:37.02700,1914.750,16
06:15:37.31200,1915.000,10
06:15:47.60500,1914.750,27
06:15:50.83500,1914.500,79
06:15:51.71000,1914.250,28
06:15:51.97200,1914.250,59
06:15:55.76500,1914.250,1
06:15:56.22200,1914.250,31
06:15:56.23800,1914.250,26
06:15:56.67500,1914.250,6
06:15:56.76500,1914.000,18
06:15:57.39400,1914.000,18
06:15:59.05400,1914.000,1
06:16:00.39800,1914.000,2
06:16:01.44100,1914.000,33
06:16:02.41400,1914.000,12
06:16:02.81600,1914.000,13
06:16:03.00300,1914.250,1
06:16:03.26900,1914.000,1
06:16:04.50000,1914.250,1
06:16:07.34700,1914.250,26
06:16:07.85900,1914.250,4
06:16:08.20700,1914.250,8
06:16:13.77300,1914.250,1
06:16:14.95700,1914.250,22
06:16:19.85500,1914.250,2
06:16:20.55400,1914.250,2
06:16:21.92100,1914.250,34
06:16:27.24600,1914.250,1
06:16:28.47600,1914.250,45
06:16:29.79200,1914.250,33
06:16:32.69900,1914.000,50
06:16:33.57000,1914.000,2
06:16:34.77300,1914.000,1
06:16:35.66700,1914.000,1
06:16:36.00300,1914.250,21
06:16:41.12100,1914.250,7
06:16:44.84300,1914.250,11
06:16:45.73000,1914.250,7
06:16:46.77700,1914.500,2
06:16:46.92500,1914.500,1
06:16:47.48000,1914.250,9
06:16:47.77300,1914.250,3
06:16:52.40200,1914.000,10
06:16:52.89000,1914.000,5
06:16:56.21400,1914.250,2
06:16:56.63600,1914.250,1
06:16:56.96800,1914.250,11
06:16:58.04600,1914.250,10
06:16:58.26100,1914.250,1
06:16:58.77700,1914.250,6
06:17:02.19100,1914.250,6
06:17:03.29200,1914.250,6
06:17:04.10100,1914.250,5
06:17:23.83500,1914.250,1
06:17:36.24200,1914.250,31
06:17:36.50300,1914.250,34
06:17:39.92500,1914.250,2
06:17:52.21400,1914.500,57
06:17:56.97200,1914.500,10
06:18:01.69500,1914.000,50
06:18:02.41400,1914.000,3
06:18:05.08500,1913.750,27
06:18:05.21000,1914.000,3
06:18:05.72600,1914.000,5
06:18:07.00300,1914.000,1
06:18:07.39800,1914.250,2
06:18:08.72200,1913.750,1
06:18:09.38200,1914.000,11
06:18:09.57400,1914.000,4
06:18:10.01900,1914.000,2
06:18:11.24200,1913.750,65
06:18:13.53500,1913.750,9
06:18:13.79200,1913.750,1
06:18:14.16000,1913.750,1
06:18:15.26100,1913.750,4
06:18:15.57800,1913.500,13
06:18:15.67100,1913.500,1
06:18:16.46000,1913.750,19
06:18:16.85100,1913.500,2
06:18:17.54600,1913.750,1
06:18:18.80800,1913.500,22
06:18:20.28900,1913.500,1
06:18:20.60100,1913.750,2
06:18:23.09700,1913.500,8
06:18:23.92500,1913.750,10
06:18:24.29200,1913.750,26
06:18:24.56600,1913.500,2
06:18:24.84300,1913.750,1
06:18:27.48400,1913.750,19
06:18:27.92100,1913.500,29
06:18:28.16700,1913.750,1
06:18:28.78500,1913.750,1
06:18:34.43300,1913.750,2
06:18:34.51500,1913.750,12
06:18:36.69900,1913.750,1
06:18:37.34300,1913.750,5
06:18:40.87800,1913.750,1
06:18:43.14400,1914.000,1
06:18:46.42100,1913.750,17
06:18:49.33900,1913.750,1
06:18:50.55800,1913.750,43
06:18:51.51100,1913.750,8
06:18:51.81200,1913.750,9
06:18:52.51100,1913.500,13
06:18:53.07400,1913.500,1
06:18:56.87500,1913.500,1
06:18:59.07400,1913.750,1
06:19:00.45300,1913.750,6
06:19:00.88600,1913.750,5
06:19:07.52700,1914.000,4
06:19:08.05000,1914.000,1
06:19:10.27300,1914.000,9
06:19:16.27300,1913.750,10
06:19:16.92900,1913.500,4
06:19:19.55000,1913.500,146
06:19:19.64800,1913.500,21
06:19:19.80400,1913.250,1
06:19:19.80400,1913.250,29
06:19:20.32400,1913.250,4
06:19:20.55400,1913.500,1
06:19:20.88200,1913.500,10
06:19:21.54200,1913.250,5
06:19:25.44500,1913.250,28
06:19:27.63200,1913.250,1
06:19:28.76500,1913.250,266
06:19:29.14800,1913.250,4
06:19:29.28100,1913.250,9
06:19:29.44100,1913.250,8
06:19:30.81600,1913.000,96
06:19:31.37500,1913.000,1
06:19:32.39400,1913.000,2
06:19:33.57800,1913.000,1
06:19:37.73400,1913.250,4
06:19:38.51900,1913.250,1
06:19:39.12800,1913.000,71
06:19:39.31600,1913.000,1
06:19:40.01500,1913.000,1
06:19:41.25700,1913.000,1
06:19:42.33900,1913.000,1
06:19:42.87500,1913.000,1
06:19:46.47600,1913.000,12
06:19:48.40600,1913.000,1
06:19:48.76500,1913.250,58
06:19:48.95700,1913.250,19
06:19:49.33200,1913.250,17
06:19:49.58500,1913.000,32
06:19:49.79600,1913.250,1
06:19:52.44100,1913.000,32
06:19:52.88600,1913.000,19
06:19:53.66400,1913.000,1
06:19:54.46800,1912.750,16
06:19:57.40600,1912.750,2
06:19:57.60100,1913.000,5
06:19:57.79600,1913.000,14
06:19:57.83900,1913.250,1
06:19:58.00300,1913.000,31
06:19:58.77700,1913.250,1
06:19:59.04600,1913.000,1
06:19:59.49200,1913.000,6
06:20:00.78900,1912.750,213
06:20:01.20700,1912.750,15
06:20:01.48800,1912.750,1
06:20:01.77700,1912.750,1
06:20:02.16400,1912.750,10
06:20:02.93700,1912.750,7
06:20:03.15200,1912.750,2
06:20:03.29200,1912.750,1
06:20:03.63200,1912.750,2
06:20:04.25000,1912.750,7
06:20:04.54200,1912.500,2
06:20:05.35500,1912.500,10
06:20:05.78900,1912.750,3
06:20:06.82400,1912.750,1
06:20:09.00000,1912.750,1
06:20:09.30800,1912.750,71
06:20:09.45300,1912.750,3
06:20:09.57400,1912.750,4
06:20:09.86300,1912.750,3
06:20:10.77300,1912.750,44
06:20:11.52300,1912.750,4
06:20:11.96800,1913.000,1
06:20:12.85100,1913.000,1
06:20:13.38600,1912.750,1
06:20:16.44900,1912.750,9
06:20:18.37800,1912.750,4
06:20:20.34700,1912.000,922
06:20:20.48400,1912.250,18
06:20:20.66000,1912.500,5
06:20:21.09700,1912.250,1
06:20:22.18700,1912.500,7
06:20:22.64000,1912.500,1
06:20:23.06200,1912.250,173
06:20:23.23400,1912.000,100
06:20:23.73000,1912.000,9
06:20:23.93700,1912.250,41
06:20:25.12100,1912.250,10
06:20:25.75300,1912.500,27
06:20:26.48400,1912.250,50
06:20:27.15600,1912.250,18
06:20:28.23400,1912.250,1
06:20:28.84700,1912.250,16
06:20:29.02700,1912.250,2
06:20:29.64400,1912.250,3
06:20:29.85900,1912.250,2
06:20:30.84700,1912.250,3
06:20:31.92900,1912.250,4
06:20:32.08200,1912.250,1
06:20:34.94500,1912.250,9
06:20:38.21000,1912.000,4
06:20:38.55400,1912.250,81
06:20:40.82400,1911.750,148
06:20:41.10100,1912.250,1
06:20:41.60900,1912.250,1
06:20:43.60100,1912.000,1
06:20:47.05800,1912.250,24
06:20:47.67500,1912.250,1
06:20:48.59300,1912.250,1
06:20:50.65600,1912.250,1
06:20:51.83200,1912.250,10
06:20:53.12800,1912.000,10
06:20:53.59300,1912.250,1
06:20:54.58500,1912.000,1
06:20:55.07000,1912.000,43
06:20:56.37800,1912.250,22
06:20:57.26100,1912.250,11
06:20:58.27700,1912.250,1
06:21:02.07800,1912.000,35
06:21:03.38600,1912.000,2
06:21:05.46000,1912.000,2
06:21:05.76500,1912.250,6
06:21:06.67900,1912.000,28
06:21:06.95700,1912.250,26
06:21:07.55800,1912.000,2
06:21:07.67100,1912.000,4
06:21:07.81200,1912.000,2
06:21:09.06200,1911.750,1
06:21:10.07800,1912.000,5
06:21:10.50300,1911.750,107
06:21:10.73000,1911.750,2
06:21:11.10900,1911.750,1
06:21:11.75000,1911.750,4
06:21:13.46400,1911.750,1
06:21:17.05800,1911.750,10
06:21:17.95700,1911.750,1
06:21:18.10100,1911.750,1
06:21:19.56200,1912.000,48
06:21:20.25700,1912.250,1
06:21:20.37800,1912.250,6
06:21:25.35900,1912.000,10
06:21:26.71400,1912.000,1
06:21:32.14400,1912.000,1
06:21:32.67100,1912.250,1
06:21:35.23000,1912.000,10
06:21:35.48000,1912.000,1
06:21:37.25300,1912.250,40
06:21:37.69100,1912.500,75
06:21:38.53500,1912.250,1
06:21:39.44500,1912.500,33
06:21:40.52300,1912.750,52
06:21:41.38200,1912.750,1
06:21:42.39000,1912.750,25
06:21:44.03500,1912.750,1
06:21:46.80800,1912.500,10
06:21:47.79200,1912.500,28
06:21:48.66400,1912.500,4
06:21:49.12500,1912.500,14
06:21:49.87100,1912.500,8
06:21:51.08900,1912.500,2
06:21:53.94500,1912.500,11
06:21:54.79200,1912.500,4
06:21:55.12100,1912.500,5
06:21:55.89800,1912.500,2
06:21:56.25300,1912.500,8
06:21:59.21800,1912.500,20
06:21:59.79600,1912.500,3
06:21:59.94100,1912.500,1
06:22:00.92500,1912.500,21
06:22:02.67500,1912.250,1
06:22:03.96000,1912.250,1
06:22:04.48000,1912.500,2
06:22:05.54600,1912.500,1
06:22:07.68300,1912.500,42
06:22:09.07000,1912.500,17
06:22:09.12800,1912.500,8
06:22:09.75300,1912.500,2
06:22:10.26500,1912.500,8
06:22:10.49200,1912.750,3
06:22:13.00700,1912.500,1
06:22:13.25300,1912.500,1
06:22:13.77300,1912.500,10
06:22:15.58900,1912.500,12
06:22:17.38600,1912.500,5
06:22:18.47200,1912.000,44
06:22:18.80000,1912.250,8
06:22:19.19900,1912.500,3
06:22:22.03100,1912.250,11
06:22:24.74200,1912.250,12
06:22:24.85900,1912.250,2
06:22:25.31600,1912.250,11
06:22:25.60100,1912.250,2
06:22:28.96000,1912.250,16
06:22:29.12800,1912.000,1
06:22:34.25000,1912.000,1
06:22:34.88600,1912.250,146
06:22:35.16000,1912.000,1
06:22:37.65600,1912.000,17
06:22:39.54200,1912.000,1
06:22:41.50700,1912.000,7
06:22:41.55400,1912.000,9
06:22:43.46400,1912.250,68
06:22:44.39800,1912.250,2
06:22:46.19500,1912.250,10
06:22:56.26900,1912.250,32
06:22:59.89400,1912.000,78
06:23:01.20700,1912.000,64
06:23:05.50700,1912.250,21
06:23:05.96000,1912.250,8
06:23:06.19100,1912.250,6
06:23:09.87100,1912.250,14
06:23:10.06200,1912.000,3
06:23:10.58900,1912.250,1
06:23:12.39000,1912.250,2
06:23:14.17500,1912.250,20
06:23:15.27300,1912.250,2
06:23:16.72600,1912.250,1
06:23:19.25000,1912.000,27
06:23:22.31600,1912.250,1
06:23:26.44900,1912.250,1
06:23:28.21400,1912.000,135
06:23:33.94500,1912.250,23
06:23:35.12100,1912.250,1
06:23:40.55400,1912.250,2
06:23:44.38600,1912.250,1
06:23:48.06600,1912.250,2
06:23:48.29200,1912.250,29
06:23:48.29200,1912.250,3
06:23:51.23800,1912.500,1
06:23:51.53100,1912.250,1
06:23:54.39000,1912.250,1
06:24:01.84300,1912.250,2
06:24:08.42900,1912.500,100
06:24:08.88600,1912.500,47
06:24:09.29200,1912.750,55
06:24:11.07000,1912.750,38
06:24:11.57800,1912.750,7
06:24:12.25300,1912.500,2
06:24:15.52700,1912.500,10
06:24:22.40600,1912.500,1
06:24:25.49600,1912.750,6
06:24:25.54200,1912.500,1
06:24:27.28100,1912.500,1
06:24:30.68700,1912.750,1
06:24:36.43300,1912.750,108
06:24:37.04200,1912.750,1
06:24:37.77300,1912.750,15
06:24:38.50700,1912.500,1
06:24:41.88200,1912.500,1
06:24:42.28500,1912.750,495
06:24:42.58200,1912.500,225
06:24:43.14800,1912.750,10
06:24:43.80000,1912.500,138
06:24:47.94500,1912.250,25
06:24:48.14400,1912.250,2
06:24:48.14400,1912.250,33
06:24:48.28100,1912.000,3
06:24:49.40600,1912.250,1
06:24:51.15600,1912.250,2
06:24:51.67100,1912.250,3
06:24:54.03900,1912.250,6
06:24:55.12800,1912.250,6
06:24:58.57800,1912.500,20
06:24:59.85100,1912.500,1
06:25:00.35900,1912.500,16
06:25:01.34300,1912.250,1
06:25:08.44100,1912.500,9
06:25:10.27700,1912.500,1
06:25:18.10900,1912.500,5
06:25:19.30000,1912.500,5
06:25:28.08500,1912.750,1
06:25:28.93700,1912.500,15
06:25:29.27700,1912.750,9
06:25:30.89400,1912.250,36
06:25:31.69900,1912.500,1
06:25:32.18300,1912.500,20
06:25:32.25300,1912.500,13
06:25:34.07400,1912.500,11
06:25:37.32400,1912.500,18
06:25:37.76500,1912.500,1
06:25:39.86300,1912.500,1
06:25:40.92500,1912.500,9
06:25:41.95300,1912.750,1
06:25:43.78500,1912.500,6
06:25:45.56200,1912.250,36
06:25:46.68300,1912.000,53
06:25:46.81600,1912.250,1
06:25:47.08500,1912.250,8
06:25:53.97200,1912.000,1
06:25:57.57400,1912.000,13
06:25:57.69900,1912.000,15
06:26:03.46000,1912.000,17
06:26:05.09700,1912.000,12
06:26:05.51100,1912.000,1
06:26:06.53500,1912.000,2
06:26:08.51500,1911.750,30
06:26:09.35100,1912.000,2
06:26:11.05800,1911.750,22
06:26:11.57000,1912.250,1
06:26:12.75700,1912.000,3
06:26:14.64400,1911.750,1
06:26:14.81200,1911.750,53
06:26:15.87500,1911.750,10
06:26:19.21000,1911.750,1
06:26:19.26900,1911.750,12
06:26:20.52300,1912.000,2
06:26:22.09300,1912.000,1
06:26:23.90200,1911.750,4
06:26:24.21000,1912.000,1
06:26:25.62500,1912.000,101
06:26:25.85100,1912.000,28
06:26:26.18300,1912.000,1
06:26:26.89000,1912.000,6
06:26:28.53900,1912.000,1
06:26:29.28100,1912.000,9
06:26:30.11300,1912.000,10
06:26:33.18700,1912.000,28
06:26:33.50300,1912.000,32
06:26:34.68300,1912.000,2
06:26:36.62800,1912.000,8
06:26:37.20300,1912.000,2
06:26:38.38600,1912.000,7
06:26:41.73400,1912.000,10
06:26:42.02300,1912.000,5
06:26:42.26900,1912.000,3
06:26:42.37800,1912.250,2
06:26:48.34700,1912.000,4
06:26:50.44900,1912.000,25
06:26:50.69500,1911.750,26
06:26:50.94100,1911.750,1
06:26:51.11700,1912.000,6
06:26:51.19100,1912.000,1
06:26:51.36300,1912.000,1
06:26:51.52700,1912.000,1
06:26:52.73800,1911.750,37
06:26:53.34700,1912.000,1
06:26:58.72200,1912.000,22
06:27:02.23800,1912.000,3
06:27:02.50300,1912.000,86
06:27:10.46400,1912.500,42
06:27:10.96800,1912.250,6
06:27:13.83500,1912.250,6
06:27:14.15200,1912.500,1
06:27:15.71400,1912.500,1
06:27:16.62800,1912.500,2
06:27:18.52300,1912.500,1
06:27:20.71800,1912.500,1
06:27:20.88600,1912.250,2
06:27:21.80400,1912.500,1
06:27:25.05400,1912.250,4
06:27:28.42900,1912.250,2
06:27:30.75000,1912.500,25
06:27:33.46400,1912.500,1
06:27:33.64400,1912.500,1
06:27:33.79200,1912.500,1
06:27:34.45700,1912.500,25
06:27:35.91700,1912.500,4
06:27:43.02300,1912.500,19
06:27:44.96400,1912.500,22
06:27:45.25000,1912.500,1
06:27:46.06600,1912.500,3
06:27:50.89400,1912.500,7
06:28:03.24200,1912.500,87
06:28:08.72600,1912.750,1
06:28:10.32000,1912.750,66
06:28:14.75700,1913.000,4
06:28:15.15600,1913.000,68
06:28:15.38200,1913.000,1
06:28:16.40600,1913.250,6
06:28:16.55800,1913.000,2
06:28:17.67900,1913.250,1
06:28:17.88200,1913.250,10
06:28:17.96400,1913.000,89
06:28:19.94500,1913.250,37
06:28:22.07000,1913.250,1
06:28:25.18700,1913.000,2
06:28:28.17500,1913.000,1
06:28:28.32400,1913.250,1
06:28:28.92100,1913.000,1
06:28:31.03100,1913.250,38
06:28:33.14400,1913.000,24
06:28:37.32400,1913.250,82
06:28:43.26900,1913.500,11
06:28:43.48400,1913.250,1
06:28:43.61700,1913.250,18
06:28:44.64000,1913.250,24
06:28:44.87500,1913.000,2
06:28:45.01900,1913.250,1
06:28:45.61300,1913.000,3
06:28:48.23000,1913.000,69
06:28:48.55800,1913.000,25
06:28:50.77300,1913.000,5
06:28:54.96800,1913.250,11
06:28:56.49600,1913.250,6
06:28:56.80400,1913.250,2
06:28:57.29200,1913.000,1
06:29:01.24600,1913.500,59
06:29:01.74200,1913.500,5
06:29:01.81600,1913.250,1
06:29:02.06200,1913.250,1
06:29:02.24200,1913.250,1
06:29:04.00700,1913.500,41
06:29:04.63600,1913.500,1
06:29:05.05800,1913.500,1
06:29:06.25000,1913.750,45
06:29:07.06200,1913.750,13
06:29:07.95300,1913.750,1
06:29:09.02300,1913.750,37
06:29:09.97200,1913.750,10
06:29:10.39000,1913.750,33
06:29:10.63200,1913.500,28
06:29:11.62800,1913.750,1
06:29:11.70300,1913.750,1
06:29:13.66700,1913.750,2
06:29:14.13600,1913.500,1
06:29:15.02700,1913.750,1
06:29:15.17100,1913.750,2
06:29:17.73800,1913.500,1
06:29:19.77700,1913.750,64
06:29:19.91400,1913.750,37
06:29:20.23800,1913.500,1
06:29:20.55800,1913.750,1
06:29:21.28500,1913.500,2
06:29:24.88600,1913.750,15
06:29:26.37500,1913.750,5
06:29:26.84700,1913.750,2
06:29:27.47600,1913.750,9
06:29:27.48000,1913.750,4
06:29:27.62800,1913.750,1
06:29:30.08900,1913.750,3
06:29:32.95700,1913.500,1
06:29:34.87500,1913.750,29
06:29:35.40200,1913.500,9
06:29:35.96400,1913.750,9
06:29:38.94500,1913.750,65
06:29:42.00000,1914.000,23
06:29:42.62500,1914.000,1
06:29:42.81200,1914.000,2
06:29:43.57400,1913.750,1
06:29:45.08200,1913.750,20
06:29:45.69900,1913.750,1
06:29:47.30000,1914.000,2
06:29:49.92100,1913.750,27
06:29:50.35500,1913.750,101
06:29:53.14800,1914.000,26
06:29:53.66400,1914.000,1
06:29:55.00000,1914.000,2
06:29:56.23000,1914.000,1
06:29:57.01500,1914.000,1
06:29:57.15600,1914.000,1
06:29:57.66400,1914.000,17
06:29:58.21800,1914.000,1
06:29:59.71000,1914.000,1
06:30:01.74600,1914.000,26
06:30:03.42100,1913.750,8
06:30:03.46400,1913.750,46
06:30:03.81600,1913.750,1
06:30:04.12500,1913.500,1
06:30:04.18300,1913.500,1
06:30:04.90200,1913.750,1
06:30:05.76900,1913.750,1
06:30:06.11300,1913.750,1
06:30:06.40600,1913.500,1
06:30:07.63200,1913.750,1
06:30:08.57000,1913.750,81
06:30:10.43700,1913.500,2
06:30:11.06200,1913.750,1
06:30:12.67100,1913.500,1
06:30:13.19900,1913.750,10
06:30:13.58500,1913.500,3
06:30:13.74200,1913.750,1
06:30:16.62500,1913.750,1
06:30:18.03100,1913.750,2
06:30:19.58200,1913.750,10
06:30:20.75000,1913.750,2
06:30:22.16400,1913.750,1
06:30:24.34300,1913.500,3
06:30:25.75700,1913.500,338
06:30:25.87100,1913.250,76
06:30:26.30400,1913.250,1
06:30:27.80000,1913.250,1
06:30:29.08200,1913.000,1
06:30:34.02700,1913.000,10
06:30:41.75700,1913.250,1
06:30:45.85500,1913.000,1
06:30:46.61700,1913.250,69
06:30:47.34300,1913.500,1
06:30:50.03900,1913.500,26
06:30:51.02700,1913.500,1
06:30:52.78500,1913.500,1
06:30:59.26900,1913.250,29
06:31:00.04600,1913.500,75
06:31:00.06200,1913.500,42
06:31:00.19100,1913.500,6
06:31:02.08900,1913.500,21
06:31:06.70300,1913.250,1
06:31:07.29600,1913.500,1
06:31:12.83900,1913.250,2
06:31:16.04600,1913.250,1
06:31:20.42500,1913.500,9
06:31:23.34700,1913.250,1
06:31:25.33200,1913.500,1
06:31:29.04600,1913.500,26
06:31:34.89400,1913.750,44
06:31:35.78500,1913.500,28
06:31:37.25300,1913.750,1
06:31:37.91400,1913.750,13
06:31:38.30000,1913.500,78
06:31:38.66700,1913.750,33
06:31:39.30000,1913.750,1
06:31:41.09700,1913.500,2
06:31:46.78900,1913.500,9
06:31:47.20700,1913.500,3
06:31:54.75000,1913.500,1
06:31:55.92900,1913.750,29
06:31:58.93700,1913.750,8
06:31:59.17900,1913.500,2
06:31:59.72600,1913.500,1
06:32:00.49200,1913.500,4
06:32:00.76100,1913.500,2
06:32:01.03500,1913.500,1
06:32:01.74600,1913.750,1
06:32:02.41400,1913.500,3
06:32:03.05800,1913.500,1
06:32:03.36300,1913.500,21
06:32:05.42500,1913.500,5
06:32:05.67900,1913.500,1
06:32:11.00000,1913.500,5
06:32:14.51500,1913.500,12
06:32:14.82400,1913.500,1
06:32:24.67500,1913.250,1
06:32:32.00000,1913.500,10
06:32:35.10500,1913.750,1
06:32:36.77300,1913.500,3
06:32:41.71800,1913.500,1
06:32:43.69500,1913.500,1
06:32:45.86300,1913.500,12
06:32:54.68700,1913.500,6
06:33:00.87500,1913.750,48
06:33:06.79200,1913.750,24
06:33:08.32400,1913.750,2
06:33:08.55000,1913.750,1
06:33:09.03100,1913.750,1
06:33:13.31600,1913.750,7
06:33:16.64400,1913.500,28
06:33:17.57000,1913.250,2
06:33:31.91400,1913.250,1
06:33:32.37500,1913.500,1
06:33:33.75300,1913.500,1
06:33:37.01100,1913.500,28
06:33:38.44900,1913.500,5
06:33:40.23800,1913.500,13
06:33:40.87500,1913.500,9
06:33:42.20300,1913.500,3
06:33:45.48000,1913.500,1
06:33:47.46800,1913.250,30
06:33:56.82400,1913.250,1
06:33:57.67100,1913.000,1
06:34:03.09700,1913.000,6
06:34:03.28100,1913.250,1
06:34:04.17100,1913.000,1
06:34:06.37800,1913.250,1
06:34:09.25000,1913.250,24
06:34:09.89400,1913.250,19
06:34:10.85900,1913.250,1
06:34:16.30400,1913.000,1
06:34:18.28900,1913.250,1
06:34:22.73000,1913.250,1
06:34:24.65600,1913.250,17
06:34:24.83500,1913.250,1
06:34:26.12100,1913.000,150
06:34:26.54600,1913.250,1
06:34:32.39000,1913.250,2
06:34:34.43300,1913.000,1
06:34:36.45300,1913.250,1
06:34:38.53500,1913.000,1
06:34:43.10900,1913.250,1
06:34:44.26900,1913.000,1
06:34:48.27700,1913.250,1
06:34:50.42100,1913.000,21
06:34:51.40200,1913.000,2
06:34:53.14400,1913.000,1
06:34:54.87100,1913.000,1
06:34:55.47600,1912.500,62
06:34:56.48800,1912.500,1
06:34:58.63600,1912.500,2
06:34:59.53500,1912.500,1
06:35:00.68700,1912.750,83
06:35:01.08900,1912.750,5
06:35:01.17900,1912.750,1
06:35:04.26900,1912.500,38
06:35:05.57000,1912.500,11
06:35:06.03500,1912.500,1
06:35:07.10900,1912.750,1
06:35:08.83200,1912.500,1
06:35:12.68700,1912.500,12
06:35:13.63200,1912.500,3
06:35:14.83900,1912.250,74
06:35:15.68700,1912.250,8
06:35:16.86700,1912.250,1
06:35:18.11300,1912.250,4
06:35:18.87800,1912.250,8
06:35:19.89400,1912.500,5
06:35:22.08900,1912.250,29
06:35:22.25700,1912.000,70
06:35:24.01900,1912.250,10
06:35:24.37500,1912.250,9
06:35:26.08900,1912.000,10
06:35:26.38200,1912.000,4
06:35:26.73000,1912.000,1
06:35:27.38200,1912.000,1
06:35:27.62100,1912.000,2
06:35:27.73800,1912.000,3
06:35:29.21000,1912.000,1
06:35:30.76900,1912.000,2
06:35:32.12500,1912.000,20
06:35:32.33500,1911.750,43
06:35:32.47600,1911.750,36
06:35:33.39400,1912.000,26
06:35:35.30400,1911.750,1
06:35:36.28900,1911.750,2
06:35:44.38600,1911.750,1
06:35:45.01500,1912.000,45
06:35:45.67500,1912.000,2
06:35:45.90200,1912.000,1
06:35:46.38200,1912.000,7
06:35:47.10100,1912.000,6
06:35:47.91400,1912.000,1
06:35:48.41400,1912.000,10
06:35:48.75000,1912.000,7
06:35:49.11300,1912.000,1
06:35:50.21400,1912.000,15
06:35:50.48400,1912.000,7
06:35:51.37100,1912.000,1
06:35:54.23800,1912.250,11
06:35:54.40600,1912.000,1
06:35:55.25700,1912.000,11
06:35:55.40600,1912.000,5
06:35:55.69100,1912.000,3
06:35:55.88200,1912.000,3
06:35:56.12500,1912.000,1
06:35:58.32800,1912.000,1
06:35:58.59700,1912.000,1
06:36:06.26900,1912.000,8
06:36:07.90200,1912.000,20
06:36:08.50700,1912.000,1
06:36:10.10900,1912.000,1
06:36:13.34700,1912.000,5
06:36:14.95300,1912.000,2
06:36:16.79200,1912.250,1
06:36:19.13600,1912.000,1
06:36:19.63200,1912.250,208
06:36:20.02300,1912.250,73
06:36:21.32800,1912.250,42
06:36:22.75000,1912.250,3
06:36:23.00300,1912.250,6
06:36:23.23400,1912.500,2
06:36:26.44100,1912.250,1
06:36:28.40600,1912.250,10
06:36:36.94500,1912.000,2
06:36:39.11700,1912.000,1
06:36:40.66400,1912.250,8
06:36:41.95300,1912.250,11
06:36:42.69100,1912.250,7
06:36:45.65200,1912.500,1
06:36:46.86300,1912.250,51
06:36:47.30400,1912.250,3
06:36:51.12500,1912.000,2
06:36:52.42100,1912.250,2
06:36:55.82400,1912.250,11
06:36:58.11300,1912.250,1
06:36:59.50700,1912.250,1
06:37:01.26100,1912.000,96
06:37:01.41000,1912.000,2
06:37:01.55000,1912.000,3
06:37:02.94500,1912.000,5
06:37:03.52700,1912.250,1
06:37:08.18700,1912.250,36
06:37:11.94100,1912.000,1
06:37:14.02700,1912.250,15
06:37:14.24200,1912.250,1
06:37:14.40200,1912.250,2
06:37:20.40200,1912.250,30
06:37:22.53900,1912.250,3
06:37:23.91400,1912.250,8
06:37:25.45700,1912.250,8
06:37:27.12800,1912.250,1
06:37:31.17900,1912.000,101
06:37:31.28500,1912.250,1
06:37:31.73800,1912.000,22
06:37:35.51500,1912.000,21
06:37:40.50300,1912.250,23
06:37:40.66700,1912.250,3
06:37:40.82400,1912.000,76
06:37:42.53900,1912.000,6
06:37:42.64800,1912.000,3
06:37:46.17100,1912.000,1
06:37:49.03500,1911.750,1
06:37:50.60500,1912.000,1
06:37:53.73400,1911.750,2
06:37:54.32400,1912.000,8
06:37:54.48800,1912.000,1
06:37:56.45700,1912.250,1
06:37:58.53100,1912.000,2
06:38:02.94900,1912.000,20
06:38:05.73800,1912.000,1
06:38:06.67100,1912.000,8
06:38:11.63200,1912.250,30
06:38:13.00700,1912.250,22
06:38:14.96400,1912.250,5
06:38:24.16700,1912.250,6
06:38:25.66700,1912.250,2
06:38:27.27300,1912.250,12
06:38:30.76500,1912.250,5
06:38:31.54600,1912.250,1
06:38:36.63600,1912.250,4
06:38:41.33200,1912.250,16
06:38:42.28900,1912.250,1
06:38:46.71000,1912.000,4
06:38:47.03500,1912.000,4
06:38:47.30800,1911.750,69
06:38:47.31200,1911.750,7
06:38:48.55000,1911.750,2
06:38:48.71800,1911.750,2
06:38:49.27300,1911.750,1
06:38:50.45700,1911.750,3
06:38:51.77300,1912.000,2
06:38:55.13200,1911.750,51
06:38:56.31600,1911.750,3
06:38:58.80800,1911.750,3
06:39:07.64400,1912.250,11
06:39:10.22200,1912.250,26
06:39:10.97200,1912.250,3
06:39:11.32400,1912.000,1
06:39:25.96000,1912.000,2
06:39:26.21000,1912.000,1
06:39:26.57800,1912.000,1
06:39:27.19500,1912.250,9
06:39:30.68300,1912.250,2
06:39:37.82000,1912.000,54
06:39:37.82000,1912.000,56
06:39:38.22200,1912.250,1
06:39:38.44500,1912.250,3
06:39:41.80000,1912.250,1
06:39:51.31600,1912.250,13
06:39:53.50000,1912.500,3
06:39:57.60900,1912.500,10
06:39:58.78900,1912.500,1
06:39:59.63200,1912.250,2
06:40:07.41400,1912.500,36
06:40:07.73400,1912.500,2
06:40:11.59700,1912.500,8
06:40:11.67900,1912.500,7
06:40:13.43300,1912.500,4
06:40:13.50700,1912.500,1
06:40:18.73800,1912.500,2
06:40:19.10100,1912.500,2
06:40:24.78100,1912.750,3
06:40:25.50700,1912.750,1
06:40:26.83900,1912.750,43
06:40:27.13600,1912.750,18
06:40:31.00700,1912.750,1
06:40:31.82400,1912.750,2
06:40:31.88600,1912.500,16
06:40:32.00000,1912.500,10
06:40:35.83200,1912.250,1
06:40:43.46400,1912.250,27
06:40:44.25300,1912.500,1
06:40:46.65200,1912.250,1
06:40:58.46000,1912.500,12
06:41:08.10900,1912.250,2
06:41:08.41000,1912.250,1
06:41:09.66000,1912.500,1
06:41:10.75300,1912.250,16
06:41:13.33500,1912.000,39
06:41:16.66400,1912.000,3
06:41:17.51100,1912.250,12
06:41:17.84700,1912.250,14
06:41:18.54200,1912.000,1
06:41:18.83200,1912.000,1
06:41:19.05000,1912.000,1
06:41:19.20700,1912.000,1
06:41:19.29600,1912.000,1
06:41:23.46000,1912.000,10
06:41:27.10500,1912.000,1
06:41:28.32000,1912.000,9
06:41:29.27700,1912.000,1
06:41:29.66400,1912.000,1
06:41:30.38200,1912.000,1
06:41:33.36300,1912.000,14
06:41:35.39800,1912.000,5
06:41:36.50000,1912.000,1
06:41:38.86300,1912.000,1
06:41:39.41000,1912.000,1
06:41:45.32400,1912.250,26
06:41:51.64800,1912.000,25
06:41:54.03500,1911.750,56
06:41:55.96400,1911.750,27
06:41:56.75700,1911.500,23
06:41:57.96400,1911.750,20
06:41:58.26500,1911.750,1
06:41:59.14800,1911.500,91
06:42:00.48800,1912.000,19
06:42:01.20700,1911.500,36
06:42:01.32800,1911.500,1
06:42:02.77300,1911.750,12
06:42:03.50300,1912.000,5
06:42:04.43700,1911.750,1
06:42:05.85500,1912.000,6
06:42:06.60500,1911.750,5
06:42:07.43700,1911.750,1
06:42:10.10100,1912.000,1
06:42:10.33900,1912.000,18
06:42:10.91700,1912.000,1
06:42:11.17100,1912.000,1
06:42:13.45300,1912.250,17
06:42:14.17500,1912.250,5
06:42:14.66000,1912.000,107
06:42:15.89000,1912.250,2
06:42:16.73000,1912.000,1
06:42:20.12100,1912.000,8
06:42:22.47600,1912.000,3
06:42:23.72600,1911.750,1
06:42:24.12500,1912.000,10
06:42:24.74200,1911.750,29
06:42:24.96000,1911.750,1
06:42:25.94900,1911.500,1
06:42:27.84300,1911.750,9
06:42:36.25700,1912.000,39
06:42:36.39000,1912.250,1
06:42:40.96400,1912.000,1
06:42:46.19900,1912.250,11
06:42:46.73000,1912.250,1
06:42:48.20300,1912.250,13
06:42:50.07800,1912.000,10
06:42:50.78100,1911.750,100
06:42:56.71800,1911.750,41
06:42:58.88200,1912.000,5
06:42:59.16700,1912.000,3
06:43:01.51900,1911.750,2
06:43:04.05000,1911.750,5
06:43:04.83500,1912.000,1
06:43:05.34700,1912.000,4
06:43:08.60100,1912.000,4
06:43:10.59700,1912.000,25
06:43:11.07000,1911.750,6
06:43:11.27300,1912.000,7
06:43:13.63200,1912.000,3
06:43:16.22600,1912.250,1
06:43:22.61700,1912.000,1
06:43:23.65200,1912.000,1
06:43:24.84300,1912.250,40
06:43:27.03100,1912.250,1
06:43:30.51500,1912.500,15
06:43:31.75700,1912.250,1
06:43:32.68700,1912.500,1
06:43:37.66700,1912.250,19
06:43:39.22200,1912.500,54
06:43:43.80000,1912.500,1
06:43:45.78900,1912.500,30
06:43:45.93300,1912.750,2
06:43:46.36300,1912.500,1
06:43:47.33500,1912.500,22
06:43:49.48800,1912.500,17
06:43:53.33900,1912.500,1
06:43:53.62800,1912.500,3
06:43:55.44500,1912.500,1
06:43:57.65600,1912.500,1
06:43:59.19900,1912.500,9
06:44:01.18300,1912.250,10
06:44:02.37100,1912.250,2
06:44:03.35900,1912.500,17
06:44:03.80400,1912.500,1
06:44:05.91000,1912.500,16
06:44:06.94500,1912.500,9
06:44:08.52300,1912.500,5
06:44:11.94500,1912.500,2
06:44:16.72200,1912.500,17
06:44:19.86700,1912.500,1
06:44:23.94500,1912.500,55
06:44:26.39000,1912.500,7
06:44:26.61700,1912.500,1
06:44:33.20300,1912.500,1
06:44:34.52300,1912.500,1
06:44:36.42100,1912.250,7
06:44:36.73000,1912.500,1
06:44:38.32000,1912.250,13
06:44:38.78900,1912.500,1
06:44:43.08900,1912.250,17
06:44:47.10900,1912.250,1
06:44:47.84300,1912.500,1
06:44:52.48400,1912.250,13
06:44:52.72600,1912.250,12
06:45:16.53900,1912.250,64
06:45:17.33200,1912.250,1
06:45:19.01100,1912.250,1
06:45:23.68700,1912.250,26
06:45:24.28500,1912.250,1
06:45:26.64400,1912.000,1
06:45:27.17900,1912.250,1
06:45:28.19900,1912.000,1
06:45:33.05400,1912.000,34
06:45:33.31200,1911.750,1
06:45:34.23000,1912.000,2
06:45:34.48000,1912.000,2
06:45:36.32400,1912.250,25
06:45:37.67900,1912.000,2
06:45:40.82800,1912.000,8
06:45:41.40200,1912.250,5
06:45:43.30800,1912.250,1
06:45:44.24600,1912.000,1
06:45:49.42500,1911.750,1
06:45:49.79600,1912.000,5
06:45:50.18700,1911.750,35
06:45:52.63200,1911.750,27
06:45:52.83900,1911.750,1
06:45:53.08900,1911.750,2
06:45:53.23800,1911.750,2
06:45:55.49600,1912.000,45
06:45:56.19100,1911.750,1
06:45:56.44900,1912.000,1
06:45:57.23400,1911.750,1
06:45:58.25700,1911.750,1
06:46:01.62800,1911.750,2
06:46:03.64800,1911.750,2
06:46:05.10900,1911.750,17
06:46:05.20700,1911.500,63
06:46:05.29600,1911.750,23
06:46:06.14800,1911.500,5
06:46:08.02300,1911.500,45
06:46:08.08200,1911.500,21
06:46:08.83200,1911.500,1
06:46:09.37100,1911.500,2
06:46:12.08200,1911.500,1
06:46:13.83500,1911.500,7
06:46:15.01500,1911.000,653
06:46:15.22600,1910.750,24
06:46:15.32800,1910.750,5
06:46:15.64000,1911.000,71
06:46:15.64000,1911.000,23
06:46:15.75000,1911.000,4
06:46:15.83500,1911.000,2
06:46:16.03500,1911.000,3
06:46:16.27300,1911.000,38
06:46:16.52300,1910.750,1
06:46:16.77700,1910.750,1
06:46:17.56200,1910.750,58
06:46:18.36700,1911.000,1
06:46:18.63600,1911.000,1
06:46:19.27300,1911.000,15
06:46:19.55400,1910.750,16
06:46:20.35900,1910.750,1
06:46:20.60100,1910.750,71
06:46:20.75000,1910.750,2
06:46:21.28100,1911.000,1
06:46:22.44500,1910.750,31
06:46:22.86300,1910.750,16
06:46:24.10900,1910.750,26
06:46:24.55800,1910.500,1
06:46:24.91000,1910.500,1
06:46:25.46800,1910.500,1
06:46:26.62800,1910.500,1
06:46:26.93300,1910.750,1
06:46:27.81600,1910.750,11
06:46:30.34700,1910.750,42
06:46:32.60100,1910.750,5
06:46:33.08500,1910.750,17
06:46:33.53900,1910.750,1
06:46:34.07000,1910.750,4
06:46:35.38600,1910.750,1
06:46:37.58900,1910.750,1
06:46:37.83200,1910.750,7
06:46:38.07400,1910.750,1
06:46:38.22200,1910.750,2
06:46:39.93700,1910.500,1
06:46:41.50000,1910.750,6
06:46:41.58900,1910.750,3
06:46:43.05800,1910.750,2
06:46:43.86700,1910.750,1
06:46:44.43700,1910.500,2
06:46:45.42900,1910.750,10
06:46:45.60500,1910.750,1
06:46:47.24200,1910.750,32
06:46:48.56200,1910.500,30
06:46:49.09300,1910.750,6
06:46:50.01500,1910.750,22
06:46:51.39800,1910.750,1
06:46:51.72600,1910.750,25
06:46:55.89400,1911.000,16
06:46:56.82800,1910.750,1
06:46:58.59700,1911.000,1
06:46:58.76500,1910.750,5
06:46:59.94500,1911.000,121
06:47:00.53100,1911.000,31
06:47:01.32400,1911.000,2
06:47:01.52700,1910.750,1
06:47:03.11300,1911.000,5
06:47:04.15200,1911.000,12
06:47:04.78900,1911.000,2
06:47:05.84700,1910.750,14
06:47:06.10100,1910.750,1
06:47:06.22600,1910.750,7
06:47:06.39400,1910.500,1
06:47:06.87500,1910.500,5
06:47:07.26900,1910.750,2
06:47:08.78100,1910.750,43
06:47:09.30800,1910.500,1
06:47:09.71800,1910.750,8
06:47:10.08900,1910.750,9
06:47:10.59700,1910.750,7
06:47:10.92500,1910.500,2
06:47:11.05400,1910.500,3
06:47:11.30400,1910.500,1
06:47:11.67900,1910.500,1
06:47:11.96800,1910.250,275
06:47:12.25300,1910.500,2
06:47:12.35500,1910.250,1
06:47:12.64800,1910.500,17
06:47:12.71000,1910.500,1
06:47:12.80000,1910.500,12
06:47:13.55400,1910.750,8
06:47:14.10100,1910.500,3
06:47:15.45700,1910.500,4
06:47:17.86700,1910.750,23
06:47:18.00000,1910.750,3
06:47:18.27300,1910.500,31
06:47:19.31200,1910.500,60
06:47:20.16000,1910.500,2
06:47:20.35500,1910.500,7
06:47:20.86700,1910.500,1
06:47:21.15600,1910.250,18
06:47:21.60500,1910.250,2
06:47:22.00000,1910.000,233
06:47:22.28900,1910.250,1
06:47:22.41000,1910.250,3
06:47:22.52300,1910.250,1
06:47:24.36300,1910.000,4
06:47:25.02700,1910.250,153
06:47:25.37800,1910.250,2
06:47:26.17100,1910.250,12
06:47:26.45700,1910.250,24
06:47:26.72600,1910.250,18
06:47:27.76900,1910.250,1
06:47:28.20700,1910.250,1
06:47:28.53500,1910.250,1
06:47:28.67900,1910.250,2
06:47:29.23400,1910.250,20
06:47:29.30400,1910.500,1
06:47:29.42900,1910.250,1
06:47:29.73000,1910.500,3
06:47:30.30000,1910.250,21
06:47:32.20300,1910.000,5
06:47:33.15200,1910.250,1
06:47:34.37800,1910.000,3
06:47:36.43700,1910.000,50
06:47:38.08200,1910.000,1
06:47:39.32800,1910.250,1
06:47:41.51500,1910.000,1
06:47:44.73800,1910.250,121
06:47:45.86300,1910.250,55
06:47:46.00700,1910.250,2
06:47:46.90600,1910.250,7
06:47:47.23000,1910.000,44
06:47:47.57000,1910.250,1
06:47:47.76100,1910.000,5
06:47:48.05000,1910.000,4
06:47:48.20300,1910.250,1
06:47:49.43300,1910.000,1
06:47:49.51900,1910.250,3
06:47:50.22600,1910.250,1
06:47:50.94500,1910.250,1
06:47:53.85900,1910.250,25
06:47:55.11700,1910.250,16
06:47:55.44100,1910.000,16
06:47:55.62100,1910.250,2
06:47:55.86700,1910.250,9
06:47:56.23800,1910.000,10
06:47:58.65600,1910.250,26
06:47:59.23800,1910.000,1
06:48:00.41400,1910.250,3
06:48:01.15200,1910.000,25
06:48:02.61300,1910.250,3
06:48:03.00700,1910.250,30
06:48:03.74600,1910.000,91
06:48:04.33200,1910.250,10
06:48:05.25300,1910.250,1
06:48:06.00700,1910.250,2
06:48:06.19500,1910.250,45
06:48:06.47200,1910.500,1
06:48:06.82800,1910.250,1
06:48:07.53900,1910.500,206
06:48:09.14800,1910.500,1
06:48:10.20300,1910.500,1
06:48:10.49200,1910.500,1
06:48:13.69500,1910.500,1
06:48:15.14400,1910.500,3
06:48:17.34300,1910.500,164
06:48:17.66000,1910.500,1
06:48:17.77300,1910.500,9
06:48:18.96400,1910.250,1
06:48:20.69900,1910.500,5
06:48:24.32400,1910.250,5
06:48:26.21800,1910.250,1
06:48:26.66400,1910.250,91
06:48:26.74600,1910.250,178
06:48:27.12100,1910.250,158
06:48:27.29600,1910.250,10
06:48:27.93300,1910.250,1
06:48:28.04600,1910.250,1
06:48:28.78500,1910.250,3
06:48:30.30800,1910.000,3
06:48:30.51500,1910.250,1
06:48:31.07400,1910.250,14
06:48:32.82000,1910.250,4
06:48:37.29600,1910.250,62
06:48:37.63200,1910.500,1
06:48:37.85100,1910.250,1
06:48:38.62500,1910.250,15
06:48:38.71400,1910.250,5
06:48:38.95300,1910.250,1
06:48:39.41000,1910.500,51
06:48:40.51900,1910.250,137
06:48:40.65200,1910.250,3
06:48:40.82000,1910.250,1
06:48:42.26900,1910.250,1
06:48:42.46400,1910.000,20
06:48:42.72200,1910.250,25
06:48:44.05000,1910.000,1
06:48:45.60100,1910.000,200
06:48:45.80400,1910.000,5
06:48:46.32400,1910.000,128
06:48:46.34700,1909.750,2
06:48:46.53500,1909.750,1
06:48:46.83200,1909.750,324
06:48:46.92100,1908.500,1300
06:48:47.28300,1908.750,447
06:48:47.55400,1908.750,4
06:48:47.66000,1908.750,3
06:48:47.75700,1909.000,1
06:48:47.87800,1909.000,3
06:48:48.12100,1909.000,3
06:48:48.20300,1909.000,1
06:48:48.38600,1909.000,1
06:48:49.01900,1909.000,1
06:48:49.07400,1908.750,1
06:48:49.17500,1909.000,1
06:48:49.52700,1909.000,80
06:48:49.69900,1909.000,1
06:48:49.77300,1909.000,8
06:48:49.80400,1909.000,22
06:48:50.19100,1909.000,5
06:48:51.03500,1909.000,1
06:48:52.10100,1909.000,30
06:48:52.23000,1909.000,1
06:48:52.31600,1909.000,1
06:48:52.73400,1909.000,46
06:48:53.15600,1908.750,31
06:48:53.55000,1909.000,7
06:48:54.76900,1909.000,1
06:48:55.11700,1909.000,33
06:48:55.19500,1909.000,9
06:48:55.69100,1909.000,11
06:48:55.84300,1909.000,5
06:48:56.30000,1909.250,226
06:48:57.01500,1909.250,2
06:48:57.36700,1909.250,1
06:48:58.35500,1909.000,1
06:48:58.65600,1909.000,2
06:48:59.05400,1909.000,5
06:49:00.10900,1909.000,113
06:49:01.24200,1909.000,14
06:49:01.46400,1909.000,1
06:49:01.69100,1908.750,1
06:49:01.78500,1909.000,1
06:49:01.93700,1909.000,1
06:49:02.68700,1909.000,43
06:49:02.80000,1909.000,12
06:49:03.00300,1909.000,4
06:49:03.36300,1909.000,9
06:49:04.35900,1909.000,2
06:49:05.01100,1909.000,40
06:49:06.69900,1908.750,2
06:49:08.35500,1909.000,1
06:49:09.17100,1909.000,3
06:49:09.86700,1908.750,45
06:49:10.37100,1908.750,7
06:49:10.44100,1908.750,5
06:49:10.57800,1909.000,5
06:49:11.58500,1908.750,4
06:49:12.54200,1908.750,2
06:49:13.37100,1909.000,113
06:49:14.06200,1909.250,1
06:49:14.82400,1909.000,6
06:49:15.09300,1909.250,1
06:49:15.65200,1909.000,21
06:49:15.94900,1909.000,1
06:49:16.53100,1909.000,37
06:49:17.03900,1909.000,11
06:49:17.63600,1909.000,3
06:49:17.80800,1909.000,1
06:49:18.60500,1909.250,102
06:49:19.26100,1909.250,1
06:49:19.67100,1909.000,97
06:49:19.85900,1908.750,220
06:49:20.24600,1908.750,25
06:49:20.60500,1909.000,1
06:49:22.05800,1908.750,1
06:49:23.48400,1909.000,1
06:49:24.84300,1909.000,486
06:49:24.88200,1909.000,25
06:49:25.07400,1909.250,3
06:49:25.29200,1909.000,5
06:49:25.47600,1909.000,2
06:49:26.07800,1909.000,1
06:49:26.44100,1909.000,1
06:49:27.51100,1908.750,122
06:49:28.42500,1908.750,1
06:49:28.71000,1908.750,1
06:49:29.11300,1909.000,1
06:49:29.42900,1909.000,4
06:49:29.75300,1909.000,1
06:49:29.96000,1909.000,11
06:49:30.34700,1909.000,7
06:49:30.42100,1909.000,5
06:49:30.56600,1909.000,1
06:49:31.38200,1909.000,1
06:49:32.35900,1908.750,122
06:49:32.41700,1908.750,2
06:49:32.64800,1908.750,3
06:49:32.87800,1908.750,1
06:49:33.42100,1908.500,55
06:49:33.89000,1908.750,32
06:49:34.11300,1908.750,2
06:49:34.17100,1908.750,1
06:49:35.50300,1908.750,1
06:49:36.83200,1908.750,1
06:49:37.04200,1908.500,18
06:49:37.48800,1908.750,2
06:49:38.66700,1908.750,4
06:49:38.82400,1908.750,48
06:49:38.87800,1908.750,1
06:49:39.09300,1908.750,2
06:49:39.30000,1908.750,2
06:49:39.43700,1908.750,1
06:49:39.85100,1908.500,14
06:49:40.04200,1908.750,52
06:49:41.08500,1908.750,1
06:49:42.25000,1908.750,12
06:49:42.80000,1908.500,12
06:49:44.81600,1908.750,10
06:49:46.60900,1908.500,4
06:49:47.46400,1908.250,114
06:49:47.46400,1908.250,6
06:49:47.69900,1908.500,11
06:49:48.27700,1908.500,3
06:49:48.73000,1908.500,1
06:49:48.83500,1908.500,3
06:49:49.65600,1908.250,1
06:49:50.04200,1908.250,13
06:49:50.20300,1908.500,9
06:49:50.25000,1908.250,24
06:49:52.24200,1908.000,285
06:49:52.60500,1908.000,184
06:49:52.91000,1908.000,2
06:49:53.07000,1907.750,126
06:49:53.24200,1907.750,103
06:49:53.33200,1907.750,4
06:49:53.60500,1907.750,25
06:49:53.65600,1907.750,3
06:49:54.05800,1907.500,54
06:49:54.43700,1907.500,4
06:49:54.59300,1907.500,1
06:49:54.93300,1907.750,2
06:49:55.07800,1907.500,1
06:49:55.36700,1907.500,10
06:49:55.56200,1907.500,1
06:49:55.88200,1907.750,3
06:49:57.03900,1907.750,1
06:49:57.41000,1907.750,3
06:49:57.84700,1907.750,47
06:49:58.40600,1907.750,1
06:49:58.71000,1907.750,1
06:49:58.89800,1908.000,4
06:49:59.15600,1908.000,1
06:49:59.74200,1907.750,62
06:50:00.37500,1907.750,24
06:50:00.65200,1908.000,3
06:50:00.88600,1907.750,1
06:50:01.55800,1907.750,5
06:50:01.64000,1907.500,5
06:50:02.13600,1907.500,1
06:50:02.77700,1907.750,10
06:50:03.08900,1907.500,5
06:50:03.39400,1907.750,1
06:50:04.21100,1907.500,46
06:50:04.21100,1907.750,89
06:50:04.21800,1907.500,43
06:50:05.10500,1907.750,1
06:50:05.33900,1907.750,41
06:50:05.38600,1907.500,44
06:50:06.58900,1907.500,49
06:50:07.71400,1907.500,6
06:50:08.37500,1907.500,1
06:50:08.64800,1907.750,29
06:50:08.91700,1907.750,1
06:50:09.21400,1907.750,2
06:50:09.35100,1907.750,1
06:50:10.77700,1907.500,3
06:50:11.13200,1907.500,52
06:50:11.39400,1907.750,105
06:50:11.75300,1907.750,2
06:50:12.03100,1907.500,1
06:50:12.25000,1907.500,70
06:50:12.26900,1907.500,2
06:50:12.50000,1907.250,11
06:50:12.75300,1907.500,2
06:50:13.44100,1907.250,1
06:50:14.05800,1907.250,4
06:50:17.12100,1907.500,29
06:50:17.19100,1907.500,93
06:50:17.40600,1907.500,1
06:50:17.80000,1907.250,2
06:50:18.91400,1907.500,1
06:50:19.49200,1907.500,6
06:50:20.28500,1907.500,10
06:50:20.45700,1907.250,2
06:50:21.58500,1907.500,31
06:50:21.64400,1907.500,1
06:50:22.52700,1907.250,11
06:50:23.39000,1907.250,1
06:50:23.60100,1907.500,10
06:50:23.71800,1907.500,1
06:50:24.23800,1907.250,5
06:50:24.49600,1907.250,97
06:50:24.50300,1907.250,33
06:50:24.84700,1907.250,2
06:50:25.17900,1907.250,5
06:50:25.51900,1907.250,66
06:50:25.54600,1907.250,18
06:50:25.91000,1907.250,9
06:50:26.36700,1907.250,4
06:50:26.42500,1907.500,25
06:50:26.64400,1907.500,1
06:50:27.94900,1907.500,15
06:50:28.76900,1907.500,1
06:50:29.08900,1907.500,3
06:50:29.87800,1907.250,2
06:50:30.06200,1907.500,51
06:50:30.22600,1907.500,22
06:50:30.46800,1907.500,3
06:50:31.12800,1907.500,18
06:50:31.33500,1907.500,1
06:50:32.01900,1907.500,35
06:50:32.20300,1907.500,27
06:50:32.32400,1907.500,1
06:50:32.44100,1907.500,1
06:50:32.66400,1907.250,2
06:50:33.91400,1907.500,16
06:50:34.35100,1907.500,5
06:50:34.60900,1907.750,1
06:50:34.79600,1907.500,1
06:50:35.06600,1907.500,28
06:50:36.07000,1907.750,2
06:50:36.19500,1907.500,13
06:50:37.53500,1907.750,165
06:50:37.74600,1907.750,4
06:50:37.84300,1907.750,7
06:50:38.51500,1907.750,1
06:50:38.73800,1908.000,100
06:50:38.76900,1908.000,1
06:50:40.16400,1908.000,99
06:50:40.19100,1907.750,30
06:50:40.82000,1907.750,22
06:50:41.68300,1907.750,1
06:50:42.78100,1907.750,85
06:50:43.32800,1907.500,91
06:50:44.12800,1907.500,2
06:50:44.85100,1907.500,3
06:50:45.32400,1907.500,1
06:50:45.59700,1907.500,7
06:50:46.70300,1907.500,22
06:50:50.72600,1907.750,8
06:50:51.20700,1907.750,30
06:50:54.78500,1907.750,1
06:50:55.00000,1907.750,1
06:50:55.11300,1907.750,10
06:50:55.44500,1908.000,27
06:50:55.85100,1908.000,1
06:50:56.77700,1908.000,89
06:50:59.17100,1908.000,2
06:51:00.51500,1907.500,13
06:51:01.19100,1907.750,13
06:51:01.51900,1907.750,1
06:51:04.25000,1907.500,143
06:51:04.41000,1907.500,16
06:51:05.29600,1907.250,97
06:51:05.88600,1907.500,3
06:51:07.26900,1907.500,1
06:51:07.62800,1907.500,1
06:51:10.45700,1907.250,1
06:51:10.82800,1907.500,1
06:51:11.82800,1907.500,1
06:51:13.35900,1907.250,3
06:51:14.35900,1907.500,4
06:51:14.69100,1907.250,1
06:51:15.44500,1907.250,5
06:51:15.85900,1907.250,2
06:51:16.09300,1907.500,2
06:51:16.57000,1907.250,2
06:51:17.28100,1907.250,62
06:51:18.62100,1907.250,1
06:51:19.23800,1907.250,26
06:51:20.17500,1907.250,11
06:51:20.37800,1907.250,1
06:51:21.57800,1907.000,28
06:51:21.66400,1907.250,1
06:51:23.06200,1907.250,5
06:51:24.08900,1907.250,3
06:51:24.35900,1907.250,1
06:51:27.13600,1907.250,3
06:51:27.63600,1907.250,175
06:51:27.73800,1907.250,1
06:51:27.85500,1907.250,1
06:51:29.75300,1907.250,11
06:51:30.02700,1907.000,1
06:51:30.48000,1907.000,142
06:51:31.02300,1907.000,1
06:51:31.46000,1907.000,1
06:51:32.90600,1907.000,127
06:51:33.82000,1907.000,11
06:51:36.93700,1907.000,5
06:51:39.00700,1907.250,3
06:51:39.65200,1906.750,77
06:51:40.14000,1907.000,7
06:51:40.30400,1907.000,24
06:51:40.54200,1907.000,3
06:51:41.95700,1906.500,99
06:51:42.11700,1906.750,7
06:51:42.21000,1906.750,6
06:51:42.83900,1906.750,3
06:51:43.25300,1906.500,18
06:51:43.48800,1906.750,3
06:51:44.03500,1906.750,1
06:51:44.27700,1906.500,1
06:51:44.86700,1906.750,2
06:51:45.69100,1906.750,5
06:51:46.19100,1906.500,2
06:51:46.34300,1906.500,20
06:51:46.94100,1906.750,53
06:51:47.18300,1906.750,4
06:51:47.30400,1906.750,3
06:51:47.40200,1906.750,18
06:51:47.67500,1906.500,3
06:51:47.83900,1906.750,4
06:51:47.87500,1906.500,2
06:51:48.44100,1906.750,1
06:51:49.04600,1906.750,2
06:51:50.94500,1906.750,1
06:51:51.19100,1906.750,2
06:51:51.55000,1906.750,9
06:51:52.50300,1906.750,6
06:51:52.58500,1906.500,6
06:51:52.66700,1906.750,5
06:51:53.61300,1906.750,2
06:51:53.89800,1906.750,1
06:51:54.40200,1906.750,13
06:51:54.96000,1906.750,1
06:51:55.14800,1906.750,12
06:51:55.85100,1906.500,107
06:51:56.68700,1906.750,4
06:51:57.73800,1906.750,4
06:51:57.86300,1906.750,51
06:51:58.08500,1906.750,18
06:51:58.24600,1906.750,1
06:51:58.93300,1906.750,1
06:51:59.24200,1906.500,5
06:51:59.49600,1906.500,1
06:52:00.70300,1906.750,17
06:52:00.86700,1906.750,4
06:52:01.06200,1906.750,1
06:52:01.24200,1906.750,1
06:52:02.27300,1906.750,1
06:52:02.47200,1906.750,6
06:52:02.67100,1906.750,1
06:52:03.05400,1906.500,5
06:52:05.21800,1906.750,16
06:52:05.75300,1906.750,1
06:52:06.00300,1906.500,4
06:52:07.33200,1906.750,3
06:52:07.74200,1906.750,2
06:52:08.17100,1906.750,4
06:52:08.28900,1906.750,1
06:52:09.56600,1906.750,57
06:52:11.04600,1907.000,1
06:52:11.38600,1906.750,6
06:52:13.29200,1906.750,24
06:52:13.56200,1906.750,2
06:52:14.42100,1906.750,12
06:52:15.47200,1906.750,1
06:52:15.74600,1907.000,115
06:52:16.82000,1907.000,9
06:52:17.12500,1907.000,2
06:52:17.50700,1907.250,1
06:52:17.75300,1907.000,2
06:52:18.27700,1907.000,1
06:52:18.37100,1907.250,4
06:52:18.75000,1907.000,9
06:52:19.08200,1907.250,2
06:52:19.38200,1907.000,5
06:52:19.78100,1907.000,19
06:52:21.25000,1907.000,1
06:52:21.43700,1907.000,2
06:52:21.56200,1907.000,1
06:52:22.28100,1907.000,1
06:52:22.64800,1907.000,15
06:52:22.90600,1907.000,1
06:52:23.94100,1907.000,2
06:52:25.71800,1907.250,1
06:52:26.43300,1907.250,1
06:52:26.84700,1907.250,15
06:52:31.62800,1907.250,60
06:52:33.18700,1907.250,4
06:52:33.89800,1907.500,2
06:52:37.69900,1907.500,11
06:52:39.03500,1907.500,110
06:52:39.04200,1907.500,26
06:52:40.02300,1907.250,10
06:52:40.07400,1907.500,5
06:52:40.46400,1907.500,2
06:52:41.56600,1907.500,1
06:52:42.01100,1907.500,5
06:52:42.32000,1907.500,3
06:52:42.60500,1907.250,23
06:52:42.75300,1907.500,4
06:52:44.56200,1907.250,1
06:52:45.93300,1907.500,1
06:52:46.19100,1907.500,2
06:52:46.44900,1907.250,21
06:52:46.59300,1907.250,3
06:52:47.78100,1907.250,18
06:52:48.42900,1907.500,15
06:52:48.45700,1907.500,16
06:52:48.91700,1907.750,50
06:52:49.01100,1907.750,2
06:52:49.05800,1907.500,5
06:52:49.65200,1907.500,1
06:52:49.86300,1907.500,1
06:52:50.48000,1907.500,1
06:52:52.62500,1907.750,1
06:52:52.71000,1907.750,1
06:52:53.62500,1907.750,2
06:52:54.45700,1907.500,20
06:52:54.82800,1907.750,1
06:52:55.94100,1907.750,1
06:52:57.10900,1907.500,1
06:52:57.27300,1907.750,1
06:52:57.82800,1907.500,1
06:52:58.51100,1907.750,1
06:52:58.87100,1907.750,50
06:53:00.67500,1907.500,2
06:53:01.08900,1907.750,1
06:53:01.43700,1907.750,1
06:53:02.41000,1907.750,2
06:53:03.23800,1907.750,2
06:53:04.21000,1907.500,2
06:53:05.58900,1907.750,1
06:53:06.08200,1907.500,6
06:53:07.64800,1907.500,1
06:53:08.21000,1907.500,3
06:53:09.88200,1907.750,1
06:53:10.58900,1907.750,5
06:53:11.08900,1907.750,1
06:53:11.70300,1907.750,5
06:53:12.93700,1907.500,37
06:53:13.08900,1907.500,12
06:53:14.14800,1907.250,13
06:53:16.08900,1907.750,90
06:53:16.12800,1907.500,95
06:53:16.51500,1907.500,1
06:53:17.35100,1907.250,28
06:53:17.67500,1907.250,22
06:53:18.03100,1907.000,5
06:53:18.79200,1907.250,1
06:53:20.60500,1907.250,68
06:53:20.83200,1907.250,1
06:53:21.63200,1907.250,1
06:53:21.84300,1907.250,1
06:53:23.22600,1907.000,29
06:53:23.80400,1907.250,1
06:53:24.94500,1907.250,1
06:53:25.10900,1907.250,1
06:53:25.23000,1907.250,1
06:53:26.27300,1907.250,1
06:53:26.45300,1907.250,13
06:53:28.07000,1907.250,4
06:53:28.16000,1907.000,7
06:53:30.51100,1907.250,1
06:53:31.00300,1907.250,1
06:53:31.36700,1907.500,1
06:53:33.20700,1907.500,2
06:53:34.16700,1907.500,8
06:53:34.40200,1907.500,1
06:53:34.62500,1907.500,6
06:53:35.18700,1907.500,11
06:53:39.54600,1907.500,10
06:53:39.82000,1907.500,26
06:53:40.88600,1907.250,10
06:53:43.00000,1907.500,1
06:53:47.42500,1907.250,2
06:53:49.17500,1907.500,3
06:53:50.78500,1907.250,7
06:53:50.92900,1907.250,63
06:53:50.97200,1907.250,14
06:53:52.03900,1907.000,11
06:53:53.92500,1907.250,1
06:53:54.21800,1907.250,2
06:53:55.14000,1907.250,30
06:53:55.35900,1907.500,2
06:53:57.42900,1907.500,1
06:53:59.72600,1907.250,49
06:53:59.77700,1907.250,10
06:54:00.05000,1907.250,6
06:54:00.32000,1907.250,16
06:54:00.48000,1907.250,10
06:54:01.68300,1907.000,5
06:54:01.87500,1907.000,4
06:54:02.22200,1907.000,5
06:54:05.03900,1907.250,7
06:54:05.21000,1907.000,3
06:54:09.79600,1907.250,9
06:54:10.16700,1907.250,39
06:54:10.27700,1907.250,31
06:54:10.58500,1907.250,11
06:54:11.22200,1907.250,16
06:54:11.54600,1907.250,10
06:54:11.69900,1907.500,2
06:54:12.82400,1907.500,15
06:54:13.13200,1907.250,1
06:54:14.69500,1907.500,5
06:54:15.11300,1907.500,2
06:54:20.57000,1907.500,22
06:54:21.49200,1907.500,10
06:54:23.21800,1907.500,1
06:54:24.19100,1907.500,1
06:54:25.36700,1907.500,1
06:54:27.77700,1907.250,2
06:54:29.23400,1907.500,5
06:54:30.39400,1907.500,95
06:54:32.03900,1907.500,1
06:54:32.84300,1907.750,7
06:54:32.92500,1907.750,5
06:54:34.30400,1907.500,1
06:54:34.48800,1907.500,32
06:54:35.07800,1907.750,1
06:54:36.01100,1907.500,153
06:54:36.70700,1907.500,2
06:54:36.85500,1907.500,15
06:54:37.14400,1907.250,47
06:54:37.81200,1907.250,1
06:54:37.91400,1907.500,5
06:54:38.12500,1907.500,5
06:54:40.34700,1907.500,9
06:54:44.44100,1907.750,1
06:54:45.48800,1907.750,46
06:54:45.67500,1908.000,1
06:54:46.40600,1908.000,1
06:54:46.67900,1908.000,42
06:54:46.80000,1908.000,273
06:54:46.92100,1908.000,1
06:54:47.01500,1908.000,4
06:54:47.53100,1908.000,2
06:54:48.54200,1908.000,1
06:54:48.95300,1908.000,1
06:54:49.24200,1908.000,1
06:54:50.54600,1908.000,1
06:54:51.14000,1908.000,7
06:54:51.33900,1908.000,8
06:54:51.48800,1908.000,1
06:54:51.66700,1908.000,1
06:54:54.11700,1907.500,208
06:54:54.16700,1907.500,36
06:54:54.30400,1907.500,1
06:54:55.08200,1907.250,72
06:54:55.28100,1907.500,7
06:54:55.95700,1907.500,4
06:54:57.42500,1907.500,1
06:54:57.73000,1907.500,56
06:54:58.47200,1907.500,11
06:54:59.54600,1907.500,2
06:55:00.60500,1907.500,2
06:55:02.37100,1907.500,4
06:55:02.73000,1907.500,5
06:55:03.09300,1907.500,1
06:55:03.58200,1907.750,206
06:55:04.79200,1907.750,2
06:55:07.30000,1907.750,6
06:55:07.67100,1907.750,1
06:55:10.96000,1907.750,1
06:55:12.58200,1907.750,8
06:55:16.67100,1907.500,123
06:55:19.23400,1907.500,2
06:55:23.42100,1907.750,2
06:55:24.12800,1907.500,15
06:55:24.88600,1907.500,1
06:55:26.75300,1908.000,265
06:55:27.05800,1908.000,3
06:55:27.76100,1907.750,83
06:55:28.01100,1908.000,2
06:55:30.60100,1908.000,1
06:55:36.45300,1907.750,130
06:55:36.89000,1908.000,1
06:55:37.41400,1908.000,1
06:55:39.93700,1907.750,18
06:55:40.91700,1907.750,4
06:55:42.91700,1907.500,200
06:55:43.07800,1907.750,1
06:55:43.44500,1907.500,5
06:55:45.11300,1907.750,2
06:55:45.69100,1907.500,3
06:55:48.52700,1907.750,3
06:55:48.81600,1907.750,2
06:55:49.78100,1907.750,11
06:55:52.78100,1907.750,1
06:55:53.77700,1907.750,10
06:55:55.03900,1907.750,5
06:55:55.44900,1907.750,57
06:55:56.21000,1908.000,1
06:55:56.95700,1907.750,72
06:55:57.53900,1907.750,9
06:55:58.37500,1907.500,1
06:56:02.34700,1907.750,4
06:56:02.76500,1907.750,70
06:56:02.87100,1907.750,48
06:56:03.69100,1907.750,10
06:56:04.51100,1907.750,10
06:56:05.35100,1907.750,9
06:56:12.37100,1907.750,1
06:56:13.77700,1907.750,15
06:56:13.85100,1907.750,9
06:56:15.51100,1907.750,2
06:56:16.20700,1907.750,11
06:56:18.62500,1907.750,11
06:56:18.84300,1907.750,42
06:56:18.88600,1907.750,3
06:56:20.50300,1907.750,1
06:56:23.17100,1907.750,32
06:56:23.62500,1907.500,1
06:56:24.19500,1907.750,1
06:56:28.16400,1907.750,66
06:56:28.48800,1907.750,25
06:56:31.08900,1907.750,2
06:56:33.75000,1907.750,119
06:56:35.97200,1907.750,5
06:56:37.19900,1907.750,1
06:56:40.87100,1908.000,37
06:56:43.04200,1908.000,1
06:56:44.77700,1908.000,11
06:56:44.94500,1908.000,2
06:56:47.92900,1908.000,3
06:56:53.55400,1907.750,2
06:56:54.12100,1908.000,1
06:56:54.21000,1908.000,3
06:56:54.75700,1908.000,9
06:56:55.27700,1908.250,3
06:56:55.64800,1908.250,1
06:56:58.93700,1908.250,1
06:57:04.33900,1908.250,6
06:57:04.69900,1908.250,3
06:57:05.90600,1908.250,2
06:57:07.01100,1908.250,1
06:57:08.00000,1908.250,4
06:57:09.28900,1908.250,1
06:57:10.20300,1908.250,7
06:57:10.37800,1908.000,89
06:57:10.92900,1908.000,3
06:57:11.07800,1908.000,2
06:57:12.24200,1908.250,1
06:57:13.22200,1908.000,17
06:57:14.28500,1908.000,5
06:57:14.62800,1908.000,1
06:57:14.80800,1908.000,1
06:57:15.23800,1908.250,10
06:57:16.21800,1908.250,15
06:57:17.77700,1908.000,177
06:57:18.04200,1908.250,2
06:57:19.33900,1908.000,10
06:57:20.77300,1908.000,64
06:57:21.85100,1908.000,149
06:57:24.12800,1908.250,9
06:57:25.65200,1908.250,11
06:57:29.51500,1908.000,1
06:57:30.42900,1908.000,2
06:57:30.48800,1908.250,18
06:57:30.52700,1908.250,2
06:57:34.63200,1908.250,1
06:57:35.25300,1908.500,3
06:57:36.22200,1908.500,5
06:57:36.95300,1908.500,1
06:57:37.50300,1908.500,1
06:57:38.18700,1908.500,23
06:57:38.22200,1908.500,16
06:57:38.58500,1908.500,31
06:57:39.16700,1908.500,6
06:57:39.78900,1908.500,8
06:57:40.21400,1908.500,1
06:57:41.19500,1908.250,48
06:57:41.60100,1908.500,6
06:57:41.79600,1908.500,6
06:57:43.01100,1908.500,1
06:57:43.40600,1908.500,1
06:57:44.13200,1908.500,1
06:57:45.86300,1908.250,87
06:57:48.68700,1908.500,1
06:57:49.21800,1908.250,6
06:57:49.73800,1908.250,20
06:57:51.16000,1908.250,5
06:57:51.35100,1908.250,12
06:57:55.70700,1908.250,1
06:57:57.00300,1908.250,1
06:57:57.29600,1908.500,1
06:58:00.06200,1908.250,67
06:58:01.37100,1908.250,11
06:58:02.29200,1908.250,1
06:58:04.16700,1908.250,3
06:58:05.22600,1908.500,258
06:58:05.27300,1908.500,5
06:58:05.51100,1908.500,1
06:58:06.43300,1908.250,32
06:58:06.56600,1908.500,5
06:58:09.18700,1908.500,109
06:58:09.26900,1908.500,1
06:58:09.77700,1908.750,7
06:58:11.38600,1908.500,107
06:58:11.87800,1908.750,169
06:58:12.14800,1909.000,7
06:58:13.51900,1909.000,1
06:58:13.90200,1909.000,2
06:58:14.60900,1909.000,362
06:58:17.14400,1909.000,11
06:58:18.29200,1908.750,2
06:58:18.90600,1908.750,1
06:58:19.42100,1908.750,1
06:58:19.85900,1909.000,3
06:58:21.33500,1908.750,2
06:58:21.73400,1909.000,1
06:58:22.88200,1908.750,78
06:58:24.47200,1908.500,39
06:58:24.84300,1908.750,1
06:58:25.95300,1908.750,229
06:58:27.35100,1909.000,1
06:58:28.73000,1908.750,1
06:58:28.80400,1908.750,32
06:58:29.10900,1908.750,28
06:58:29.25700,1908.750,1
06:58:30.19100,1908.750,15
06:58:30.89800,1908.750,1
06:58:33.96800,1908.750,1
06:58:37.33200,1908.750,2
06:58:37.87800,1908.500,121
06:58:38.57000,1908.500,10
06:58:38.80400,1908.750,2
06:58:39.05800,1908.500,30
06:58:40.07400,1908.750,8
06:58:41.07800,1908.500,1
06:58:44.23400,1908.750,1
06:58:44.70300,1908.750,1
06:58:46.39000,1908.750,1
06:58:47.55400,1908.500,320
06:58:47.68300,1908.500,127
06:58:49.02300,1908.500,64
06:58:50.58500,1908.250,16
06:58:52.33900,1908.000,51
06:58:52.42100,1908.000,1
06:58:52.95300,1908.000,1
06:58:53.23800,1908.250,5
06:58:53.48800,1908.250,11
06:58:54.17900,1908.000,1
06:58:55.42100,1908.000,1
06:58:58.02300,1908.250,1
06:58:58.12100,1908.000,1
06:58:59.19500,1908.250,5
06:59:00.71400,1908.250,1
06:59:01.04600,1908.500,1
06:59:06.43300,1908.500,2
06:59:10.07000,1908.250,17
06:59:21.31200,1908.500,18
06:59:21.83500,1908.500,35
06:59:24.67500,1908.500,7
06:59:25.87500,1908.500,29
06:59:34.11700,1908.500,44
06:59:34.75700,1908.500,32
06:59:42.92100,1908.500,3
06:59:43.10500,1908.500,28
06:59:43.65600,1908.500,146
06:59:47.12800,1908.750,52
06:59:55.94500,1908.500,1
06:59:56.82800,1908.750,1
06:59:58.10900,1908.250,131
06:59:59.36700,1908.250,57
06:59:59.40600,1908.250,4
06:59:59.54600,1908.000,2
06:59:59.84700,1908.250,1
07:00:00.16000,1908.000,0
07:00:00.41400,1907.750,92
07:00:00.50700,1908.000,17
07:00:00.56600,1907.750,1
07:00:00.79200,1907.750,4
07:00:01.01900,1907.750,1
07:00:01.25000,1907.750,3
07:00:01.49200,1907.750,14
07:00:01.62800,1907.750,1
07:00:01.91400,1908.000,1
07:00:02.46800,1908.000,35
07:00:02.57000,1907.750,5
07:00:03.01500,1908.000,1
07:00:03.35500,1907.750,2
07:00:04.57400,1907.750,1
07:00:05.84300,1907.750,20
07:00:06.00300,1907.750,52
07:00:06.09300,1907.750,28
07:00:06.60900,1907.750,5
07:00:07.04600,1907.750,1
07:00:07.55400,1907.750,12
07:00:08.28900,1907.750,15
07:00:08.58900,1907.500,5
07:00:08.97200,1907.750,1
07:00:09.53900,1907.750,101
07:00:09.89800,1907.750,1
07:00:10.60900,1907.500,3
07:00:10.69500,1907.500,3
07:00:11.51900,1907.750,20
07:00:11.60900,1907.750,12
07:00:11.71400,1907.500,1
07:00:12.35900,1907.750,1
07:00:12.52300,1907.750,18
07:00:12.71000,1907.500,18
07:00:13.15600,1907.750,1
07:00:13.48000,1907.750,25
07:00:13.57800,1907.750,3
07:00:13.70700,1907.750,2
07:00:13.83500,1907.750,1
07:00:14.08900,1907.750,7
07:00:14.78100,1907.750,67
07:00:15.85500,1907.750,56
07:00:16.00700,1907.750,8
07:00:18.26100,1907.500,1
07:00:19.15200,1907.750,26
07:00:20.20300,1907.750,26
07:00:23.29200,1907.500,8
07:00:23.39000,1907.500,99
07:00:23.43700,1907.250,1
07:00:23.57000,1907.500,22
07:00:23.77300,1907.500,18
07:00:23.93700,1907.500,1
07:00:24.11700,1907.250,10
07:00:24.46400,1907.500,9
07:00:24.96400,1907.500,1
07:00:25.92500,1907.500,1
07:00:26.23000,1907.500,1
07:00:28.47200,1907.500,14
07:00:30.18700,1907.000,68
07:00:30.89400,1907.250,7
07:00:31.23800,1907.250,3
07:00:31.43700,1907.250,2
07:00:32.40200,1907.250,1
07:00:32.56200,1907.250,1
07:00:33.44900,1907.250,5
07:00:34.52300,1907.500,10
07:00:34.83900,1907.250,1
07:00:35.02300,1907.500,119
07:00:35.19100,1907.500,21
07:00:36.09700,1907.500,10
07:00:36.29200,1907.500,3
07:00:36.53500,1907.500,3
07:00:36.69100,1907.250,3
07:00:37.50300,1907.500,1
07:00:37.65600,1907.500,5
07:00:38.69900,1907.500,14
07:00:39.64000,1907.500,2
07:00:39.89800,1907.500,4
07:00:41.79600,1907.500,1
07:00:43.97200,1907.500,1
07:00:46.00300,1907.500,4
07:00:46.67100,1907.500,1
07:00:47.08500,1907.750,1
07:00:47.20300,1907.500,4
07:00:47.63600,1907.500,1
07:00:49.77300,1907.500,2
07:00:54.18300,1907.500,2
07:00:54.68300,1907.500,22
07:00:54.83500,1907.500,1
07:00:55.17100,1907.500,3
07:00:55.89800,1907.250,3
07:00:56.02700,1907.250,3
07:00:56.83500,1907.250,21
07:00:58.11300,1907.500,1
07:01:01.16400,1907.500,28
07:01:01.63200,1907.500,28
07:01:02.91700,1907.500,28
07:01:03.05000,1907.250,2
07:01:04.88600,1907.500,89
07:01:05.22200,1907.500,3
07:01:05.87800,1907.500,7
07:01:06.92900,1907.250,24
07:01:09.62500,1907.500,2
07:01:09.89800,1907.500,8
07:01:10.08900,1907.500,6
07:01:11.07000,1907.500,3
07:01:11.73400,1907.500,3
07:01:12.64400,1907.500,31
07:01:16.01900,1907.500,18
07:01:16.44500,1907.500,1
07:01:17.11300,1907.750,11
07:01:17.50000,1907.750,14
07:01:18.28900,1907.500,7
07:01:18.51900,1907.500,57
07:01:20.08900,1907.750,31
07:01:21.91400,1907.750,1
07:01:23.47600,1907.750,11
07:01:23.52700,1907.750,9
07:01:24.85500,1907.750,56
07:01:24.91400,1907.750,4
07:01:25.01900,1908.000,1
07:01:25.91400,1907.750,49
07:01:25.95700,1907.750,6
07:01:26.01500,1907.750,3
07:01:26.17900,1907.750,10
07:01:27.03900,1907.750,69
07:01:27.37100,1907.750,10
07:01:28.29200,1907.750,4
07:01:28.82800,1907.750,1
07:01:29.66000,1907.500,20
07:01:30.41000,1907.500,53
07:01:31.60900,1907.500,2
07:01:34.13600,1907.500,1
07:01:34.87100,1907.750,5
07:01:37.14400,1907.500,53
07:01:38.09700,1907.500,1
07:01:39.80800,1907.750,53
07:01:40.08900,1908.000,1
07:01:40.91400,1907.750,76
07:01:41.77300,1907.500,146
07:01:41.92100,1907.500,1
07:01:43.94900,1907.500,1
07:01:44.57800,1907.250,41
07:01:44.88600,1907.250,72
07:01:46.52700,1907.500,1
07:01:48.93700,1907.500,1
07:01:49.88200,1907.500,93
07:01:50.42100,1907.500,1
07:01:51.66700,1907.500,1
07:01:52.17100,1907.500,2
07:01:54.09700,1907.750,1
07:01:55.14400,1907.500,1
07:01:57.07000,1907.500,14
07:01:57.25700,1907.500,1
07:01:57.35900,1907.500,1
07:02:00.79600,1907.500,22
07:02:02.33900,1907.500,10
07:02:03.05400,1907.500,5
07:02:04.91400,1907.500,8
07:02:05.39400,1907.500,2
07:02:08.74600,1907.750,4
07:02:10.92500,1907.750,12
07:02:11.37500,1907.750,5
07:02:12.07000,1907.750,76
07:02:14.62800,1907.750,19
07:02:15.68300,1907.750,11
07:02:16.66000,1908.000,1
07:02:16.73800,1907.750,15
07:02:17.39400,1907.750,1
07:02:18.32000,1907.750,1
07:02:18.67500,1907.500,2
07:02:19.10500,1907.750,12
07:02:21.53500,1907.750,117
07:02:22.64800,1907.750,1
07:02:26.40200,1908.000,1
07:02:28.70700,1907.750,132
07:02:29.82000,1907.750,2
07:02:30.73400,1907.750,2
07:02:31.19900,1907.750,1
07:02:33.70300,1907.750,2
07:02:35.29600,1907.750,23
07:02:35.57400,1908.000,2
07:02:36.54600,1907.750,4
07:02:39.07000,1907.750,4
07:02:39.36700,1907.750,4
07:02:39.49200,1907.750,2
07:02:41.55400,1907.750,144
07:02:41.60900,1907.750,1
07:02:42.03500,1907.750,16
07:02:43.62100,1908.000,2
07:02:43.69100,1907.750,1
07:02:48.03100,1908.000,58
07:02:48.14400,1908.000,19
07:02:54.76100,1908.000,1
07:02:55.87100,1908.000,16
07:02:56.36700,1908.000,1
07:02:56.74200,1908.000,1
07:02:58.32000,1907.750,20
07:02:59.64400,1908.000,1
07:03:02.19900,1907.750,32
07:03:02.33900,1908.000,1
07:03:05.76900,1907.750,1
07:03:07.77300,1907.750,1
07:03:07.85100,1907.750,1
07:03:08.21400,1907.750,3
07:03:08.59300,1908.000,1
07:03:13.40600,1907.750,58
07:03:13.53100,1907.750,4
07:03:13.63600,1907.750,3
07:03:14.12100,1907.750,11
07:03:17.75700,1907.750,1
07:03:17.89400,1907.750,5
07:03:19.13600,1907.500,83
07:03:20.20700,1907.500,4
07:03:23.28500,1907.750,1
07:03:23.94900,1907.500,1
07:03:26.37500,1907.750,23
07:03:27.03100,1907.750,1
07:03:29.71000,1907.500,1
07:03:32.50700,1907.750,1
07:03:32.85500,1907.750,85
07:03:34.64400,1907.750,23
07:03:36.68300,1907.750,16
07:03:37.09700,1907.750,4
07:03:38.59700,1907.750,13
07:03:39.89000,1907.750,8
07:03:40.27700,1907.750,8
07:03:41.67000,1907.750,31
07:03:42.21800,1907.750,7
07:03:42.57000,1907.750,14
07:03:42.82000,1907.750,1
07:03:45.41400,1907.750,7
07:03:47.07400,1907.750,3
07:03:47.32400,1907.750,2
07:03:49.38600,1907.750,1
07:03:52.10100,1907.750,1
07:03:56.07400,1907.750,27
07:03:56.11300,1907.750,2
07:03:57.48800,1907.750,2
07:04:03.77700,1908.000,18
07:04:04.49600,1907.750,87
07:04:04.54600,1907.750,2
07:04:05.05000,1907.750,7
07:04:07.87100,1907.750,38
07:04:07.91700,1907.750,1
07:04:08.90600,1907.750,35
07:04:10.87100,1907.750,3
07:04:11.50300,1908.000,1
07:04:12.09700,1907.750,2
07:04:13.89400,1908.000,209
07:04:13.95300,1908.000,6
07:04:14.05400,1908.000,2
07:04:16.35500,1908.000,20
07:04:17.51500,1908.000,1
07:04:19.09300,1907.750,51
07:04:19.61300,1908.000,1
07:04:20.17500,1907.750,16
07:04:20.35500,1907.750,2
07:04:21.03100,1907.750,2
07:04:22.44500,1907.750,4
07:04:26.95700,1907.750,61
07:04:28.83900,1907.750,10
07:04:29.67100,1908.000,1
07:04:30.03100,1907.750,4
07:04:31.37500,1907.750,17
07:04:31.56200,1908.000,1
07:04:32.57000,1907.750,4
07:04:32.70300,1907.750,2
07:04:34.19900,1907.500,1
07:04:34.89400,1907.750,10
07:04:36.09700,1908.000,1
07:04:37.30800,1907.750,2
07:04:39.76500,1907.750,7
07:04:40.69500,1907.750,6
07:04:43.65200,1907.750,1
07:04:46.52700,1907.750,1
07:04:47.80800,1907.750,5
07:04:48.32000,1907.500,9
07:04:48.57400,1907.750,30
07:04:48.91000,1907.750,22
07:04:49.10900,1907.750,6
07:04:49.47600,1907.500,5
07:04:54.50300,1907.750,6
07:04:54.79600,1907.750,3
07:04:54.85100,1907.750,7
07:04:55.00700,1907.750,15
07:04:55.61300,1907.750,1
07:04:57.50000,1907.750,1
07:04:58.81600,1907.750,12
07:04:59.46800,1907.750,5
07:04:59.71000,1907.750,2
07:05:00.69100,1907.500,7
07:05:05.06200,1907.750,7
07:05:05.68700,1907.750,1
07:05:06.29200,1907.750,23
07:05:10.75700,1907.750,2
07:05:13.15600,1908.000,1
07:05:14.71400,1908.000,15
07:05:15.18300,1908.000,19
07:05:17.04200,1908.000,5
07:05:21.41000,1908.250,1
07:05:23.04600,1908.000,71
07:05:23.15600,1908.250,1
07:05:24.07400,1908.000,29
07:05:24.12800,1908.000,1
07:05:27.51900,1908.250,1
07:05:31.94100,1908.250,1
07:05:32.89800,1908.000,5
07:05:36.09700,1908.000,3
07:05:38.48000,1908.000,55
07:05:38.59700,1908.000,7
07:05:39.32000,1908.000,14
07:05:39.41000,1908.250,20
07:05:40.53100,1908.000,13
07:05:42.14000,1908.000,24
07:05:42.51100,1908.250,3
07:05:43.16000,1908.000,3
07:05:45.53900,1908.000,2
07:05:48.07000,1908.000,10
07:05:49.17500,1908.000,3
07:05:51.71400,1908.000,13
07:05:53.46000,1908.000,7
07:05:54.52300,1908.250,1
07:05:55.38600,1908.000,8
07:05:56.39400,1908.250,4
07:05:56.64000,1908.250,1
07:05:57.54600,1908.250,12
07:05:58.54200,1908.250,5
07:05:58.92500,1908.250,1
07:06:01.88200,1908.250,4
07:06:05.00700,1908.250,27
07:06:06.83500,1908.250,1
07:06:13.17900,1908.250,86
07:06:13.25000,1908.250,1
07:06:17.82000,1908.250,273
07:06:19.46800,1908.000,58
07:06:19.52300,1908.000,1
07:06:25.82800,1908.000,3
07:06:32.07000,1908.250,1
07:06:35.76100,1908.000,27
07:06:36.18700,1908.250,3
07:06:36.24200,1908.000,1
07:06:36.71000,1908.000,267
07:06:37.94100,1907.750,21
07:06:39.27300,1908.000,26
07:06:42.03500,1908.000,4
07:06:42.57800,1908.000,14
07:06:43.17500,1908.000,1
07:06:45.85900,1908.000,6
07:06:46.44500,1908.000,2
07:06:48.33200,1908.000,7
07:06:54.24200,1908.000,15
07:06:58.92500,1908.000,1
07:07:00.60900,1908.000,2
07:07:01.73400,1908.000,33
07:07:03.50700,1908.250,7
07:07:03.56600,1908.000,2
07:07:04.61300,1908.000,2
07:07:05.25700,1908.250,21
07:07:06.28900,1908.250,6
07:07:07.95700,1908.250,10
07:07:09.41400,1908.250,5
07:07:15.92100,1908.000,1
07:07:16.84700,1908.250,1
07:07:17.33900,1908.250,44
07:07:17.50000,1908.250,14
07:07:17.56600,1908.250,7
07:07:18.29200,1908.250,3
07:07:21.75300,1908.250,4
07:07:22.55000,1908.250,4
07:07:24.56200,1908.000,29
07:07:25.96400,1908.000,3
07:07:26.16700,1908.000,5
07:07:28.21000,1908.000,2
07:07:29.18700,1908.000,7
07:07:31.00000,1908.000,6
07:07:34.63200,1908.000,10
07:07:36.86700,1908.000,26
07:07:37.05800,1908.000,30
07:07:37.09300,1908.250,2
07:07:37.21800,1908.000,5
07:07:37.59300,1908.000,2
07:07:40.60500,1908.000,5
07:07:41.32400,1908.000,3
07:07:41.41700,1908.250,1
07:07:43.26100,1908.000,9
07:07:43.62500,1908.000,33
07:07:44.30800,1907.750,2
07:07:47.13200,1907.750,27
07:07:47.62100,1907.750,2
07:07:50.56600,1907.750,1
07:07:51.93700,1907.750,1
07:07:53.07400,1907.750,49
07:07:54.04200,1907.750,17
07:07:54.21800,1907.750,10
07:07:55.23000,1908.000,1
07:08:04.08500,1908.000,41
07:08:04.90600,1908.000,1
07:08:07.43300,1908.000,4
07:08:09.96800,1908.250,117
07:08:11.45700,1908.250,21
07:08:15.64800,1908.250,12
07:08:16.11700,1908.250,3
07:08:21.89800,1908.250,1
07:08:22.12500,1908.250,1
07:08:22.60900,1908.250,11
07:08:22.89800,1908.250,10
07:08:27.21400,1908.500,7
07:08:27.36700,1908.500,5
07:08:32.01500,1908.500,2
07:08:34.48800,1908.250,2
07:08:36.11300,1908.250,2
07:08:36.67500,1908.250,1
07:08:40.47200,1908.500,40
07:08:41.34700,1908.500,5
07:08:42.34300,1908.500,1
07:08:43.20700,1908.500,2
07:08:43.54600,1908.500,10
07:08:45.32000,1908.500,23
07:08:47.57400,1908.500,36
07:08:48.00000,1908.500,1
07:08:55.61300,1908.750,2
07:08:56.75700,1908.750,21
07:08:56.88200,1908.750,1
07:08:58.23000,1908.750,1
07:09:05.34700,1908.750,6
07:09:06.02300,1908.750,2
07:09:07.28100,1908.750,1
07:09:07.83200,1908.500,1
07:09:10.06200,1908.750,1
07:09:10.28900,1908.750,9
07:09:11.61300,1908.500,79
07:09:11.96800,1908.500,28
07:09:12.55400,1908.500,2
07:09:13.31600,1908.250,1
07:09:13.54600,1908.500,11
07:09:15.86700,1908.500,9
07:09:16.39800,1908.250,1
07:09:16.92500,1908.250,5
07:09:19.10900,1908.500,1
07:09:23.00000,1908.250,38
07:09:24.12100,1908.250,6
07:09:24.51100,1908.000,1
07:09:25.45300,1908.250,1
07:09:25.60100,1908.250,2
07:09:28.16400,1908.250,6
07:09:32.57000,1908.000,38
07:09:32.66700,1908.250,77
07:09:35.65200,1908.250,1
07:09:39.23000,1908.000,23
07:09:39.62800,1908.000,1
07:09:45.05000,1907.750,35
07:09:45.37100,1907.750,1
07:09:46.30800,1907.750,5
07:09:46.44500,1908.000,1
07:09:48.02700,1907.750,24
07:09:48.73400,1907.750,1
07:09:51.13200,1907.750,5
07:09:52.24200,1907.750,1
07:09:53.13600,1907.750,3
07:09:53.82000,1908.000,5
07:09:53.94900,1908.000,20
07:09:56.18300,1908.000,1
07:09:57.21000,1908.000,1
07:09:58.19100,1908.000,48
07:09:59.44500,1908.000,1
07:10:03.10900,1907.750,4
07:10:04.52300,1907.750,2
07:10:07.92100,1908.000,145
07:10:08.94500,1908.000,4
07:10:09.47600,1908.000,16
07:10:09.56600,1908.250,1
07:10:10.43700,1908.250,2
07:10:18.05400,1908.000,1
07:10:24.48400,1908.250,33
07:10:26.79200,1908.250,1
07:10:29.16400,1908.250,24
07:10:29.47200,1908.250,1
07:10:31.39000,1908.250,1
07:10:38.10900,1908.250,1
07:10:38.22200,1908.500,1
07:10:39.78500,1908.500,4
07:10:43.09300,1908.500,37
07:10:43.83200,1908.500,4
07:10:45.14000,1908.500,1
07:10:47.13600,1908.750,1
07:10:47.35500,1908.750,27
07:10:49.04200,1908.750,5
07:10:49.23400,1908.750,2
07:10:50.18700,1908.750,6
07:10:51.68300,1908.750,3
07:10:52.10100,1908.750,1
07:10:56.17900,1908.500,23
07:11:00.38600,1908.500,53
07:11:01.78100,1908.500,1
07:11:02.21800,1908.500,56
07:11:02.92100,1908.500,25
07:11:08.13200,1908.250,1
07:11:12.02700,1908.500,1
07:11:12.21800,1908.500,1
07:11:13.23800,1908.500,9
07:11:14.56600,1908.500,1
07:11:16.75000,1908.500,6
07:11:16.93700,1908.500,1
07:11:18.16400,1908.750,4
07:11:19.23800,1908.500,43
07:11:25.91700,1908.750,1
07:11:27.46400,1908.750,1
07:11:29.43700,1908.500,99
07:11:29.92900,1908.750,1
07:11:31.51100,1908.500,10
07:11:33.85100,1908.500,1
07:11:36.54600,1908.500,1
07:11:39.10100,1908.500,1
07:11:41.45700,1908.500,5
07:11:46.09700,1908.500,2
07:11:48.08500,1908.750,200
07:11:48.17900,1908.750,5
07:11:49.08200,1908.750,13
07:11:49.22600,1908.750,2
07:11:49.42900,1909.000,7
07:11:49.43700,1909.000,3
07:11:50.92500,1909.000,9
07:11:53.56200,1909.000,5
07:11:55.95700,1908.750,40
07:11:57.30000,1908.750,64
07:11:58.33500,1909.000,1
07:11:59.00000,1909.000,127
07:12:00.86300,1909.000,19
07:12:01.15600,1908.750,1
07:12:02.33200,1908.750,35
07:12:02.64000,1909.000,104
07:12:03.69100,1909.000,2
07:12:03.85100,1908.750,1
07:12:08.23400,1909.000,19
07:12:08.55800,1909.000,1
07:12:09.81600,1909.000,1
07:12:10.02700,1909.250,4
07:12:11.52300,1909.250,131
07:12:11.67100,1909.250,5
07:12:12.26900,1909.000,3
07:12:12.55400,1909.250,1
07:12:13.75700,1909.250,10
07:12:14.83900,1909.250,10
07:12:15.30400,1909.250,2
07:12:16.06200,1909.500,16
07:12:16.58200,1909.250,14
07:12:17.81200,1909.500,5
07:12:18.31600,1909.250,2
07:12:18.59300,1909.250,1
07:12:19.33900,1909.250,1
07:12:19.62500,1909.250,1
07:12:20.00700,1909.250,1
07:12:20.15200,1909.250,1
07:12:21.40200,1909.500,9
07:12:21.80800,1909.500,10
07:12:22.76100,1909.500,1
07:12:23.02700,1909.250,4
07:12:26.02700,1909.500,26
07:12:29.23000,1909.500,5
07:12:30.57000,1909.500,4
07:12:33.46400,1909.500,121
07:12:34.44100,1909.750,5
07:12:34.46400,1909.750,1
07:12:35.10900,1909.750,1
07:12:35.92500,1909.500,3
07:12:36.16400,1909.500,4
07:12:36.51100,1909.750,2
07:12:36.78500,1909.750,1
07:12:37.85900,1909.750,2
07:12:39.04200,1909.750,1
07:12:39.48400,1909.750,1
07:12:40.62800,1909.500,5
07:12:40.78100,1909.500,10
07:12:41.58500,1909.750,1
07:12:42.37500,1909.750,2
07:12:42.73800,1909.500,1
07:12:43.04200,1909.750,1
07:12:45.62500,1909.750,165
07:12:46.97200,1909.750,1
07:12:47.60900,1909.750,21
07:12:48.20700,1909.750,22
07:12:48.37500,1909.750,1
07:12:48.78900,1909.750,2
07:12:48.89800,1909.750,1
07:12:49.96000,1909.750,1
07:12:53.58200,1909.500,1
07:12:55.54600,1909.750,4
07:12:57.35500,1909.500,1
07:12:58.51900,1909.750,5
07:13:01.17900,1909.750,14
07:13:01.41400,1909.750,2
07:13:01.51100,1909.750,1
07:13:03.03500,1909.750,2
07:13:03.29600,1909.750,9
07:13:03.30800,1909.750,1
07:13:05.46400,1909.750,1
07:13:05.92500,1909.750,91
07:13:07.31600,1909.500,2
07:13:17.00700,1909.750,31
07:13:18.03500,1909.750,38
07:13:18.17100,1909.750,2
07:13:18.48400,1909.750,7
07:13:19.10900,1910.000,11
07:13:19.21800,1909.750,1
07:13:21.83200,1909.750,36
07:13:22.05800,1909.750,2
07:13:22.59700,1909.500,1
07:13:24.94100,1909.500,6
07:13:26.05400,1909.750,4
07:13:27.65200,1909.750,16
07:13:32.76100,1909.750,2
07:13:34.02300,1909.750,49
07:13:34.16700,1909.750,1
07:13:35.58200,1909.750,1
07:13:36.70700,1909.750,21
07:13:39.61700,1909.750,23
07:13:40.52700,1909.500,1
07:13:40.85500,1909.750,5
07:13:41.73800,1909.750,2
07:13:44.89800,1909.500,1
07:13:45.10900,1909.750,23
07:13:47.33500,1909.500,3
07:13:48.08500,1909.500,13
07:13:49.96800,1909.750,1
07:13:51.41000,1909.750,1
07:13:53.53900,1909.500,1
07:13:54.64000,1909.500,1
07:13:55.69900,1909.750,1
07:13:56.04200,1909.500,1
07:13:57.13600,1909.500,1
07:13:59.07000,1909.500,179
07:13:59.50700,1909.500,1
07:13:59.65600,1909.500,1
07:13:59.79200,1909.500,1
07:13:59.96800,1909.500,5
07:14:00.49600,1909.500,1
07:14:01.12500,1909.500,2
07:14:01.80000,1909.500,1
07:14:02.43700,1909.500,1
07:14:02.73800,1909.500,19
07:14:03.22600,1909.500,5
07:14:04.74200,1909.500,1
07:14:06.37500,1909.500,12
07:14:06.73400,1909.750,10
07:14:07.22200,1909.500,20
07:14:09.25000,1910.000,139
07:14:11.01500,1909.750,1
07:14:13.39400,1910.000,1
07:14:16.25300,1910.000,2
07:14:17.49200,1910.000,1
07:14:20.02700,1909.750,17
07:14:20.10100,1909.750,2
07:14:20.87100,1910.000,1
07:14:21.51100,1910.000,1
07:14:23.85100,1909.750,22
07:14:23.85100,1909.750,3
07:14:25.08500,1909.750,7
07:14:26.42100,1909.750,3
07:14:28.55000,1909.750,15
07:14:29.90200,1909.750,3
07:14:32.39000,1909.750,3
07:14:33.67900,1909.750,11
07:14:33.87800,1909.750,3
07:14:34.30800,1909.750,5
07:14:34.55400,1909.750,1
07:14:34.76500,1909.750,2
07:14:35.73800,1909.750,7
07:14:37.63200,1909.750,10
07:14:38.22200,1909.750,1
07:14:38.61700,1909.750,1
07:14:39.56200,1909.500,1
07:14:40.40600,1909.500,1
07:14:42.15200,1909.750,6
07:14:50.48400,1909.750,1
07:14:51.48400,1909.750,26
07:14:51.63600,1909.750,4
07:14:52.60100,1909.500,1
07:14:55.66700,1909.750,140
07:15:00.59300,1909.500,4
07:15:00.90600,1909.500,58
07:15:01.62800,1909.500,2
07:15:07.33200,1909.500,2
07:15:09.44900,1909.500,2
07:15:10.82800,1909.500,4
07:15:11.72200,1909.750,1
07:15:22.23400,1909.500,21
07:15:23.44900,1909.500,3
07:15:27.18300,1909.500,25
07:15:29.05400,1909.500,8
07:15:32.20300,1909.500,6
07:15:36.32000,1909.500,1
07:15:36.44100,1909.500,3
07:15:37.46800,1909.500,135
07:15:37.57800,1909.500,2
07:15:37.77700,1909.500,1
07:15:39.35900,1909.500,1
07:15:41.30000,1909.500,6
07:15:41.48800,1909.500,82
07:15:42.00700,1909.500,12
07:15:43.05800,1909.250,1
07:15:45.06200,1909.500,14
07:15:45.17100,1909.500,6
07:15:47.37500,1909.500,8
07:15:47.87100,1909.500,15
07:15:53.64400,1909.250,1
07:15:55.14800,1909.500,1
07:15:59.07800,1909.500,15
07:16:19.03900,1909.500,7
07:16:21.45700,1909.500,2
07:16:23.47600,1909.500,2
07:16:27.16000,1909.500,2
07:16:33.80800,1909.250,176
07:16:35.39000,1909.250,25
07:16:36.38600,1909.250,2
07:16:36.57400,1909.250,2
07:16:40.31600,1909.250,46
07:16:41.18700,1909.250,2
07:16:48.44900,1909.500,3
07:16:49.17500,1909.500,8
07:16:49.67100,1909.500,42
07:16:50.83200,1909.500,2
07:16:52.05000,1909.500,27
07:16:54.23000,1909.500,23
07:16:57.92500,1909.250,1
07:16:59.36700,1909.500,1
07:16:59.95700,1909.500,55
07:17:02.96000,1909.500,55
07:17:09.69900,1909.500,20
07:17:11.03100,1909.500,2
07:17:11.68700,1909.250,1
07:17:12.22200,1909.250,51
07:17:12.60500,1909.500,2
07:17:14.51500,1909.250,3
07:17:17.42900,1909.500,18
07:17:19.55000,1909.500,7
07:17:22.13600,1909.500,4
07:17:27.49200,1909.500,6
07:17:29.47200,1909.750,2
07:17:31.96000,1909.750,2
07:17:34.05000,1909.500,22
07:17:35.05400,1909.500,8
07:17:35.81200,1909.500,9
07:17:36.38600,1909.500,1
07:17:41.21400,1909.500,4
07:17:45.12100,1909.250,5
07:17:45.71000,1909.500,5
07:17:47.87500,1909.250,4
07:17:51.24600,1909.250,1
07:17:51.50000,1909.250,1
07:17:52.68300,1909.250,48
07:17:53.33900,1909.250,12
07:17:56.59300,1909.250,1
07:17:58.15600,1909.500,1
07:17:59.65200,1909.500,1
07:18:13.14800,1909.250,2
07:18:16.12500,1909.250,1
07:18:19.10900,1909.250,1
07:18:25.86300,1909.250,1
07:18:35.56600,1909.500,92
07:18:36.07000,1909.500,1
07:18:38.10900,1909.250,35
07:18:38.32000,1909.000,7
07:18:41.00000,1909.250,1
07:18:42.44100,1909.000,5
07:18:45.51500,1909.000,1
07:18:46.03100,1909.250,1
07:18:47.22600,1909.000,1
07:18:47.40600,1909.250,30
07:18:49.87800,1909.250,15
07:18:50.71000,1909.000,6
07:18:54.83900,1908.750,772
07:18:56.57400,1908.750,1
07:18:58.61300,1908.750,7
07:18:58.67900,1908.500,148
07:19:00.31600,1908.500,1
07:19:00.62100,1908.500,1
07:19:02.12100,1908.500,1
07:19:02.91400,1908.250,4
07:19:03.07000,1908.250,1
07:19:03.31200,1908.250,20
07:19:03.90600,1908.250,43
07:19:03.92100,1908.250,13
07:19:04.36700,1908.250,15
07:19:04.80000,1908.250,1
07:19:05.55000,1908.500,6
07:19:06.52300,1908.250,1
07:19:08.48000,1908.250,7
07:19:09.44100,1908.250,1
07:19:10.09300,1908.250,1
07:19:11.01500,1908.250,1
07:19:11.82400,1908.250,1
07:19:12.70700,1908.500,5
07:19:13.20700,1908.250,184
07:19:14.40200,1908.250,8
07:19:15.06200,1908.250,1
07:19:18.21400,1908.000,132
07:19:18.73400,1907.750,13
07:19:19.25300,1907.750,1
07:19:19.50700,1907.750,1
07:19:20.21400,1907.750,1
07:19:21.61300,1907.750,1
07:19:22.03100,1907.750,1
07:19:23.43300,1908.000,1
07:19:23.69500,1908.000,1
07:19:24.51500,1907.750,1
07:19:24.89000,1907.750,1
07:19:25.58900,1907.750,1
07:19:26.72200,1907.750,98
07:19:28.83500,1907.750,1
07:19:30.28900,1908.000,65
07:19:30.43300,1908.000,5
07:19:30.90200,1908.000,69
07:19:31.02700,1907.750,7
07:19:33.48400,1907.750,1
07:19:34.02300,1908.000,47
07:19:34.26500,1908.000,11
07:19:34.41000,1908.000,1
07:19:34.59700,1908.000,1
07:19:36.31200,1908.000,3
07:19:41.32800,1908.000,32
07:19:41.56600,1908.000,4
07:19:44.02700,1908.250,92
07:19:45.25300,1908.250,9
07:19:45.93300,1908.250,12
07:19:50.85100,1908.500,82
07:19:56.49600,1908.500,9
07:19:58.30800,1908.500,7
07:20:01.12800,1908.000,40
07:20:03.25300,1908.250,27
07:20:03.55400,1908.000,1
07:20:05.41700,1908.500,6
07:20:09.57000,1908.250,66
07:20:09.77700,1908.000,64
07:20:11.40200,1908.250,2
07:20:13.85500,1908.250,1
07:20:14.37500,1908.250,17
07:20:17.24600,1908.250,1
07:20:25.93700,1908.250,2
07:20:34.02700,1908.500,1
07:20:35.55000,1908.500,1
07:20:38.12800,1908.750,248
07:20:41.25000,1908.500,43
07:20:42.08900,1908.500,2
07:20:42.41700,1908.500,4
07:20:43.48400,1908.500,1
07:20:44.16400,1908.500,4
07:20:46.32400,1908.500,7
07:20:47.32800,1908.500,23
07:20:47.72600,1908.500,1
07:20:48.53900,1908.500,5
07:20:52.37800,1908.500,1
07:20:54.07800,1908.500,5
07:20:54.85100,1908.500,5
07:20:56.60900,1908.500,1
07:20:58.00700,1908.500,2
07:20:59.33500,1908.500,23
07:21:00.35900,1908.250,15
07:21:01.00000,1908.250,7
07:21:01.55800,1908.250,1
07:21:03.32400,1908.250,4
07:21:06.39000,1908.250,5
07:21:06.64800,1908.250,13
07:21:11.04200,1908.000,1
07:21:12.67100,1908.250,1
07:21:13.70300,1908.000,112
07:21:14.14400,1908.000,1
07:21:15.35100,1908.250,9
07:21:17.67900,1908.000,23
07:21:18.39000,1908.250,1
07:21:21.26500,1908.000,11
07:21:23.24200,1908.000,3
07:21:23.32000,1908.000,4
07:21:27.73000,1908.000,16
07:21:28.28900,1907.750,2
07:21:28.48400,1908.000,1
07:21:28.82400,1908.000,1
07:21:29.29600,1907.750,1
07:21:30.66400,1908.000,1
07:21:30.83500,1907.750,1
07:21:31.76100,1907.750,1
07:21:32.15600,1907.750,11
07:21:32.55000,1907.750,1
07:21:33.28500,1907.750,9
07:21:35.67900,1908.000,2
07:21:35.91700,1907.750,1
07:21:37.57800,1907.750,57
07:21:40.22200,1907.750,8
07:21:40.91700,1907.750,1
07:21:41.76900,1908.000,5
07:21:41.91400,1907.750,1
07:21:43.23800,1907.750,2
07:21:45.48800,1908.000,1
07:21:49.42100,1907.750,10
07:21:49.87100,1907.750,1
07:21:50.77700,1907.750,22
07:21:58.86700,1907.750,1
07:21:59.67900,1907.500,26
07:21:59.82000,1907.500,3
07:21:59.95700,1907.750,14
07:21:59.95700,1907.750,44
07:22:02.20300,1907.500,84
07:22:03.06600,1907.750,1
07:22:03.19900,1907.750,14
07:22:04.01900,1907.750,21
07:22:04.83900,1907.750,39
07:22:06.08900,1907.750,1
07:22:10.23400,1907.750,1
07:22:11.16400,1907.750,20
07:22:11.25700,1907.750,6
07:22:14.70300,1907.750,1
07:22:15.57800,1907.750,4
07:22:16.64000,1907.750,30
07:22:17.72200,1907.750,5
07:22:18.12100,1907.750,4
07:22:21.03900,1907.750,61
07:22:23.31600,1907.750,1
07:22:29.56200,1907.500,1
07:22:29.87100,1907.500,1
07:22:30.76900,1907.500,1
07:22:33.74600,1907.500,1
07:22:35.45700,1907.500,51
07:22:36.60100,1907.500,10
07:22:37.80800,1907.500,12
07:22:38.46000,1907.500,1
07:22:41.05800,1907.500,1
07:22:41.48000,1907.500,54
07:22:46.08200,1907.500,19
07:22:46.15200,1907.500,1
07:22:47.42500,1907.500,1
07:22:48.23000,1907.500,1
07:22:52.23000,1907.250,5
07:22:53.45300,1907.250,5
07:22:55.72200,1907.250,1
07:22:56.10100,1907.500,20
07:22:56.76500,1907.000,253
07:22:56.93300,1907.000,1
07:22:57.89800,1907.250,1
07:22:59.01900,1907.250,12
07:22:59.69900,1907.250,2
07:23:02.95300,1907.250,2
07:23:05.62500,1907.250,5
07:23:07.67500,1907.250,5
07:23:08.01900,1907.250,1
07:23:08.36700,1907.500,24
07:23:09.58900,1907.500,1
07:23:10.16000,1907.500,66
07:23:11.19100,1907.500,28
07:23:12.30800,1907.500,1
07:23:13.39800,1907.500,14
07:23:14.90600,1907.500,3
07:23:15.30000,1907.500,15
07:23:17.46000,1907.500,2
07:23:18.78100,1907.500,8
07:23:21.86700,1907.500,2
07:23:22.10900,1907.750,46
07:23:22.61700,1907.750,23
07:23:24.18300,1907.750,25
07:23:25.13200,1907.750,26
07:23:25.54600,1907.750,10
07:23:26.20300,1907.750,1
07:23:28.05000,1907.750,3
07:23:29.72200,1908.000,2
07:23:31.71800,1907.750,25
07:23:32.00000,1908.000,1
07:23:33.12500,1908.000,1
07:23:33.70700,1907.750,1
07:23:33.87800,1907.750,1
07:23:35.80000,1908.000,1
07:23:36.08900,1908.000,1
07:23:37.00300,1908.000,1
07:23:37.86300,1908.000,1
07:23:38.24200,1907.750,1
07:23:38.66000,1907.750,32
07:23:40.66700,1907.750,12
07:23:43.76500,1908.000,57
07:23:43.87100,1908.000,5
07:23:44.81600,1908.000,2
07:23:45.33900,1908.000,2
07:23:47.73000,1908.000,2
07:23:48.03500,1908.250,2
07:23:51.54200,1908.250,1
07:23:53.38200,1908.250,1
07:23:54.62800,1908.250,1
07:23:58.30400,1908.250,16
07:23:58.42500,1908.250,2
07:24:00.01100,1908.500,3
07:24:01.39400,1908.500,10
07:24:01.62100,1908.500,42
07:24:02.10500,1908.500,10
07:24:02.34700,1908.500,1
07:24:03.79200,1908.500,10
07:24:04.72600,1908.500,1
07:24:05.14800,1908.500,2
07:24:05.68700,1908.500,1
07:24:06.12100,1908.500,1
07:24:06.64800,1908.500,12
07:24:07.23000,1908.500,3
07:24:08.37100,1908.500,1
07:24:09.09700,1908.500,10
07:24:10.50000,1908.500,256
07:24:20.91400,1908.500,2
07:24:21.08200,1908.500,39
07:24:21.33200,1908.500,1
07:24:26.32800,1908.750,2
07:24:26.56200,1908.500,1
07:24:27.84700,1908.500,1
07:24:29.79200,1908.750,1
07:24:30.03100,1908.750,3
07:24:31.21800,1908.500,1
07:24:41.21800,1908.500,2
07:24:43.65600,1908.500,55
07:24:49.06600,1908.500,1
07:24:49.66700,1908.500,20
07:24:51.02700,1908.750,1
07:24:51.68300,1908.750,10
07:24:53.89400,1908.500,1
07:24:56.13600,1908.500,1
07:24:56.96400,1908.500,5
07:24:58.03900,1908.500,2
07:24:59.25700,1908.500,18
07:25:08.48800,1908.500,38
07:25:10.41700,1908.500,12
07:25:11.81600,1908.500,4
07:25:12.06200,1908.750,108
07:25:12.06200,1908.750,9
07:25:13.55000,1908.500,9
07:25:14.84300,1908.250,66
07:25:18.69900,1908.500,16
07:25:20.68300,1908.750,33
07:25:22.12100,1908.750,1
07:25:22.38600,1908.500,23
07:25:23.48000,1908.500,2
07:25:26.23000,1908.500,13
07:25:28.41000,1908.500,1
07:25:28.85500,1908.500,1
07:25:29.70300,1908.500,27
07:25:30.12800,1908.500,1
07:25:30.26900,1908.750,1
07:25:35.40200,1908.750,1
07:25:36.17900,1908.750,113
07:25:36.19100,1908.750,25
07:25:36.43300,1908.750,11
07:25:38.34700,1908.750,1
07:25:38.53900,1908.750,1
07:25:39.19900,1908.750,8
07:25:39.70700,1908.750,16
07:25:41.07800,1909.000,7
07:25:41.66700,1909.000,83
07:25:42.10500,1909.000,2
07:25:42.87500,1909.250,3
07:25:43.44500,1909.250,10
07:25:43.88600,1909.250,25
07:25:43.91000,1909.250,3
07:25:44.52700,1909.250,1
07:25:46.14000,1909.500,9
07:25:47.87800,1909.500,1
07:25:48.05400,1909.500,2
07:25:48.41700,1909.500,1
07:25:48.76500,1909.500,1
07:25:49.85100,1909.250,38
07:25:50.10100,1909.250,1
07:25:50.26900,1909.500,2
07:25:50.36300,1909.250,2
07:25:51.59300,1909.500,76
07:25:52.21000,1909.250,1
07:25:54.00000,1909.500,2
07:25:56.21800,1909.250,24
07:25:56.54200,1909.250,1
07:25:57.84300,1909.250,1
07:25:58.25000,1909.250,21
07:25:58.34300,1909.250,1
07:25:59.69100,1909.250,1
07:25:59.94500,1909.000,2
07:26:05.87100,1909.000,37
07:26:08.33200,1909.000,325
07:26:08.44900,1908.750,12
07:26:09.22600,1908.750,25
07:26:09.85100,1908.750,5
07:26:10.87800,1908.750,43
07:26:13.01500,1909.000,2
07:26:14.20700,1908.750,2
07:26:15.28500,1909.000,3
07:26:16.13600,1909.000,2
07:26:17.80800,1908.750,212
07:26:18.71400,1908.750,11
07:26:19.16400,1908.750,1
07:26:20.35500,1908.750,1
07:26:22.26500,1908.500,35
07:26:23.83900,1908.250,3
07:26:24.57400,1908.500,2
07:26:25.30400,1908.250,17
07:26:27.94100,1908.500,4
07:26:30.77700,1908.250,20
07:26:33.44900,1908.500,161
07:26:33.69900,1908.250,26
07:26:33.83900,1908.250,2
07:26:35.37800,1908.250,1
07:26:39.22200,1908.500,59
07:26:40.49200,1908.500,181
07:26:41.53900,1908.500,78
07:26:42.02300,1908.500,85
07:26:42.44100,1908.500,10
07:26:43.58900,1908.500,8
07:26:45.14800,1908.500,25
07:26:46.22600,1908.500,1
07:26:48.83900,1908.500,48
07:27:00.21000,1908.250,41
07:27:01.06600,1908.250,40
07:27:01.37500,1908.000,2
07:27:02.19100,1908.250,1
07:27:02.68300,1908.250,1
07:27:05.20700,1908.250,1
07:27:05.36300,1908.250,11
07:27:09.96800,1908.250,1
07:27:13.08900,1908.250,7
07:27:13.81200,1908.250,2
07:27:15.43700,1908.250,182
07:27:16.46800,1908.250,98
07:27:19.26500,1908.250,1
07:27:20.21000,1908.250,2
07:27:20.32000,1908.250,5
07:27:20.63600,1908.250,8
07:27:20.87500,1908.250,20
07:27:21.12800,1908.250,10
07:27:23.55000,1908.500,20
07:27:25.01100,1908.750,1
07:27:25.14800,1908.750,18
07:27:26.39000,1908.750,7
07:27:26.71000,1908.750,1
07:27:27.59700,1908.750,4
07:27:28.26100,1908.750,1
07:27:28.60900,1908.750,1
07:27:31.64000,1908.500,1
07:27:32.71800,1908.750,2
07:27:33.67100,1908.750,3
07:27:35.37800,1909.000,7
07:27:35.87100,1909.000,5
07:27:36.54200,1909.000,1
07:27:37.19500,1909.000,1
07:27:38.77300,1908.750,12
07:27:46.07400,1908.750,12
07:27:47.32000,1908.500,1
07:27:49.17100,1908.250,136
07:27:49.85500,1908.500,3
07:27:52.85900,1908.750,16
07:27:54.25000,1908.750,4
07:27:54.36300,1908.750,13
07:27:54.53900,1908.750,4
07:27:54.63200,1908.500,1
07:27:55.08500,1908.750,2
07:27:55.55000,1908.500,1
07:27:58.28900,1908.750,7
07:28:00.48400,1908.750,9
07:28:02.57800,1908.750,2
07:28:04.06600,1908.750,3
07:28:04.52700,1908.750,1
07:28:10.46000,1909.000,38
07:28:13.06600,1909.000,8
07:28:14.02300,1909.000,1
07:28:18.21400,1909.000,24
07:28:19.67100,1909.000,6
07:28:21.31200,1909.000,1
07:28:21.45300,1909.250,2
07:28:22.63600,1909.250,29
07:28:22.71800,1909.250,1
07:28:24.83900,1909.250,1
07:28:26.38200,1909.250,4
07:28:29.93700,1909.000,63
07:28:30.54200,1909.000,6
07:28:30.85100,1909.000,2
07:28:36.38200,1909.000,10
07:28:36.62800,1909.000,2
07:28:40.15200,1909.000,1
07:28:42.02700,1909.000,1
07:28:43.08200,1909.000,1
07:28:43.51900,1909.000,1
07:28:44.72200,1909.000,1
07:28:47.67500,1909.000,30
07:28:48.35900,1909.000,1
07:28:51.39800,1909.000,1
07:28:51.76500,1909.000,1
07:28:52.29200,1909.000,3
07:28:52.92900,1908.750,1
07:28:54.18300,1909.000,50
07:28:56.72200,1909.000,12
07:28:58.66700,1909.250,1
07:29:02.56600,1909.250,2
07:29:10.32400,1909.250,53
07:29:10.40600,1909.500,1
07:29:11.00300,1909.250,1
07:29:11.76500,1909.250,1
07:29:12.39800,1909.250,35
07:29:13.19900,1909.250,10
07:29:14.66000,1909.250,6
07:29:14.87100,1909.250,1
07:29:15.26900,1909.250,2
07:29:16.59300,1909.250,7
07:29:16.96400,1909.250,3
07:29:17.72600,1909.000,49
07:29:18.07000,1909.250,11
07:29:20.05800,1909.000,1
07:29:22.42900,1909.250,1
07:29:22.78100,1909.250,1
07:29:24.02700,1909.250,2
07:29:28.90200,1909.250,18
07:29:30.72200,1909.000,2
07:29:32.03500,1909.250,2
07:29:37.80400,1909.250,10
07:29:37.95300,1909.250,4
07:29:38.60900,1909.250,1
07:29:43.31200,1909.250,15
07:29:43.57800,1909.250,5
07:29:45.54200,1909.250,25
07:29:45.74200,1909.250,12
07:29:52.21800,1909.250,1
07:29:52.57000,1909.250,1
07:29:56.87800,1909.000,1
07:29:58.71400,1909.000,32
07:29:59.50000,1908.750,2
07:29:59.81600,1908.750,8
07:30:00.06600,1909.000,1
07:30:01.70700,1909.000,5
07:30:03.72600,1909.000,18
07:30:03.81200,1909.000,2
07:30:05.97200,1909.000,5
07:30:06.17500,1909.000,1
07:30:08.36700,1909.250,7
07:30:08.42900,1909.250,1
07:30:10.66400,1909.250,2
07:30:11.52700,1909.500,1
07:30:11.67900,1909.250,2
07:30:15.46000,1909.250,6
07:30:18.09300,1909.500,10
07:30:19.51900,1909.250,3
07:30:20.04600,1909.250,4
07:30:21.28500,1909.250,1
07:30:21.73400,1909.250,6
07:30:25.25300,1909.250,5
07:30:26.62100,1909.250,4
07:30:31.05400,1909.250,1
07:30:31.16000,1909.500,1
07:30:31.49600,1909.250,1
07:30:31.96400,1909.250,1
07:30:33.49200,1909.500,15
07:30:40.27300,1909.250,117
07:30:41.05400,1909.250,20
07:30:41.78100,1909.250,3
07:30:42.48800,1909.250,2
07:30:42.74600,1909.250,1
07:30:44.94500,1909.500,1
07:30:45.17900,1909.250,1
07:30:48.02700,1909.500,2
07:30:48.66700,1909.250,1
07:30:55.35100,1909.500,10
07:30:57.77700,1909.500,1
07:31:05.08500,1909.500,2
07:31:07.18700,1909.500,41
07:31:08.73800,1909.500,1
07:31:11.42900,1909.500,1
07:31:12.10900,1909.250,1
07:31:14.62500,1909.500,1
07:31:15.78500,1909.500,1
07:31:17.75000,1909.500,1
07:31:17.88600,1909.500,1
07:31:18.96800,1909.250,6
07:31:20.95700,1909.250,52
07:31:21.16400,1909.250,1
07:31:21.34300,1909.250,6
07:31:21.36700,1909.250,2
07:31:23.00700,1909.250,3
07:31:23.20700,1909.500,2
07:31:23.63200,1909.250,1
07:31:23.88200,1909.250,9
07:31:25.17100,1909.250,12
07:31:26.89800,1909.250,1
07:31:28.66400,1909.250,11
07:31:28.89400,1909.500,1
07:31:30.69100,1909.500,5
07:31:32.32000,1909.250,1
07:31:35.34700,1909.000,75
07:31:36.52700,1909.250,15
07:31:37.69100,1909.250,4
07:31:38.61700,1909.250,15
07:31:39.46800,1909.500,1
07:31:41.51900,1909.250,28
07:31:43.12100,1909.250,20
07:31:45.47200,1909.500,1
07:31:48.07000,1909.250,2
07:31:48.73800,1909.000,35
07:31:48.94900,1909.000,58
07:31:51.13600,1909.250,30
07:31:51.73000,1909.250,3
07:31:53.61300,1909.250,2
07:31:53.94500,1909.250,1
07:31:54.89400,1909.250,1
07:31:57.01900,1909.250,1
07:31:59.31600,1909.500,28
07:32:01.61700,1909.500,73
07:32:02.59700,1909.500,1
07:32:04.32400,1909.500,8
07:32:06.21800,1909.500,1
07:32:07.32400,1909.500,1
07:32:07.54600,1909.750,1
07:32:10.54600,1909.750,1
07:32:11.97200,1909.500,1
07:32:13.34700,1909.750,1
07:32:14.05000,1909.750,117
07:32:14.20300,1909.750,4
07:32:14.81200,1909.750,5
07:32:15.32800,1909.750,12
07:32:15.55800,1909.500,1
07:32:15.66700,1909.750,1
07:32:16.17100,1909.750,1
07:32:17.16700,1909.500,2
07:32:17.81200,1909.750,1
07:32:20.71000,1909.750,1
07:32:21.38600,1909.750,2
07:32:21.53900,1909.750,1
07:32:22.74200,1909.750,2
07:32:25.39800,1909.750,1
07:32:25.63600,1909.500,5
07:32:25.82800,1909.750,1
07:32:30.51900,1909.750,3
07:32:34.17100,1909.750,20
07:32:35.19900,1909.750,1
07:32:35.56600,1909.750,9
07:32:36.09300,1909.750,1
07:32:36.42900,1910.250,324
07:32:36.52700,1910.250,113
07:32:37.44900,1910.250,40
07:32:37.66700,1910.250,4
07:32:37.94900,1910.000,1
07:32:38.71800,1910.250,3
07:32:39.51500,1910.000,6
07:32:40.18300,1910.000,3
07:32:41.25300,1910.250,34
07:32:41.50000,1910.250,49
07:32:41.64800,1910.000,1
07:32:41.82800,1910.250,1
07:32:42.09700,1910.250,2
07:32:42.51100,1910.250,17
07:32:43.63600,1910.500,6
07:32:44.23400,1910.250,2
07:32:44.70700,1910.500,2
07:32:45.94500,1910.250,1
07:32:46.69500,1910.500,13
07:32:47.39800,1910.500,1
07:32:47.83500,1910.500,1
07:32:49.11700,1910.500,1
07:32:50.17500,1910.500,1
07:32:50.54200,1910.500,1
07:32:51.75300,1910.500,3
07:32:52.62800,1910.500,1
07:32:52.96800,1910.500,1
07:32:54.03500,1910.500,1
07:32:54.35500,1910.250,1
07:32:55.48800,1910.500,10
07:32:56.41400,1910.250,94
07:32:56.54600,1910.500,1
07:32:57.78500,1910.500,1
07:33:00.82000,1910.250,20
07:33:01.67500,1910.250,2
07:33:02.23400,1910.250,6
07:33:03.44100,1910.250,2
07:33:03.60500,1910.250,1
07:33:03.79200,1910.250,4
07:33:05.07000,1910.000,5
07:33:05.18300,1910.000,3
07:33:05.42500,1910.250,1
07:33:07.01500,1910.000,5
07:33:09.21000,1910.250,23
07:33:09.28100,1910.250,1
07:33:10.38600,1910.250,1
07:33:10.58500,1910.250,6
07:33:14.38200,1910.000,39
07:33:14.68300,1910.000,48
07:33:15.93700,1910.000,7
07:33:16.30800,1910.250,1
07:33:16.45700,1910.000,4
07:33:17.05000,1910.000,23
07:33:19.44100,1910.000,1
07:33:20.02700,1910.250,1
07:33:22.20700,1910.000,1
07:33:22.73400,1910.000,1
07:33:24.06600,1910.000,1
07:33:28.12800,1910.250,43
07:33:29.83500,1910.250,12
07:33:30.01100,1910.250,2
07:33:30.16700,1910.250,6
07:33:31.38200,1910.250,1
07:33:31.89400,1910.250,7
07:33:35.91400,1910.250,5
07:33:37.09300,1910.250,11
07:33:38.59700,1910.000,1
07:33:38.84300,1910.250,1
07:33:40.00300,1910.250,8
07:33:42.24200,1910.500,1
07:33:44.53900,1910.500,7
07:33:48.52700,1910.250,33
07:33:51.24200,1910.250,1
07:33:51.55800,1910.250,9
07:33:55.61300,1910.500,1
07:33:57.06600,1910.250,1
07:33:57.59700,1910.250,1
07:33:58.00300,1910.250,8
07:33:58.73000,1910.250,8
07:34:00.42100,1910.000,37
07:34:01.69100,1910.000,1
07:34:03.06600,1910.250,54
