09:00:00.25000,1900.750,0
09:00:00.47600,1900.750,42
09:00:00.67100,1900.500,4
09:00:00.90600,1900.750,11
09:00:01.26500,1900.500,2
09:00:02.53900,1900.500,92
09:00:02.92500,1900.750,5
09:00:03.37500,1900.500,33
09:00:04.71000,1900.250,118
09:00:05.71400,1900.250,64
09:00:06.43300,1900.250,10
09:00:07.06200,1900.000,3
09:00:08.05400,1900.000,10
09:00:09.04600,1900.000,72
09:00:09.19100,1900.000,3
09:00:09.45700,1900.000,63
09:00:09.80000,1900.000,14
09:00:11.25300,1900.000,12
09:00:11.66700,1900.000,1
09:00:12.05000,1900.000,5
09:00:13.85500,1899.750,3
09:00:14.30000,1899.750,131
09:00:14.38200,1900.000,36
09:00:14.76100,1900.000,28
09:00:15.19900,1899.750,1
09:00:16.91700,1900.000,53
09:00:17.54600,1900.000,2
09:00:18.28100,1900.250,2
09:00:18.50300,1900.000,1
09:00:18.89000,1900.000,23
09:00:19.14000,1899.750,16
09:00:19.56200,1899.750,41
09:00:20.48400,1899.750,6
09:00:21.65200,1899.750,24
09:00:22.87100,1899.750,11
09:00:25.09300,1899.750,2
09:00:25.67500,1899.750,17
09:00:27.68300,1900.000,1
09:00:28.67900,1900.000,2
09:00:30.13200,1900.000,5
09:00:30.34300,1899.750,5
09:00:31.35500,1900.000,152
09:00:31.85500,1900.000,1
09:00:32.89400,1900.000,1
09:00:37.57000,1900.000,64
09:00:38.11300,1900.000,1
09:00:39.03500,1900.000,4
09:00:41.45700,1900.000,1
09:00:42.61300,1900.000,2
09:00:43.66000,1900.000,17
09:00:45.36700,1900.000,1
09:00:46.59700,1900.000,1
09:00:47.89800,1900.000,1
09:00:48.10500,1900.000,1
09:00:48.15600,1900.000,3
09:00:49.39800,1900.000,1
09:00:49.53100,1900.000,1
09:00:50.25700,1899.750,1
09:00:50.75700,1900.000,13
09:00:50.90600,1899.750,1
09:00:51.73000,1899.750,3
09:00:52.12800,1899.750,1
09:00:53.28500,1900.000,5
09:00:54.91700,1900.000,2
09:00:56.33900,1900.000,1
09:00:57.25000,1900.000,1
09:00:57.41000,1900.000,1
09:00:59.37100,1899.750,1
09:01:01.07400,1900.000,106
09:01:01.76100,1900.000,1
09:01:03.87100,1900.250,7
09:01:04.42100,1900.000,3
09:01:05.00300,1900.000,1
09:01:07.22600,1900.250,1
09:01:07.74200,1900.250,30
09:01:08.49600,1900.250,48
09:01:08.62500,1900.250,10
09:01:09.72200,1900.250,8
09:01:13.04600,1900.500,1
09:01:13.65200,1900.250,11
09:01:16.94900,1900.500,53
09:01:16.94900,1900.500,10
09:01:17.02700,1900.500,1
09:01:19.50300,1900.500,19
09:01:24.61300,1900.500,15
09:01:25.22200,1900.500,1
09:01:27.75700,1900.250,154
09:01:28.13600,1900.250,1
09:01:28.81600,1900.500,1
09:01:29.07800,1900.500,63
09:01:30.03500,1900.500,1
09:01:30.88600,1900.500,5
09:01:32.01900,1900.500,31
09:01:32.30000,1900.500,1
09:01:33.20700,1900.750,1
09:01:33.33900,1900.750,1
09:01:35.97200,1900.750,1
09:01:36.41400,1900.750,1
09:01:36.83500,1900.750,2
09:01:38.26900,1900.750,1
09:01:42.05000,1900.750,67
09:01:43.18300,1900.750,10
09:01:44.60900,1900.750,1
09:01:46.40200,1900.500,22
09:01:49.60500,1900.500,1
09:01:50.19100,1900.750,64
09:01:50.27300,1900.750,9
09:01:50.87800,1900.750,5
09:01:51.07400,1900.750,1
09:01:51.19100,1900.750,1
09:01:51.30800,1900.750,3
09:01:51.57000,1901.000,2
09:01:52.26900,1900.750,1
09:01:54.92100,1901.000,1
09:01:55.57000,1901.000,3
09:01:56.14000,1900.750,16
09:01:56.43300,1900.750,13
09:01:56.79600,1900.500,2
09:01:58.22200,1900.750,6
09:01:58.43700,1900.500,1
09:01:59.75300,1900.750,1
09:02:00.44100,1900.500,161
09:02:00.62100,1900.500,1
09:02:01.37800,1900.500,1
09:02:02.71000,1900.500,11
09:02:05.92100,1900.500,1
09:02:09.13600,1900.500,2
09:02:09.40600,1900.500,1
09:02:10.58200,1900.500,10
09:02:11.05000,1900.750,80
09:02:11.29200,1900.750,10
09:02:12.38600,1900.750,10
09:02:13.05400,1900.750,5
09:02:16.19500,1900.750,1
09:02:18.58900,1900.500,103
09:02:18.74600,1900.750,5
09:02:20.70300,1900.500,4
09:02:21.05000,1900.750,51
09:02:21.37500,1900.500,16
09:02:21.78500,1900.750,108
09:02:22.14000,1901.000,8
09:02:23.01900,1900.750,20
09:02:27.56200,1900.500,1
09:02:28.14400,1900.500,1
09:02:29.78100,1900.750,29
09:02:30.60100,1900.750,2
09:02:30.87100,1900.750,3
09:02:31.21000,1900.750,1
09:02:31.96800,1901.000,1
09:02:34.96800,1901.000,1
09:02:35.87100,1901.000,8
09:02:38.12100,1901.000,3
09:02:39.26100,1901.000,1
09:02:40.37500,1901.000,5
09:02:41.45300,1900.750,3
09:02:41.80400,1900.750,3
09:02:42.25300,1901.000,3
09:02:42.64000,1900.750,1
09:02:43.50300,1901.000,2
09:02:46.25700,1900.750,1
09:02:47.80000,1900.750,3
09:02:49.59700,1900.750,46
09:02:53.89400,1900.750,6
09:02:54.82400,1900.750,1
09:02:54.91000,1901.000,8
09:02:57.16400,1901.000,8
09:02:57.63600,1900.750,1
09:03:01.94100,1900.750,9
09:03:02.58500,1900.750,37
09:03:03.55400,1900.750,1
09:03:04.00300,1900.750,4
09:03:06.17500,1901.000,1
09:03:07.52300,1900.750,2
09:03:08.63600,1900.750,3
09:03:12.09700,1901.000,1
09:03:12.58500,1900.750,1
09:03:14.76900,1900.750,16
09:03:16.24200,1900.750,1
09:03:16.50300,1900.750,5
09:03:16.65600,1900.750,1
09:03:16.75000,1900.750,1
09:03:19.35100,1901.000,1
09:03:19.65600,1900.750,38
09:03:19.83200,1900.750,3
09:03:20.82800,1900.750,6
09:03:21.01100,1900.750,7
09:03:23.11300,1900.500,50
09:03:23.52300,1900.500,19
09:03:24.05400,1900.500,24
09:03:25.71400,1900.250,2
09:03:26.06200,1900.500,19
09:03:26.14400,1900.500,12
09:03:26.21000,1900.500,8
09:03:26.57800,1900.500,1
09:03:27.34700,1900.500,12
09:03:27.63200,1900.500,1
09:03:28.41000,1900.250,6
09:03:28.53900,1900.250,2
09:03:29.34300,1900.250,1
09:03:30.25700,1900.250,1
09:03:31.10100,1900.250,13
09:03:31.19500,1900.000,69
09:03:31.23000,1900.500,51
09:03:31.30400,1900.500,3
09:03:31.47600,1900.250,1
09:03:31.62800,1900.250,1
09:03:31.89000,1900.250,55
09:03:32.50300,1900.250,7
09:03:33.23800,1900.250,25
09:03:33.61700,1900.000,1
09:03:34.02700,1900.250,10
09:03:34.27700,1900.250,2
09:03:35.17100,1900.500,97
09:03:35.33500,1900.500,1
09:03:36.34700,1900.250,55
09:03:36.60500,1900.250,1
09:03:37.22200,1900.250,1
09:03:37.56200,1900.250,1
09:03:38.56600,1900.250,2
09:03:38.95700,1900.250,2
09:03:40.07400,1900.250,1
09:03:43.74600,1900.250,1
09:03:44.52700,1900.250,1
09:03:46.91400,1900.250,1
09:03:49.83500,1900.250,1
09:03:50.52700,1900.250,1
09:03:50.91400,1900.500,1
09:03:53.30800,1900.250,1
09:03:53.73800,1900.500,1
09:03:53.84300,1900.250,78
09:04:02.26900,1899.750,333
09:04:02.35500,1899.750,8
09:04:02.42100,1899.500,4
09:04:02.55800,1899.500,3
09:04:03.09700,1899.750,16
09:04:03.42100,1899.750,3
09:04:04.02700,1899.750,2
09:04:04.15200,1899.750,6
09:04:04.25700,1899.750,1
09:04:05.38200,1899.750,1
09:04:06.24600,1899.750,2
09:04:06.74200,1899.750,3
09:04:07.95700,1899.750,1
09:04:08.11300,1899.750,1
09:04:08.36700,1899.750,5
09:04:08.96400,1899.750,2
09:04:09.50000,1899.750,27
09:04:11.87800,1899.750,1
09:04:12.29200,1899.750,4
09:04:12.67500,1899.500,1
09:04:13.16400,1899.500,1
09:04:14.42900,1899.500,2
09:04:14.81600,1899.500,1
09:04:15.23000,1899.750,42
09:04:15.74600,1899.500,2
09:04:17.14800,1899.500,1
09:04:17.33900,1899.500,21
09:04:17.66000,1899.250,520
09:04:17.83500,1899.000,101
09:04:17.90600,1899.000,1
09:04:17.95300,1899.250,2
09:04:18.94100,1899.000,1
09:04:19.35100,1899.000,1
09:04:19.93700,1899.250,39
09:04:20.06600,1899.000,1
09:04:20.75300,1899.000,1
09:04:21.19100,1899.000,43
09:04:21.91000,1899.250,57
09:04:22.29200,1899.250,4
09:04:22.50300,1899.250,1
09:04:23.32800,1899.250,1
09:04:24.65200,1899.000,1
09:04:25.37100,1899.000,91
09:04:25.45300,1899.000,9
09:04:25.62800,1899.000,9
09:04:26.00700,1899.000,22
09:04:26.75300,1898.750,9
09:04:26.89000,1898.750,1
09:04:27.72200,1898.750,1
09:04:28.14800,1898.750,26
09:04:28.58900,1899.000,40
09:04:28.97200,1899.000,13
09:04:29.40200,1899.000,1
09:04:29.91700,1899.000,8
09:04:30.63200,1899.000,2
09:04:30.72200,1899.000,10
09:04:31.16400,1899.000,7
09:04:32.29600,1899.000,2
09:04:32.44900,1899.000,14
09:04:32.91000,1899.250,1
09:04:35.69500,1899.000,1
09:04:36.83900,1899.000,2
09:04:37.62500,1899.000,54
09:04:38.29600,1899.000,1
09:04:39.36700,1899.000,26
09:04:40.26900,1899.000,2
09:04:40.94500,1899.000,6
09:04:41.43700,1899.000,1
09:04:41.73800,1899.000,37
09:04:42.29600,1899.000,9
09:04:43.32400,1899.000,8
09:04:44.00300,1899.000,33
09:04:45.51900,1899.000,2
09:04:47.42500,1898.750,2
09:04:48.92500,1899.000,1
09:04:49.39000,1898.750,1
09:04:49.66400,1899.000,71
09:04:50.57800,1899.000,1
09:04:51.22600,1899.000,6
09:04:52.29600,1899.000,6
09:04:52.82800,1898.750,1
09:04:53.62800,1899.000,2
09:04:54.08900,1899.000,1
09:04:54.22600,1899.000,5
09:04:57.61700,1899.000,15
09:04:57.75300,1899.000,1
09:04:58.47200,1899.000,1
09:04:59.75700,1899.250,1
09:05:00.78500,1898.750,30
09:05:01.51900,1899.000,4
09:05:02.29600,1899.000,5
09:05:02.85100,1899.000,5
09:05:02.95700,1899.000,6
09:05:03.09700,1899.000,1
09:05:03.68300,1899.000,4
09:05:03.79200,1899.000,1
09:05:04.32000,1899.250,1
09:05:04.70700,1899.000,1
09:05:05.84700,1899.000,1
09:05:06.28100,1899.000,2
09:05:06.80800,1899.000,3
09:05:08.37800,1899.000,1
09:05:09.88200,1899.000,21
09:05:10.84300,1899.000,3
09:05:12.30000,1899.250,3
09:05:14.00000,1899.250,32
09:05:14.08900,1899.250,2
09:05:14.21000,1899.250,1
09:05:17.35500,1899.250,2
09:05:20.60100,1899.250,4
09:05:20.89000,1899.250,4
09:05:21.92100,1899.250,1
09:05:23.22600,1899.250,2
09:05:25.65600,1899.500,2
09:05:26.28100,1899.250,1
09:05:26.75700,1899.500,1
09:05:27.02700,1899.500,1
09:05:28.15600,1899.250,2
09:05:31.74200,1899.250,2
09:05:32.36700,1899.250,5
09:05:33.66700,1899.250,1
09:05:37.35900,1899.250,1
09:05:37.66400,1899.250,3
09:05:38.14000,1899.250,1
09:05:38.63200,1899.500,40
09:05:39.14400,1899.250,1
09:05:39.78100,1899.250,1
09:05:41.26900,1899.250,1
09:05:41.44900,1899.500,1
09:05:41.70300,1899.500,1
09:05:42.39000,1899.500,1
09:05:42.58500,1899.500,1
09:05:44.63200,1899.250,2
09:05:46.16700,1899.250,27
09:05:49.14800,1899.500,91
09:05:49.21400,1899.500,3
09:05:51.20700,1899.500,60
09:05:51.40600,1899.500,16
09:05:55.64800,1899.250,3
09:05:55.83500,1899.250,2
09:05:57.24200,1899.500,1
09:05:58.64800,1899.500,1
09:06:02.93300,1899.500,8
09:06:04.30800,1899.500,8
09:06:08.46400,1899.500,1
09:06:09.72600,1899.750,96
09:06:11.87800,1899.750,2
09:06:13.03500,1899.750,1
09:06:14.00700,1899.750,2
09:06:15.05000,1899.750,7
09:06:17.36300,1900.000,1
09:06:20.18700,1900.000,1
09:06:20.72200,1900.000,2
09:06:21.32000,1899.750,48
09:06:22.58900,1899.500,1
09:06:25.66000,1899.750,16
09:06:26.19500,1899.750,6
09:06:27.14800,1899.750,55
09:06:27.39000,1900.000,9
09:06:27.60900,1899.750,1
09:06:28.80800,1900.000,1
09:06:30.62800,1899.750,16
09:06:31.45300,1899.750,23
09:06:32.34300,1899.750,1
09:06:32.64800,1899.750,11
09:06:33.79200,1899.750,1
09:06:34.85500,1900.000,1
09:06:36.88200,1900.000,2
09:06:37.46400,1900.000,1
09:06:37.94500,1899.750,174
09:06:38.25300,1899.750,2
09:06:43.12500,1899.750,3
09:06:44.60100,1900.000,1
09:06:48.40200,1900.000,162
09:06:48.97200,1900.250,1
09:06:49.96000,1900.000,16
09:06:52.24600,1900.000,52
09:06:52.73000,1900.000,2
09:06:53.09700,1900.000,1
09:06:54.20300,1900.250,6
09:06:54.65600,1900.250,1
09:06:55.33200,1900.000,6
09:06:57.91000,1900.250,10
09:06:58.60100,1900.250,1
09:06:58.91700,1900.000,2
09:07:01.60100,1900.250,9
09:07:02.04200,1900.000,61
09:07:02.23800,1900.000,10
09:07:02.53100,1900.000,2
09:07:03.00300,1900.000,1
09:07:03.45700,1900.000,1
09:07:05.36700,1900.000,2
09:07:06.49600,1900.000,4
09:07:09.09300,1899.750,2
09:07:13.32800,1900.000,4
09:07:15.31600,1900.000,3
09:07:16.18700,1900.000,1
09:07:16.64400,1899.750,2
09:07:17.60500,1900.000,9
09:07:18.19100,1899.750,2
09:07:28.16000,1899.750,1
09:07:29.78500,1900.000,1
09:07:30.91700,1900.000,1
09:07:31.71800,1900.000,1
09:07:31.83500,1900.000,50
09:07:31.84700,1900.000,1
09:07:32.10100,1900.000,5
09:07:32.30400,1900.000,8
09:07:32.44500,1900.000,1
09:07:32.80000,1899.750,6
09:07:35.48400,1900.000,13
09:07:37.19500,1900.250,2
09:07:37.52700,1900.000,1
09:07:37.59700,1900.000,1
09:07:38.75000,1900.000,38
09:07:41.88600,1900.000,3
09:07:42.77300,1900.000,1
09:07:43.77700,1900.000,3
09:07:44.90600,1900.000,8
09:07:47.75300,1900.000,1
09:07:49.03900,1899.750,1
09:07:50.29200,1899.750,1
09:07:51.92900,1900.000,11
09:07:52.28900,1900.000,1
09:07:52.74600,1900.000,31
09:07:52.82800,1900.000,3
09:07:53.61700,1900.000,4
09:07:54.17100,1900.000,1
09:07:55.47200,1899.750,2
09:07:56.26500,1900.000,9
09:07:59.37800,1900.000,3
09:08:02.43700,1900.000,3
09:08:03.06200,1900.000,1
09:08:03.54600,1900.000,1
09:08:04.01900,1900.000,16
09:08:05.00700,1900.000,6
09:08:05.47600,1900.000,1
09:08:07.05000,1900.000,1
09:08:09.04200,1900.000,16
09:08:11.38600,1900.250,8
09:08:11.87100,1900.000,1
09:08:12.76500,1900.000,2
09:08:14.28100,1900.000,2
09:08:15.18300,1900.000,12
09:08:15.44500,1900.000,1
09:08:16.01900,1900.000,4
09:08:19.14400,1900.000,13
09:08:19.33900,1900.250,1
09:08:20.66700,1900.000,9
09:08:23.88200,1900.000,1
09:08:25.45700,1900.250,91
09:08:31.34300,1900.250,1
09:08:32.43300,1900.250,4
09:08:32.88200,1900.250,14
09:08:33.02700,1900.250,2
09:08:34.25300,1900.250,1
09:08:34.67100,1900.500,21
09:08:35.13200,1900.500,1
09:08:35.80000,1900.500,1
09:08:36.10100,1900.250,6
09:08:37.91400,1900.250,1
09:08:41.28500,1900.250,1
09:08:50.32400,1900.500,15
09:08:50.90200,1900.500,1
09:08:51.20300,1900.250,10
09:08:52.11300,1900.500,8
09:08:52.40200,1900.500,65
09:08:52.45300,1900.500,2
09:08:52.75300,1900.500,1
09:08:56.12100,1900.500,53
09:08:57.25700,1900.500,2
09:08:58.00300,1900.500,1
09:08:59.00700,1900.500,4
09:09:01.01500,1900.500,2
09:09:01.83900,1900.500,42
09:09:04.45300,1900.500,1
09:09:05.61300,1900.500,7
09:09:06.72200,1900.750,3
09:09:06.75300,1900.750,1
09:09:07.61700,1900.750,1
09:09:09.21000,1900.500,55
09:09:09.27300,1900.500,2
09:09:09.55800,1900.500,6
09:09:09.91700,1900.500,3
09:09:11.71000,1900.500,53
09:09:11.87800,1900.250,2
09:09:12.46000,1900.500,1
09:09:14.18300,1900.500,21
09:09:14.94100,1900.500,3
09:09:15.30000,1900.750,9
09:09:18.19100,1900.750,1
09:09:20.26500,1900.750,1
09:09:21.62500,1900.750,13
09:09:22.49200,1900.750,1
09:09:24.20700,1900.750,1
09:09:26.10500,1900.750,15
09:09:26.29600,1900.750,1
09:09:27.16000,1900.500,2
09:09:28.59300,1900.500,1
09:09:30.14800,1900.500,3
09:09:32.07400,1900.500,1
09:09:32.22600,1900.500,28
09:09:32.32400,1900.500,6
09:09:32.39800,1900.500,4
09:09:33.07000,1900.500,3
09:09:33.28500,1900.500,18
09:09:33.89000,1900.500,1
09:09:35.55400,1900.500,9
09:09:37.64800,1900.500,2
09:09:38.28500,1900.500,1
09:09:40.73400,1900.500,1
09:09:45.10500,1900.500,50
09:09:45.48400,1900.500,1
09:09:47.26100,1900.500,1
09:09:51.21800,1900.750,8
09:09:53.26900,1900.750,3
09:09:53.69900,1900.750,1
09:09:54.08200,1900.750,1
09:09:54.57400,1900.750,1
09:09:54.75300,1900.750,1
09:09:58.17100,1900.750,1
09:09:58.46800,1900.500,1
09:10:00.95700,1900.500,3
09:10:02.30400,1900.500,9
09:10:03.20700,1900.500,54
09:10:05.04200,1900.500,5
09:10:05.27700,1900.500,10
09:10:06.28900,1900.750,1
09:10:06.87800,1900.750,1
09:10:08.01100,1900.500,1
09:10:09.16700,1900.500,10
09:10:09.85100,1900.500,13
09:10:10.89800,1900.500,1
09:10:12.41400,1900.250,1
09:10:14.88600,1900.250,1
09:10:18.06600,1900.500,7
09:10:19.50000,1900.500,69
09:10:22.25300,1900.500,1
09:10:25.64400,1900.750,1
09:10:27.37800,1900.500,1
09:10:28.16700,1900.500,3
09:10:31.10500,1900.500,3
09:10:32.90600,1900.750,79
09:10:34.67500,1900.500,1
09:10:35.55000,1900.750,121
09:10:40.20700,1900.500,45
09:10:40.37100,1900.500,20
09:10:40.76900,1900.500,2
09:10:41.43700,1900.500,1
09:10:43.36300,1900.500,14
09:10:45.00300,1900.500,7
09:10:46.14800,1900.500,14
09:10:47.77300,1900.500,46
09:10:48.40600,1900.500,20
09:10:50.00300,1900.750,6
09:10:53.91400,1900.500,12
09:10:57.01500,1900.500,7
09:10:57.23400,1900.750,1
09:10:57.39800,1900.500,1
09:10:59.38600,1900.500,25
09:11:01.60900,1900.250,7
09:11:03.12800,1900.500,6
09:11:03.79600,1900.250,1
09:11:05.67500,1900.250,2
09:11:08.16700,1900.250,1
09:11:08.32400,1900.250,5
09:11:08.91700,1900.250,202
09:11:09.04600,1900.250,3
09:11:09.33200,1900.250,4
09:11:11.53900,1900.000,1
09:11:12.89000,1900.000,1
09:11:13.02700,1900.250,1
09:11:17.82000,1900.000,2
09:11:19.47600,1900.000,1
09:11:19.67900,1900.250,1
09:11:22.20300,1900.250,5
09:11:27.88600,1900.250,7
09:11:28.17100,1900.000,1
09:11:28.79600,1900.250,1
09:11:32.71400,1900.250,1
09:11:33.17100,1900.000,3
09:11:37.72200,1900.000,6
09:11:38.40600,1899.750,277
09:11:38.44100,1899.750,71
09:11:38.61300,1899.750,8
09:11:39.03900,1899.750,85
09:11:39.29600,1900.000,2
09:11:40.33500,1899.750,18
09:11:41.16000,1899.750,7
09:11:42.88600,1899.750,13
09:11:44.58900,1900.000,1
09:11:47.25300,1899.750,74
09:11:47.73000,1899.750,10
09:11:48.05400,1899.750,1
09:11:49.70300,1899.750,12
09:11:49.92900,1899.750,1
09:11:50.31600,1899.750,1
09:11:51.18700,1899.500,3
09:11:53.32000,1899.500,1
09:11:53.58200,1899.500,3
09:11:57.44500,1899.500,9
09:11:59.30400,1899.750,5
09:12:00.67900,1899.500,8
09:12:01.94500,1899.500,1
09:12:03.17500,1899.500,1
09:12:04.37100,1899.500,21
09:12:05.78500,1899.500,1
09:12:06.75700,1899.750,46
09:12:06.87500,1899.750,47
09:12:07.41000,1899.750,3
09:12:12.16400,1900.000,53
09:12:12.33900,1899.750,10
09:12:12.39400,1900.000,1
09:12:16.17900,1900.000,1
09:12:19.11300,1899.750,1
09:12:22.42500,1900.000,5
09:12:25.03100,1899.750,1
09:12:26.41700,1899.750,1
09:12:27.17500,1899.750,1
09:12:27.52700,1900.000,1
09:12:30.87100,1900.000,1
09:12:31.94900,1900.000,1
09:12:33.88600,1900.000,5
09:12:34.41400,1899.750,56
09:12:46.06200,1899.500,47
09:12:46.19500,1899.750,1
09:12:47.74200,1899.750,1
09:12:48.01900,1899.500,201
09:12:50.13600,1899.500,4
09:12:50.58500,1899.500,7
09:12:54.33200,1899.500,1
09:12:55.37500,1899.500,1
09:12:56.54600,1899.750,6
09:12:56.83500,1899.500,6
09:12:57.91400,1899.500,3
09:12:59.32800,1899.500,10
09:12:59.44900,1899.500,1
09:12:59.84300,1899.500,14
09:13:00.79600,1899.250,11
09:13:01.96400,1899.500,2
09:13:03.26500,1899.250,2
09:13:03.53900,1899.500,1
09:13:03.72200,1899.250,2
09:13:04.61300,1899.500,42
09:13:05.83500,1899.500,1
09:13:06.13600,1899.500,1
09:13:06.28900,1899.500,3
09:13:06.61300,1899.500,206
09:13:07.23400,1899.500,4
09:13:08.03500,1899.500,12
09:13:08.80400,1899.500,8
09:13:09.55000,1899.750,5
09:13:11.22600,1899.750,1
09:13:12.91700,1899.750,1
09:13:13.46000,1899.500,2
09:13:13.92500,1899.500,30
09:13:14.26100,1899.750,5
09:13:14.63200,1899.500,1
09:13:14.95700,1899.500,2
09:13:15.07000,1899.500,28
09:13:15.53100,1899.500,7
09:13:17.00700,1899.500,1
09:13:19.44500,1899.500,2
09:13:22.41400,1899.500,16
09:13:23.05400,1899.500,6
09:13:23.48400,1899.500,22
09:13:23.68300,1899.750,50
09:13:24.04600,1899.500,14
09:13:25.09300,1899.500,1
09:13:26.10100,1899.750,1
09:13:27.17900,1899.500,1
09:13:29.26500,1899.500,2
09:13:33.04200,1899.750,5
09:13:35.12500,1899.750,1
09:13:38.06600,1899.500,4
09:13:42.13600,1899.500,6
09:13:42.29200,1899.500,1
09:13:44.60100,1899.500,27
09:13:44.80800,1899.500,1
09:13:45.15600,1899.500,21
09:13:45.82800,1899.750,21
09:13:46.21000,1899.500,3
09:13:48.80400,1899.500,35
09:13:49.12100,1899.500,16
09:13:49.28500,1899.500,1
09:13:49.35500,1899.500,12
09:13:50.89400,1899.500,1
09:13:52.23400,1899.500,2
09:13:52.76500,1899.500,3
09:13:54.67100,1899.250,2
09:13:55.33200,1899.250,1
09:13:56.17100,1899.250,1
09:13:56.41400,1899.500,2
09:13:56.76100,1899.500,32
09:13:56.89800,1899.500,3
09:13:57.75700,1899.250,9
09:14:02.79600,1899.250,1
09:14:03.19500,1899.500,4
09:14:04.39800,1899.250,1
09:14:04.55800,1899.500,5
09:14:05.29200,1899.500,1
09:14:06.69100,1899.500,1
09:14:07.42900,1899.500,1
09:14:08.57400,1899.500,7
09:14:08.67500,1899.500,1
09:14:08.69500,1899.500,1
09:14:09.17900,1899.250,1
09:14:09.55400,1899.500,1
09:14:09.62100,1899.500,3
09:14:11.16000,1899.500,1
09:14:11.55800,1899.250,1
09:14:12.07400,1899.500,24
09:14:14.32400,1899.750,73
09:14:14.59700,1899.750,2
09:14:15.26500,1899.750,18
09:14:15.68300,1899.750,3
09:14:15.82000,1899.750,1
09:14:19.62500,1900.000,3
09:14:22.60100,1899.750,4
09:14:27.25700,1900.000,2
09:14:28.18300,1899.750,1
09:14:30.08900,1900.000,1
09:14:30.75700,1899.750,2
09:14:31.20300,1900.000,2
09:14:32.44100,1900.000,98
09:14:33.25000,1900.000,3
09:14:36.02700,1900.000,16
09:14:36.51500,1899.750,3
09:14:36.75300,1900.000,1
09:14:38.05800,1899.750,2
09:14:38.27700,1899.750,25
09:14:38.67500,1899.750,10
09:14:39.72200,1899.750,2
09:14:40.83200,1899.750,36
09:14:41.00300,1899.750,1
09:14:43.07400,1900.000,1
09:14:43.69500,1899.750,37
09:14:44.12500,1900.000,1
09:14:44.85900,1899.750,1
09:14:45.56200,1899.500,2
09:14:46.04600,1899.750,1
09:14:48.27700,1899.750,1
09:14:50.35100,1899.750,31
09:14:53.00000,1899.750,11
09:14:53.59700,1899.750,1
09:14:53.85900,1899.750,13
09:14:54.07000,1900.000,1
09:14:55.00000,1900.000,5
09:14:55.42500,1899.750,10
09:14:59.24600,1899.750,1
09:14:59.64400,1899.750,2
09:15:03.05800,1899.750,29
09:15:03.19500,1899.750,42
09:15:06.57000,1899.750,103
09:15:06.85500,1899.750,1
09:15:07.26100,1899.500,57
09:15:07.31600,1899.500,60
09:15:08.31200,1899.250,4
09:15:09.28100,1899.250,1
09:15:09.84300,1899.500,1
09:15:10.33500,1899.250,1
09:15:10.53500,1899.500,49
09:15:10.57800,1899.500,18
09:15:10.69900,1899.250,25
09:15:11.67500,1899.250,1
09:15:14.15200,1899.500,1
09:15:14.42900,1899.500,65
09:15:14.57800,1899.500,1
09:15:14.64800,1899.500,1
09:15:15.42900,1899.250,24
09:15:16.57400,1899.250,5
09:15:17.88200,1899.500,121
09:15:20.17500,1899.250,1
09:15:20.50700,1899.250,1
09:15:22.36700,1899.250,2
09:15:23.26500,1899.250,2
09:15:25.83500,1899.250,1
09:15:28.43700,1899.250,2
09:15:28.86700,1899.250,1
09:15:32.58200,1899.250,5
09:15:33.21800,1899.250,1
09:15:34.13600,1899.250,1
09:15:36.23000,1899.250,2
09:15:37.76500,1899.250,1
09:15:39.16700,1899.500,5
09:15:40.83500,1899.500,29
09:15:42.57800,1899.250,1
09:15:46.60500,1899.500,1
09:15:47.61700,1899.750,101
09:15:48.10500,1899.500,35
09:15:49.55000,1899.500,161
09:15:49.67500,1899.250,23
09:15:49.92100,1899.500,59
09:15:50.86300,1899.500,5
09:15:51.21400,1899.250,4
09:15:55.15600,1899.500,6
09:15:56.18300,1899.500,2
09:15:57.25000,1899.500,1
09:15:57.52300,1899.500,1
09:15:59.75300,1899.250,1
09:16:08.71400,1899.500,2
09:16:10.82000,1899.250,1
09:16:11.48800,1899.250,1
09:16:12.65200,1899.250,1
09:16:14.51900,1899.500,67
09:16:15.59300,1899.500,30
09:16:15.78100,1899.500,68
09:16:16.23800,1899.250,1
09:16:16.46800,1899.250,17
09:16:17.29200,1899.500,67
09:16:24.41700,1899.500,1
09:16:24.60100,1899.500,1
09:16:25.43700,1899.500,1
09:16:33.76100,1899.500,1
09:16:34.66000,1899.500,1
09:16:35.09300,1899.250,49
09:16:40.74200,1899.250,1
09:16:41.24200,1899.250,1
09:16:43.26500,1899.250,1
09:16:59.39800,1899.250,4
09:17:02.57800,1899.250,2
09:17:02.70700,1899.250,50
09:17:03.13200,1899.250,1
09:17:04.52700,1899.250,76
09:17:04.61300,1899.250,1
09:17:05.01100,1899.250,69
09:17:05.01900,1899.250,12
09:17:05.94100,1899.250,15
09:17:06.08500,1899.250,11
09:17:07.42900,1899.250,64
09:17:09.53900,1899.250,5
09:17:11.37800,1899.500,1
09:17:14.15200,1899.250,57
09:17:14.72200,1899.250,13
09:17:14.97200,1899.250,1
09:17:19.39000,1899.500,5
09:17:20.10100,1899.500,1
09:17:21.48400,1899.500,1
09:17:23.63200,1899.250,137
09:17:26.03500,1899.250,1
09:17:26.18300,1899.500,1
09:17:26.74200,1899.250,2
09:17:30.34300,1899.250,1
09:17:30.57400,1899.250,34
09:17:30.61700,1899.250,8
09:17:31.34700,1899.250,13
09:17:31.63600,1899.000,5
09:17:32.60100,1899.250,23
09:17:33.75700,1899.250,12
09:17:33.86700,1899.250,2
09:17:34.31600,1899.250,1
09:17:34.87500,1899.250,1
09:17:35.56600,1899.250,1
09:17:35.93300,1899.000,2
09:17:36.14400,1899.000,2
09:17:36.53500,1899.250,1
09:17:37.07400,1899.250,4
09:17:37.35500,1899.250,1
09:17:43.09700,1899.250,1
09:17:49.87800,1899.000,1
09:17:52.85900,1899.250,1
09:17:55.37500,1899.250,2
09:17:56.66400,1899.000,2
09:17:57.67500,1899.250,43
09:17:58.47600,1899.000,2
09:17:59.20300,1899.250,23
09:18:01.54200,1899.000,59
09:18:01.65600,1899.250,1
09:18:01.79200,1899.250,1
09:18:03.95300,1899.500,2
09:18:05.97200,1899.250,1
09:18:06.22200,1899.500,1
09:18:06.67900,1899.500,1
09:18:08.42900,1899.500,1
09:18:08.74200,1899.500,1
09:18:12.46000,1899.250,1
09:18:13.51500,1899.500,4
09:18:17.50300,1899.250,1
09:18:17.73400,1899.500,1
09:18:24.32800,1899.250,1
09:18:25.33500,1899.500,1
09:18:25.68700,1899.500,1
09:18:26.30000,1899.250,1
09:18:27.83200,1899.250,2
09:18:30.01100,1899.500,5
09:18:33.62800,1899.500,1
09:18:35.41700,1899.500,8
09:18:35.81600,1899.250,97
09:18:35.82800,1899.250,1
09:18:36.06600,1899.250,9
09:18:36.25000,1899.250,1
09:18:36.36300,1899.500,4
09:18:39.75300,1899.250,10
09:18:40.16400,1899.250,1
09:18:40.94900,1899.250,49
09:18:41.12500,1899.000,1
09:18:44.28100,1899.000,102
09:18:45.32800,1899.000,7
09:18:45.43300,1899.000,13
09:18:45.66400,1899.000,1
09:18:46.11300,1899.000,54
09:18:50.31600,1899.000,61
09:18:51.03900,1899.000,2
09:18:52.15600,1898.750,9
09:18:54.71400,1898.750,10
09:18:55.31600,1898.750,108
09:18:56.39000,1898.750,1
09:19:01.82400,1898.750,117
09:19:01.91400,1898.750,38
09:19:04.00700,1899.000,1
09:19:06.60500,1898.750,1
09:19:07.71800,1898.750,6
09:19:08.39000,1899.000,1
09:19:08.94500,1898.750,1
09:19:10.83500,1898.750,1
09:19:11.17100,1899.000,1
09:19:11.77300,1898.750,10
09:19:13.32000,1898.750,1
09:19:14.92100,1898.750,7
09:19:15.57000,1899.000,1
09:19:16.70300,1898.750,2
09:19:17.25300,1899.000,1
09:19:18.31600,1898.750,43
09:19:21.47600,1898.750,1
09:19:22.48800,1898.500,1
09:19:22.70700,1898.750,1
09:19:23.13600,1898.500,2
09:19:23.25300,1898.500,28
09:19:23.68700,1898.500,1
09:19:24.68300,1898.500,1
09:19:26.01100,1898.750,1
09:19:26.25700,1898.750,1
09:19:28.44900,1898.500,1
09:19:28.88200,1898.750,1
09:19:29.95700,1898.500,1
09:19:30.46800,1898.500,7
09:19:31.04600,1898.750,2
09:19:32.07000,1898.750,23
09:19:32.64800,1898.500,1
09:19:33.12500,1898.750,65
09:19:33.21000,1898.750,37
09:19:34.07800,1898.750,20
09:19:35.41700,1898.750,13
09:19:35.92500,1898.750,6
09:19:37.87500,1898.750,1
09:19:38.05000,1899.000,2
09:19:38.17100,1898.750,11
09:19:38.26100,1898.750,5
09:19:38.60500,1898.750,9
09:19:38.68700,1898.750,43
09:19:38.96000,1898.750,22
09:19:39.19100,1898.750,1
09:19:39.69500,1898.750,5
09:19:40.14800,1898.750,24
09:19:40.25000,1898.750,1
09:19:40.38200,1898.750,3
09:19:40.73800,1898.750,2
09:19:41.10900,1898.750,5
09:19:41.26900,1898.500,1
09:19:41.49600,1898.750,7
09:19:41.69500,1898.750,1
09:19:42.17100,1898.750,1
09:19:42.47200,1898.750,33
09:19:43.01100,1899.000,176
09:19:43.01900,1899.000,14
09:19:43.36300,1899.000,6
09:19:44.30400,1899.250,6
09:19:44.48400,1899.000,1
09:19:45.35900,1899.000,8
09:19:46.15600,1899.000,1
09:19:47.28100,1899.000,5
09:19:48.41000,1899.000,2
09:19:48.95300,1899.000,1
09:19:49.33200,1899.000,1
09:19:56.15200,1899.250,10
09:20:00.85100,1899.250,15
09:20:02.46400,1899.000,8
09:20:02.66700,1899.250,1
09:20:03.02300,1899.000,2
09:20:03.23800,1899.000,4
09:20:03.36700,1899.000,6
09:20:04.73000,1899.000,1
09:20:06.29200,1899.000,5
09:20:06.53900,1899.250,1
09:20:07.01900,1899.000,2
09:20:08.46400,1899.000,1
09:20:08.93700,1899.000,2
09:20:09.45700,1899.000,1
09:20:10.20700,1899.000,1
09:20:13.94500,1899.000,2
09:20:15.38600,1899.250,3
09:20:18.75000,1899.000,2
09:20:22.57800,1899.250,1
09:20:25.20300,1899.250,12
09:20:25.96800,1899.000,2
09:20:26.28500,1899.250,1
09:20:28.37800,1899.000,3
09:20:33.12800,1899.000,1
09:20:33.77700,1899.000,1
09:20:33.85500,1899.000,1
09:20:34.03900,1899.250,1
09:20:36.18700,1899.250,1
09:20:36.54200,1899.000,2
09:20:37.00700,1899.000,24
09:20:37.12500,1899.000,1
09:20:38.33200,1899.000,1
09:20:38.48800,1899.250,3
09:20:39.00700,1899.250,2
09:20:39.06600,1899.250,2
09:20:39.23800,1899.000,49
09:20:42.59300,1899.000,36
09:20:42.71800,1899.000,1
09:20:42.92100,1899.000,1
09:20:51.89000,1899.000,1
09:20:53.80800,1899.000,35
09:20:54.62500,1899.000,42
09:20:55.35900,1898.750,92
09:20:56.86700,1898.750,1
09:20:57.21800,1898.750,19
09:20:57.27700,1898.750,2
09:20:58.05000,1898.500,7
09:20:59.17100,1898.500,1
09:21:02.49200,1898.750,70
09:21:03.41400,1898.750,27
09:21:04.14400,1898.750,5
09:21:04.40200,1898.750,1
09:21:07.34300,1898.750,1
09:21:07.68300,1899.000,10
09:21:09.28100,1898.750,3
09:21:10.17500,1898.750,1
09:21:12.32800,1898.750,7
09:21:12.67100,1898.750,1
09:21:13.03500,1898.750,13
09:21:13.75000,1898.750,1
09:21:13.85900,1899.000,1
09:21:14.82800,1898.750,1
09:21:17.50300,1898.500,108
09:21:18.28900,1898.750,25
09:21:18.35100,1898.750,17
09:21:18.82800,1898.750,3
09:21:18.90600,1898.500,1
09:21:19.05000,1898.750,1
09:21:19.10900,1898.750,1
09:21:19.34700,1898.750,4
09:21:19.74200,1898.750,10
09:21:20.07000,1898.750,13
09:21:20.47200,1898.750,3
09:21:22.05800,1898.750,1
09:21:23.58500,1898.750,24
09:21:25.96000,1898.500,11
09:21:26.49200,1898.750,3
09:21:27.03100,1899.000,4
09:21:27.70300,1898.750,1
09:21:30.78900,1898.750,1
09:21:34.75700,1899.000,105
09:21:35.53900,1899.000,28
09:21:35.89000,1899.000,1
09:21:36.11300,1899.000,2
09:21:36.35500,1899.000,3
09:21:37.58500,1899.250,56
09:21:37.59700,1899.250,4
09:21:38.26500,1899.250,3
09:21:38.88600,1899.250,1
09:21:40.96000,1899.250,1
09:21:41.41700,1899.250,13
09:21:42.22200,1899.000,1
09:21:42.51900,1899.250,7
09:21:43.00300,1899.250,5
09:21:43.01900,1899.250,4
09:21:43.93700,1899.250,4
09:21:46.10500,1899.250,1
09:21:46.85100,1899.250,1
09:21:48.19500,1899.000,69
09:21:49.78100,1899.000,5
09:21:50.01900,1899.000,14
09:21:51.00000,1899.000,3
09:21:51.69900,1899.000,6
09:21:52.08200,1899.000,1
09:21:52.60100,1899.000,2
09:21:53.71800,1899.000,4
09:21:54.55000,1899.000,33
09:21:54.90600,1899.000,2
09:21:55.03900,1899.000,6
09:21:56.53500,1899.000,18
09:21:57.07400,1899.000,5
09:21:57.43300,1899.000,1
09:21:57.64800,1899.000,8
09:21:59.30400,1899.000,109
09:21:59.57000,1899.000,1
09:22:01.95300,1899.000,28
09:22:03.25700,1899.250,38
09:22:05.91000,1899.250,4
09:22:07.60900,1899.250,62
09:22:07.91000,1899.250,1
09:22:08.44500,1899.250,18
09:22:08.70700,1899.000,1
09:22:08.94100,1899.250,4
09:22:09.47600,1899.250,3
09:22:11.40600,1899.000,31
09:22:13.72200,1899.250,1
09:22:14.70700,1899.000,17
09:22:16.85500,1899.250,1
09:22:17.69500,1898.750,79
09:22:17.89000,1899.000,1
09:22:19.94100,1899.000,9
09:22:22.92900,1899.000,2
09:22:24.62500,1899.000,1
09:22:25.89000,1899.000,2
09:22:26.15200,1899.000,1
09:22:26.50000,1899.000,1
09:22:27.60500,1899.000,1
09:22:30.64800,1899.000,1
09:22:34.52300,1899.000,1
09:22:34.97200,1898.750,1
09:22:35.60900,1898.750,2
09:22:38.17500,1898.750,2
09:22:39.36700,1899.000,1
09:22:39.49200,1899.000,2
09:22:40.05000,1899.000,124
09:22:40.44500,1899.000,15
09:22:40.88600,1899.000,3
09:22:41.09300,1899.000,1
09:22:41.53100,1899.000,10
09:22:47.85900,1898.750,50
09:22:51.64800,1898.750,1
09:22:53.43700,1899.000,1
09:22:55.21000,1899.000,13
09:22:56.68700,1899.000,1
09:22:59.40600,1899.000,1
09:23:03.54200,1899.000,7
09:23:04.48400,1898.750,1
09:23:08.53900,1899.000,1
09:23:15.35500,1898.750,18
09:23:15.44100,1898.750,2
09:23:15.62500,1898.750,1
09:23:15.83200,1898.750,3
09:23:16.54200,1899.000,6
09:23:16.69100,1898.750,36
09:23:17.19500,1898.750,6
09:23:20.35900,1898.750,2
09:23:23.94500,1898.750,33
09:23:25.01900,1898.750,33
09:23:25.22600,1899.000,13
09:23:25.46000,1899.000,1
09:23:25.94900,1898.750,1
09:23:26.23400,1898.750,13
09:23:26.64800,1898.750,2
09:23:27.30800,1899.000,2
09:23:27.44900,1899.000,3
09:23:27.58500,1898.750,31
09:23:27.73800,1898.750,5
09:23:27.94100,1899.000,1
09:23:28.15200,1898.750,1
09:23:28.39800,1899.000,1
09:23:29.04200,1899.000,2
09:23:29.39800,1898.750,17
09:23:29.49200,1899.000,7
09:23:29.96800,1899.000,8
09:23:30.48400,1898.750,3
09:23:33.17900,1898.750,8
09:23:34.33500,1898.750,7
09:23:38.23800,1898.750,2
09:23:41.79600,1898.750,7
09:23:42.48800,1899.000,5
09:23:45.51500,1898.750,1
09:23:48.31600,1898.750,1
09:23:49.10900,1899.000,2
09:23:49.82400,1899.000,1
09:23:53.08900,1899.000,4
09:23:53.81600,1898.750,1
09:23:55.21800,1899.000,14
09:23:55.75700,1899.000,72
09:23:57.21400,1899.000,1
09:23:57.41700,1898.750,1
09:23:59.09300,1899.000,1
09:24:00.91400,1898.750,13
09:24:01.95700,1899.000,2
09:24:02.57400,1899.000,20
09:24:03.01900,1899.000,1
09:24:03.40200,1898.750,5
09:24:06.79600,1899.000,20
09:24:08.80800,1899.000,1
09:24:09.20300,1899.000,4
09:24:10.21800,1899.000,1
09:24:11.21800,1899.000,4
09:24:11.80400,1899.000,115
09:24:12.14800,1899.000,139
09:24:12.46800,1899.250,1
09:24:13.80000,1899.000,41
09:24:14.74600,1899.750,699
09:24:14.74600,1899.750,3
09:24:14.75000,1899.500,30
09:24:14.75300,1899.750,20
09:24:14.78500,1899.750,80
09:24:15.00700,1899.500,25
09:24:15.07800,1899.500,15
09:24:15.29200,1899.750,19
09:24:15.44500,1899.250,57
09:24:15.66000,1899.500,3
09:24:15.80000,1899.500,3
09:24:16.25700,1899.250,2
09:24:16.86300,1899.500,1
09:24:17.26100,1899.250,188
09:24:17.42100,1899.250,1
09:24:17.50300,1899.250,1
09:24:18.69500,1899.000,25
09:24:19.56600,1899.250,1
09:24:19.83200,1899.250,3
09:24:22.20300,1899.250,5
09:24:22.77700,1899.250,57
09:24:23.21800,1899.250,1
09:24:24.46800,1899.000,50
09:24:25.59300,1899.000,1
09:24:27.10100,1899.250,1
09:24:29.89000,1899.000,2
09:24:39.80800,1899.250,1
09:24:40.21800,1899.250,5
09:24:40.55800,1899.000,2
09:24:40.94900,1899.250,1
09:24:41.22200,1899.250,1
09:24:43.25300,1899.250,1
09:24:44.78100,1899.250,120
09:24:44.78100,1899.250,3
09:24:45.96000,1899.250,1
09:24:48.22600,1899.250,1
09:24:50.84300,1899.250,1
09:24:53.95300,1899.000,1
09:24:54.82000,1899.250,1
09:24:55.23400,1899.250,4
09:24:56.21800,1899.250,4
09:24:56.28100,1899.250,1
09:24:58.52300,1899.250,8
09:24:58.82000,1899.250,12
09:25:02.10500,1899.250,2
09:25:02.54600,1899.250,3
09:25:05.40200,1899.250,5
09:25:05.50700,1899.250,1
09:25:08.28900,1899.250,1
09:25:10.21800,1899.250,5
09:25:11.21800,1899.250,1
09:25:11.78100,1899.250,1
09:25:14.08200,1899.000,1
09:25:15.73000,1899.000,5
09:25:16.30400,1899.250,4
09:25:20.37800,1898.750,113
09:25:20.48400,1898.750,1
09:25:20.53900,1898.750,3
09:25:20.78900,1899.000,1
09:25:26.40200,1898.750,3
09:25:29.47200,1898.750,107
09:25:30.21800,1898.500,10
09:25:30.68700,1898.750,10
09:25:31.02700,1898.750,7
09:25:31.23000,1899.000,3
09:25:31.36300,1898.750,1
09:25:31.60900,1898.750,3
09:25:31.91400,1898.750,4
09:25:32.40600,1899.000,1
09:25:35.33900,1898.750,1
09:25:36.66000,1898.750,6
09:25:39.71000,1899.000,1
09:25:41.22200,1899.000,6
09:25:42.18300,1899.000,86
09:25:43.06600,1899.000,1
09:25:44.42100,1899.000,1
09:25:46.11700,1899.000,1
09:25:46.55000,1898.750,2
09:25:47.48400,1899.000,7
09:25:49.25000,1899.000,2
09:25:50.68300,1899.000,2
09:25:52.21000,1899.000,1
09:25:53.09300,1899.500,89
09:25:53.88600,1899.250,1
09:25:55.22200,1899.500,1
09:25:56.23400,1899.500,4
09:25:59.21000,1899.250,5
09:26:07.44100,1899.500,64
09:26:10.23000,1899.500,9
09:26:10.43700,1899.500,5
09:26:11.12800,1899.500,2
09:26:11.50000,1899.500,40
09:26:12.44100,1899.250,5
09:26:13.84700,1899.250,46
09:26:15.35500,1899.250,1
09:26:15.84700,1899.250,31
09:26:16.49200,1899.250,3
09:26:17.15600,1899.500,1
09:26:18.23400,1899.250,1
09:26:19.91000,1899.500,1
09:26:22.23800,1899.250,1
09:26:24.59300,1899.250,3
09:26:24.95300,1899.250,2
09:26:25.23400,1899.500,8
09:26:30.23800,1899.250,1
09:26:33.32800,1899.250,1
09:26:34.23800,1899.250,1
09:26:38.23800,1899.250,1
09:26:39.55800,1899.500,121
09:26:40.29200,1899.750,40
09:26:40.41000,1899.750,1
09:26:40.67900,1899.750,40
09:26:40.73800,1899.750,1
09:26:41.01900,1899.500,10
09:26:41.42900,1899.500,15
09:26:42.23800,1899.500,3
09:26:44.09700,1899.750,38
09:26:44.33200,1899.750,4
09:26:44.57400,1899.750,4
09:26:45.35500,1899.750,1
09:26:45.46400,1899.750,17
09:26:46.52300,1899.500,253
09:26:49.78900,1899.750,2
09:26:51.91700,1899.750,221
09:26:55.22600,1900.000,13
09:26:55.34700,1900.000,1
09:26:56.22200,1900.000,5
09:26:56.61300,1900.000,1
09:26:59.16400,1899.750,44
09:26:59.18300,1899.750,12
09:26:59.74200,1899.750,2
09:27:00.66400,1899.750,2
09:27:01.16400,1899.750,1
09:27:02.85900,1899.750,1
09:27:03.09300,1899.750,1
09:27:06.51900,1899.750,2
09:27:07.34300,1899.750,1
09:27:09.28500,1899.500,8
09:27:10.32400,1899.750,12
09:27:11.23000,1899.750,5
09:27:12.15600,1899.750,2
09:27:12.36700,1899.750,2
09:27:12.91000,1899.750,106
09:27:13.01900,1899.750,1
09:27:14.77700,1899.750,1
09:27:15.32800,1899.750,1
09:27:15.78900,1900.000,1
09:27:16.65200,1900.000,3
09:27:19.18300,1900.000,2
09:27:21.09300,1900.000,5
09:27:22.25000,1900.000,10
09:27:24.04600,1899.750,3
09:27:25.23000,1900.000,5
09:27:26.23000,1900.000,1
09:27:30.25700,1900.000,177
09:27:30.31200,1900.000,28
09:27:30.89400,1900.000,4
09:27:31.03100,1900.000,15
09:27:31.15600,1900.000,4
09:27:31.30800,1900.000,11
09:27:32.04200,1900.000,1
09:27:33.70300,1900.000,121
09:27:33.76100,1900.000,2
09:27:35.02300,1900.000,4
09:27:36.48800,1900.250,64
09:27:36.48800,1900.250,27
09:27:36.48800,1900.250,21
09:27:36.57400,1900.500,7
09:27:36.92900,1900.500,1
09:27:37.17500,1900.250,8
09:27:37.35500,1900.250,3
09:27:38.37800,1900.250,4
09:27:38.92100,1900.250,7
09:27:39.26500,1900.250,1
09:27:40.09300,1900.250,1
09:27:40.23400,1900.250,2
09:27:40.60500,1900.250,1
09:27:41.23000,1900.250,4
09:27:41.40200,1900.250,1
09:27:42.82000,1900.250,1
09:27:42.93700,1900.250,1
09:27:43.90200,1900.250,1
09:27:44.55800,1900.250,1
09:27:45.81200,1900.250,1
09:27:46.65200,1900.250,1
09:27:51.08900,1900.000,98
09:27:51.18700,1900.000,1
09:27:51.80000,1900.000,106
09:27:52.10100,1900.000,21
09:27:52.76900,1900.000,2
09:27:53.86700,1900.000,3
09:27:55.26100,1900.000,4
09:27:55.83900,1900.000,29
09:27:56.36700,1900.000,5
09:27:56.63600,1900.000,3
09:27:57.07000,1900.000,2
09:27:57.47600,1899.750,1
09:27:57.69100,1900.000,1
09:27:58.48000,1900.000,1
09:27:58.89000,1900.000,8
09:27:59.59300,1900.000,2
09:28:02.13200,1900.000,138
09:28:02.23000,1900.250,4
09:28:02.92100,1899.750,100
09:28:03.23800,1900.000,7
09:28:03.89000,1900.000,2
09:28:04.09300,1900.000,5
09:28:05.44500,1900.000,16
09:28:05.57800,1900.000,19
09:28:06.08200,1900.000,1
09:28:06.34700,1900.000,42
09:28:06.50700,1899.750,2
09:28:07.46400,1899.750,5
09:28:07.61700,1899.750,1
09:28:07.95300,1899.750,2
09:28:10.89000,1900.000,1
09:28:12.36700,1899.750,42
09:28:12.94900,1899.750,10
09:28:13.83200,1900.000,1
09:28:14.10500,1900.000,140
09:28:14.11700,1900.000,41
09:28:14.19100,1900.000,5
09:28:14.26900,1900.000,3
09:28:15.72200,1900.000,63
09:28:15.89400,1900.000,1
09:28:17.03100,1900.000,7
09:28:17.24600,1900.000,1
09:28:18.64800,1899.750,1
09:28:19.54600,1899.750,2
09:28:20.53500,1899.750,70
09:28:20.74200,1900.000,1
09:28:22.79200,1899.750,40
09:28:23.48000,1900.000,1
09:28:24.09700,1899.750,55
09:28:24.27700,1899.750,1
09:28:24.73000,1899.750,2
09:28:25.26100,1900.000,5
09:28:26.23800,1900.000,6
09:28:26.54200,1899.750,286
09:28:26.78500,1899.750,3
09:28:26.94100,1899.750,2
09:28:27.26900,1899.750,1
09:28:28.31200,1899.750,1
09:28:29.25000,1899.750,10
09:28:30.89400,1900.000,1
09:28:31.20700,1900.000,1
09:28:31.48000,1900.000,173
09:28:34.21000,1899.750,3
09:28:34.87500,1899.750,2
09:28:35.00300,1899.750,15
09:28:38.12500,1899.750,1
09:28:38.90600,1900.000,4
09:28:39.51100,1899.750,5
09:28:39.69900,1900.000,5
09:28:40.23400,1900.000,5
09:28:43.94900,1899.750,4
09:28:44.51900,1899.750,1
09:28:45.16400,1900.000,5
09:28:45.41400,1900.000,34
09:28:45.96000,1900.000,1
09:28:46.87100,1900.000,2
09:28:47.74600,1900.000,23
09:28:48.09300,1900.000,1
09:28:48.29200,1900.000,1
09:28:50.26100,1900.250,2
09:28:50.52700,1900.250,6
09:28:50.86300,1900.000,1
09:28:51.78900,1900.250,1
09:28:52.29200,1900.000,63
09:28:52.55400,1900.000,1
09:28:53.65200,1900.250,2
09:28:54.86300,1900.250,18
09:28:55.02300,1900.250,10
09:28:55.31200,1900.250,9
09:28:56.16000,1900.250,1
09:28:59.00700,1900.000,1
09:29:00.53100,1900.000,2
09:29:00.73800,1900.250,1
09:29:01.84700,1900.000,112
09:29:02.19500,1900.000,6
09:29:02.89800,1900.000,72
09:29:05.23400,1900.250,2
09:29:05.43700,1900.000,1
09:29:06.03500,1900.000,2
09:29:06.64400,1900.000,4
09:29:08.75000,1900.250,1
09:29:09.05000,1900.000,1
09:29:09.78500,1900.000,1
09:29:10.09300,1900.000,3
09:29:10.23400,1900.000,1
09:29:10.75700,1900.000,15
09:29:11.04200,1900.000,829
09:29:12.16400,1899.750,148
09:29:16.02300,1899.750,1
09:29:16.72600,1899.750,62
09:29:17.35100,1899.750,5
09:29:17.87800,1899.750,1
09:29:18.58200,1899.500,5
09:29:18.69100,1899.750,1
09:29:19.44500,1899.500,3
09:29:19.60500,1899.500,1
09:29:21.64800,1899.500,1
09:29:22.22200,1899.500,1
09:29:23.01500,1899.500,2
09:29:23.24600,1899.750,1
09:29:23.57800,1899.500,3
09:29:24.73800,1899.500,3
09:29:25.23000,1899.500,7
09:29:25.78100,1899.750,120
09:29:25.79600,1900.000,95
09:29:26.14000,1899.750,2
09:29:26.48800,1899.750,54
09:29:27.03100,1899.750,57
09:29:27.09300,1899.750,5
09:29:28.02700,1900.000,1
09:29:28.23000,1899.750,1
09:29:28.69100,1900.000,3
09:29:28.82800,1900.000,291
09:29:28.83500,1900.000,357
09:29:29.65200,1900.000,8
09:29:30.00700,1900.000,2
09:29:30.57800,1900.250,2
09:29:31.59300,1900.250,1
09:29:31.91700,1900.250,1
09:29:32.05400,1900.000,22
09:29:32.26900,1900.000,3
09:29:32.87800,1900.000,3
09:29:33.17500,1900.250,2
09:29:33.77700,1900.000,24
09:29:33.93300,1900.000,14
09:29:34.07000,1900.000,8
09:29:34.28900,1900.000,3
09:29:34.94100,1900.000,1
09:29:35.04200,1900.000,3
09:29:35.26100,1900.250,4
09:29:35.33200,1900.000,1
09:29:35.72600,1900.250,1
09:29:36.49600,1900.000,1
09:29:36.68700,1900.000,1
09:29:37.11700,1900.000,4
09:29:37.45700,1900.000,20
09:29:37.87100,1900.000,40
09:29:37.90600,1900.000,1
09:29:38.10500,1900.000,21
09:29:38.28900,1900.000,4
09:29:39.04600,1900.000,12
09:29:40.00700,1900.000,1
09:29:40.25300,1900.000,4
09:29:40.64000,1900.250,2
09:29:41.06600,1900.000,1
09:29:41.24600,1900.250,3
09:29:41.35100,1900.000,4
09:29:41.51500,1900.000,1
09:29:41.93700,1900.000,1
09:29:42.45300,1900.000,2
09:29:43.00000,1900.000,4
09:29:43.49200,1900.000,7
09:29:43.71400,1900.000,4
09:29:43.91400,1900.000,2
09:29:44.02700,1900.250,7
09:29:44.25000,1900.000,2
09:29:45.37800,1900.250,4
09:29:45.48800,1900.000,1
09:29:46.27700,1900.000,23
09:29:46.78100,1899.750,31
09:29:47.07000,1899.750,3
09:29:47.63200,1900.000,10
09:29:47.70700,1900.000,4
09:29:47.83500,1899.750,8
09:29:48.40600,1900.000,2
09:29:48.70300,1899.750,1
09:29:48.85900,1899.750,1
09:29:48.96000,1900.000,1
09:29:49.24600,1900.000,14
09:29:49.41400,1900.250,7
09:29:50.01100,1900.250,2
09:29:50.83500,1900.000,11
09:29:51.23800,1900.000,3
09:29:51.39000,1900.000,1
09:29:51.59700,1900.000,2
09:29:52.07000,1900.250,1
09:29:52.64400,1900.000,1
09:29:52.83500,1900.000,2
09:29:53.24200,1900.250,4
09:29:53.37800,1900.000,1
09:29:53.46000,1900.250,3
09:29:53.89400,1900.250,1
09:29:54.21800,1900.000,7
09:29:55.01100,1900.000,1
09:29:55.24200,1900.250,2
09:29:55.44100,1900.000,1
09:29:55.75700,1900.000,2
09:29:56.03100,1900.000,1
09:29:56.20300,1900.250,1
09:29:57.07800,1900.000,5
09:29:57.42100,1900.250,193
09:29:57.54200,1900.000,1
09:29:57.87500,1900.250,26
09:29:58.21000,1900.000,11
09:29:58.76500,1900.250,14
09:29:59.04600,1900.250,608
09:29:59.37100,1900.000,186
09:30:00.00300,1900.250,48
09:30:00.01500,1900.250,214
09:30:00.03500,1900.250,312
09:30:00.04600,1900.500,424
09:30:00.10900,1900.000,839
09:30:00.12800,1900.000,124
09:30:00.26900,1899.750,175
09:30:00.34700,1899.750,49
09:30:00.54600,1899.750,30
09:30:00.63600,1899.750,119
09:30:01.05400,1900.000,72
09:30:01.13600,1899.750,117
09:30:01.13600,1899.500,3
09:30:01.24600,1899.500,477
09:30:01.24600,1899.500,33
09:30:01.25000,1899.500,51
09:30:01.25000,1899.500,18
09:30:01.25000,1899.500,54
09:30:01.26500,1899.750,131
09:30:01.26500,1899.500,1
09:30:01.73400,1899.500,8
09:30:01.91700,1899.750,2
09:30:02.03900,1899.500,74
09:30:02.13600,1899.500,147
09:30:02.13600,1899.500,3
09:30:02.24200,1899.750,56
09:30:02.25700,1899.500,236
09:30:02.43700,1899.500,49
09:30:02.45300,1899.250,21
09:30:03.06600,1899.250,26
09:30:03.25000,1899.500,419
09:30:03.33900,1899.500,57
09:30:03.58900,1899.500,192
09:30:03.60500,1899.750,1
09:30:03.72200,1899.750,1
09:30:03.95300,1899.500,46
09:30:03.96800,1899.750,34
09:30:04.18700,1899.750,96
09:30:04.27700,1899.750,46
09:30:04.33900,1900.000,29
09:30:04.46800,1899.500,91
09:30:04.55800,1899.500,8
09:30:04.68300,1899.500,13
09:30:05.00000,1899.500,54
09:30:05.00300,1899.500,5
09:30:05.14000,1899.750,14
09:30:05.22200,1899.750,31
09:30:05.31200,1899.750,58
09:30:05.41000,1899.750,5
09:30:05.41400,1899.750,30
09:30:05.53100,1899.500,616
09:30:05.58500,1899.500,264
09:30:05.73000,1899.500,38
09:30:05.89400,1899.500,57
09:30:06.03500,1899.500,146
09:30:06.13600,1899.500,11
09:30:06.25000,1899.500,21
09:30:06.52300,1899.500,37
09:30:06.61700,1899.500,122
09:30:06.71400,1899.250,14
09:30:06.78900,1899.500,7
09:30:07.07800,1899.250,26
09:30:07.24200,1899.250,69
09:30:07.41700,1899.500,12
09:30:07.62500,1899.500,10
09:30:07.73000,1899.250,90
09:30:07.85900,1899.250,6
09:30:08.05400,1899.500,31
09:30:08.59300,1899.250,28
09:30:08.77700,1899.500,3
09:30:08.90200,1899.250,61
09:30:08.97200,1899.500,119
09:30:09.03900,1899.500,1
09:30:09.27700,1899.500,41
09:30:09.42900,1899.500,7
09:30:09.73400,1899.500,155
09:30:10.00000,1899.750,192
09:30:10.17500,1899.500,96
09:30:10.24600,1899.500,70
09:30:10.32800,1899.500,11
09:30:10.42100,1899.500,17
09:30:10.61700,1899.500,11
09:30:10.96800,1899.750,28
09:30:11.09300,1899.750,1
09:30:11.14400,1899.750,4
09:30:11.36700,1899.500,85
09:30:11.66400,1899.750,17
09:30:11.82000,1899.750,34
09:30:12.09300,1899.750,80
09:30:12.29600,1900.000,6
09:30:12.39000,1900.000,2
09:30:12.48800,1899.750,54
09:30:12.52300,1899.750,98
09:30:12.71000,1899.750,29
09:30:12.82400,1899.500,2
09:30:13.00300,1899.500,25
09:30:13.17900,1899.750,27
09:30:13.26900,1900.000,1
09:30:13.53500,1900.000,12
09:30:13.76900,1900.000,3
09:30:14.00300,1899.750,25
09:30:14.12500,1900.000,572
09:30:14.19100,1899.750,2
09:30:14.27700,1900.000,1
09:30:14.46800,1899.750,7
09:30:14.55000,1900.000,5
09:30:14.69500,1899.750,25
09:30:14.77700,1900.000,6
09:30:14.90200,1900.250,356
09:30:15.03100,1900.000,28
09:30:15.05000,1900.250,14
09:30:15.23800,1900.000,39
09:30:15.41000,1900.000,18
09:30:15.56200,1900.250,1
09:30:15.96000,1900.000,13
09:30:16.31200,1900.250,8
09:30:16.36700,1900.000,5
09:30:16.58500,1900.250,2
09:30:16.73000,1900.500,152
09:30:16.85500,1900.250,5
09:30:16.94900,1900.250,4
09:30:17.02300,1900.500,1
09:30:17.14800,1900.250,171
09:30:17.26900,1900.250,15
09:30:17.53500,1900.250,7
09:30:17.58900,1900.250,1
09:30:17.68700,1900.250,13
09:30:18.02300,1900.250,2
09:30:18.08900,1900.250,61
09:30:18.20300,1900.500,45
09:30:18.43300,1900.250,5
09:30:18.55800,1900.250,9
09:30:18.63200,1900.250,65
09:30:18.96800,1900.500,50
09:30:19.08900,1900.250,1
09:30:19.34700,1900.500,1
09:30:19.37800,1900.250,17
09:30:19.76100,1900.250,4
09:30:19.95300,1900.500,49
09:30:20.10900,1900.500,2
09:30:20.34300,1900.500,12
09:30:20.78100,1900.500,1
09:30:20.92900,1900.500,4
09:30:21.08900,1900.500,1
09:30:21.42500,1900.250,4
09:30:21.58200,1900.500,5
09:30:21.92900,1900.250,3
09:30:22.24200,1900.500,29
09:30:22.34700,1900.250,79
09:30:22.48800,1900.250,6
09:30:22.60500,1900.000,19
09:30:22.91400,1900.000,1
09:30:22.96400,1900.000,11
09:30:23.34700,1900.250,1
09:30:23.72600,1900.250,2
09:30:23.85100,1900.000,16
09:30:24.29200,1900.250,5
09:30:24.44900,1900.000,1
09:30:24.58900,1900.250,1
09:30:24.80400,1900.250,1
09:30:25.02300,1900.250,3
09:30:25.13600,1900.250,8
09:30:25.32000,1900.000,1
09:30:25.46000,1900.250,18
09:30:25.57000,1900.250,1
09:30:25.78900,1900.250,10
09:30:25.92900,1900.250,4
09:30:25.97200,1900.250,1
09:30:26.24600,1900.250,4
09:30:26.36700,1900.250,1
09:30:26.78100,1900.250,6
09:30:26.87500,1900.250,1
09:30:27.31600,1900.250,8
09:30:27.33500,1900.000,12
09:30:27.83900,1900.000,102
09:30:27.91000,1900.000,97
09:30:27.97200,1900.000,7
09:30:28.32800,1900.000,34
09:30:28.44100,1900.250,50
09:30:28.93300,1900.000,5
09:30:29.31600,1900.000,2
09:30:29.51900,1900.250,5
09:30:29.78500,1900.000,10
09:30:30.05800,1900.250,2
09:30:30.54600,1900.250,40
09:30:30.87500,1900.250,3
09:30:31.10100,1900.250,7
09:30:31.61300,1900.000,59
09:30:31.63200,1900.000,13
09:30:31.77700,1899.750,11
09:30:31.87800,1899.750,71
09:30:31.89000,1899.750,103
09:30:32.14400,1900.000,59
09:30:32.17900,1900.000,28
09:30:32.37100,1899.750,7
09:30:32.48800,1899.750,96
09:30:32.57400,1899.750,2
09:30:32.65600,1899.500,15
09:30:32.80000,1899.750,5
09:30:32.97200,1899.750,4
09:30:33.11300,1899.500,5
09:30:33.32800,1899.750,3
09:30:33.59700,1899.750,43
09:30:33.81200,1900.000,5
09:30:34.01500,1900.000,12
09:30:34.12800,1899.750,3
09:30:34.26900,1900.000,5
09:30:34.52300,1899.750,3
09:30:34.91000,1900.000,4
09:30:34.96800,1899.750,40
09:30:35.20700,1900.000,1
09:30:35.25300,1899.750,1
09:30:35.57800,1900.000,2
09:30:35.84700,1900.000,1
09:30:36.58200,1900.000,39
09:30:36.75300,1899.750,158
09:30:36.88600,1899.750,10
09:30:37.01100,1900.000,15
09:30:37.08200,1900.000,5
09:30:37.49200,1900.000,7
09:30:37.83500,1900.000,10
09:30:38.15200,1899.750,2
09:30:38.27700,1899.750,51
09:30:38.49200,1899.750,72
09:30:38.61700,1899.750,84
09:30:38.69900,1899.750,3
09:30:39.00700,1900.000,12
09:30:39.16700,1900.000,10
09:30:39.34300,1900.000,1
09:30:39.61700,1899.750,5
09:30:39.77700,1899.750,1
09:30:40.26100,1899.750,19
09:30:40.41000,1900.000,1
09:30:40.73400,1899.750,21
09:30:40.89800,1899.750,1
09:30:41.20700,1899.750,6
09:30:41.62500,1899.750,1
09:30:42.11700,1900.000,31
09:30:42.29600,1899.750,3
09:30:42.57400,1900.000,1
09:30:42.76100,1900.000,1
09:30:43.09300,1899.750,12
09:30:43.23800,1900.000,1
09:30:43.30800,1900.000,1
09:30:43.44500,1899.750,32
09:30:43.53100,1899.250,308
09:30:43.68700,1899.500,5
09:30:43.79200,1899.500,12
09:30:43.93300,1899.500,10
09:30:44.02700,1899.500,17
09:30:44.14400,1899.500,12
09:30:44.24600,1899.500,75
09:30:44.45700,1899.500,29
09:30:44.58900,1899.750,2
09:30:44.66000,1899.500,3
09:30:45.08500,1899.500,118
09:30:45.24200,1899.250,53
09:30:45.25700,1899.500,1
09:30:45.51100,1899.000,111
09:30:46.06600,1899.250,147
09:30:46.39800,1899.500,1
09:30:46.75700,1899.500,1
09:30:46.82800,1899.250,32
09:30:47.27700,1899.000,306
09:30:47.40600,1899.250,18
09:30:47.52300,1899.250,60
09:30:47.55800,1899.250,50
09:30:47.82000,1899.000,5
09:30:48.10900,1899.250,1
09:30:48.70700,1899.250,166
09:30:48.77700,1899.250,7
09:30:48.90600,1899.500,1
09:30:49.26500,1899.250,6
09:30:49.48000,1899.250,25
09:30:49.76900,1899.500,5
09:30:50.11300,1899.250,6
09:30:50.42100,1899.250,15
09:30:50.62500,1899.000,124
09:30:50.91400,1899.250,1
09:30:51.25300,1899.250,10
09:30:51.53500,1899.250,1
09:30:51.73400,1899.250,1
09:30:51.96800,1899.250,1
09:30:52.18300,1899.250,2
09:30:52.53100,1899.250,130
09:30:52.59300,1899.250,2
09:30:52.97200,1899.250,20
09:30:53.46400,1899.500,2
09:30:53.51900,1899.250,1
09:30:53.87800,1899.250,46
09:30:53.89000,1899.250,1
09:30:54.14800,1899.500,2
09:30:54.73800,1899.250,5
09:30:55.28500,1899.250,1
09:30:55.32800,1899.250,32
09:30:55.49600,1899.500,1
09:30:55.87100,1899.250,1
09:30:56.66700,1899.250,6
09:30:56.81600,1899.500,1
09:30:57.05400,1899.250,27
09:30:57.32400,1899.500,1
09:30:57.55400,1899.250,28
09:30:57.68700,1899.250,1
09:30:58.04600,1899.250,6
09:30:58.44900,1899.500,60
09:30:59.20700,1899.250,29
09:30:59.57400,1899.250,77
09:30:59.57800,1899.250,58
09:30:59.70700,1899.250,99
09:31:00.55000,1899.250,26
09:31:00.66400,1899.250,1
09:31:00.90600,1899.250,164
09:31:01.08500,1899.250,62
09:31:01.30400,1899.250,98
09:31:01.32000,1899.250,51
09:31:01.53100,1899.250,9
09:31:01.56200,1899.250,3
09:31:01.85100,1899.250,24
09:31:02.03900,1899.250,1
09:31:02.23400,1899.250,3
09:31:02.81600,1899.250,1
09:31:03.30800,1899.250,10
09:31:03.73000,1899.250,1
09:31:04.08900,1899.000,22
09:31:04.33200,1899.250,2
09:31:04.42900,1899.000,1
09:31:04.54200,1899.000,131
09:31:04.57800,1899.000,53
09:31:04.71800,1899.000,49
09:31:05.03900,1899.250,6
09:31:05.26900,1899.000,5
09:31:05.31200,1899.000,1
09:31:05.56200,1899.000,1
09:31:05.70300,1899.000,1
09:31:05.92100,1899.000,2
09:31:06.36700,1899.000,6
09:31:06.44500,1899.000,6
09:31:06.50700,1899.000,4
09:31:06.69500,1899.000,135
09:31:06.95300,1899.000,15
09:31:07.35500,1899.000,70
09:31:07.56200,1899.000,27
09:31:07.56600,1899.000,1
09:31:07.80400,1898.750,29
09:31:07.82800,1899.000,10
09:31:08.26500,1899.000,144
09:31:08.36700,1898.750,43
09:31:08.64800,1899.000,4
09:31:08.76100,1899.000,42
09:31:08.94900,1899.000,1
09:31:09.07800,1899.000,38
09:31:09.18700,1899.000,24
09:31:09.38200,1899.000,10
09:31:09.67100,1899.000,24
09:31:10.12800,1899.000,4
09:31:10.24600,1899.000,1
09:31:10.55800,1899.000,2
09:31:10.82000,1899.000,2
09:31:11.09300,1898.750,6
09:31:11.31200,1899.000,112
09:31:11.31600,1899.000,23
09:31:11.44900,1898.750,4
09:31:11.71000,1899.000,43
09:31:11.85900,1899.000,26
09:31:11.90200,1899.000,4
09:31:12.03500,1898.750,8
09:31:12.09700,1899.000,104
09:31:12.31200,1899.000,32
09:31:12.64400,1899.000,36
09:31:12.74600,1899.000,31
09:31:13.03900,1899.000,3
09:31:13.14400,1899.000,1
09:31:13.27300,1899.000,3
09:31:13.49600,1899.000,1
09:31:13.82400,1898.750,5
09:31:14.00300,1899.000,68
09:31:14.06600,1898.750,1
09:31:14.19500,1899.000,2
09:31:14.39400,1899.000,2
09:31:14.64800,1899.000,6
09:31:14.97200,1899.000,4
09:31:15.33500,1898.750,2
09:31:15.61300,1898.750,8
09:31:16.19500,1899.000,5
09:31:16.42500,1899.000,79
09:31:16.48800,1899.000,158
09:31:16.56600,1899.250,6
09:31:16.70700,1899.000,5
09:31:16.79200,1899.250,3
09:31:16.91700,1899.000,2
09:31:17.04600,1899.250,2
09:31:17.52700,1899.000,2
09:31:17.69100,1899.000,1
09:31:17.96000,1899.250,3
09:31:18.08200,1899.000,5
09:31:18.46800,1899.250,36
09:31:18.51100,1899.000,2
09:31:18.77300,1899.250,41
09:31:18.80800,1899.250,1
09:31:18.94500,1899.250,78
09:31:19.08200,1899.250,14
09:31:19.65200,1899.250,2
09:31:19.90200,1899.250,1
09:31:20.00300,1899.250,40
09:31:20.01500,1899.250,1
09:31:20.13200,1899.250,1
09:31:20.39800,1899.500,2
09:31:20.48000,1899.250,2
09:31:20.66400,1899.500,57
09:31:20.71400,1899.250,20
09:31:20.84700,1899.250,56
09:31:21.12800,1899.250,30
09:31:21.42100,1899.250,3
09:31:21.58900,1899.250,4
09:31:22.03100,1899.250,5
09:31:22.23400,1899.000,1
09:31:22.51500,1899.250,1
09:31:22.73000,1899.250,1
09:31:23.07000,1899.000,18
09:31:23.41000,1899.000,1
09:31:23.58900,1899.000,233
09:31:23.68700,1899.000,9
09:31:23.96800,1899.250,7
09:31:24.24600,1899.250,32
09:31:24.65200,1899.250,7
09:31:25.11300,1899.000,1
09:31:25.23400,1899.000,31
09:31:25.34700,1899.000,5
09:31:25.55000,1899.250,8
09:31:25.97200,1899.250,7
09:31:26.90200,1899.250,1
09:31:27.14400,1899.250,1
09:31:27.23800,1899.000,1
09:31:27.51900,1899.000,184
09:31:27.55000,1899.000,100
09:31:27.73400,1899.000,1
09:31:28.11300,1899.000,156
09:31:28.44900,1899.000,12
09:31:28.47600,1899.250,1
09:31:29.25700,1899.250,6
09:31:29.61700,1899.000,50
09:31:30.01100,1899.000,32
09:31:30.23800,1899.250,2
09:31:30.33900,1899.250,1
09:31:30.67500,1899.000,266
09:31:31.05400,1899.250,1
09:31:31.17900,1899.250,2
09:31:31.41400,1899.000,1
09:31:31.76900,1899.000,1
09:31:31.89800,1899.000,59
09:31:32.03900,1899.000,2
09:31:32.10100,1899.000,1
09:31:32.25000,1899.000,4
09:31:32.35100,1899.000,1
09:31:32.53500,1899.000,1
09:31:32.67500,1898.750,2
09:31:32.78100,1899.000,1
09:31:32.80000,1899.000,1
09:31:33.09700,1898.750,1
09:31:33.30400,1899.000,3
09:31:33.46800,1898.750,1
09:31:33.58200,1898.750,274
09:31:33.60100,1898.750,104
09:31:34.05000,1898.500,293
09:31:34.09700,1898.500,26
09:31:34.13200,1898.500,1
09:31:34.39800,1898.500,8
09:31:34.65600,1898.500,6
09:31:34.94900,1898.500,8
09:31:35.16400,1898.500,154
09:31:35.22600,1898.500,61
09:31:35.27700,1898.500,1
09:31:35.47200,1898.500,25
09:31:35.48000,1898.500,49
09:31:35.83500,1898.500,44
09:31:36.03100,1898.750,3
09:31:36.09700,1898.500,2
09:31:36.27700,1898.500,3
09:31:36.32000,1898.500,1
09:31:36.49600,1898.500,28
09:31:37.00000,1898.500,11
09:31:37.15600,1898.500,8
09:31:37.34300,1898.250,5
09:31:37.91700,1898.500,136
09:31:37.96400,1898.500,20
09:31:38.08500,1898.750,29
09:31:38.18300,1898.500,2
09:31:38.57400,1898.500,3
09:31:39.07000,1898.750,6
09:31:39.39800,1898.500,5
09:31:39.64800,1898.750,127
09:31:39.76900,1898.750,4
09:31:39.87100,1898.750,58
09:31:40.02300,1898.500,1
09:31:40.54200,1898.500,7
09:31:40.76500,1898.750,8
09:31:41.04200,1898.500,281
09:31:41.12800,1898.500,12
09:31:41.38200,1898.500,100
09:31:41.50000,1898.500,11
09:31:41.59300,1898.500,2
09:31:41.85500,1898.500,13
09:31:41.88200,1898.500,1
09:31:42.82800,1898.250,413
09:31:43.00300,1898.000,60
09:31:43.07400,1898.250,8
09:31:43.33200,1898.250,9
09:31:43.45300,1898.250,27
09:31:43.65600,1898.250,6
09:31:43.77300,1898.250,7
09:31:44.08500,1898.250,231
09:31:44.08900,1898.250,19
09:31:44.37800,1898.000,74
09:31:44.66700,1898.000,3
09:31:44.73000,1898.250,2
09:31:44.87800,1898.250,1
09:31:45.33500,1898.250,150
09:31:45.42500,1898.250,3
09:31:45.65200,1898.000,1
09:31:45.70700,1898.250,2
09:31:45.78500,1898.000,1
09:31:46.30400,1898.000,11
09:31:47.05800,1898.250,3
09:31:47.20700,1898.250,4
09:31:47.42900,1898.000,1
09:31:47.84700,1898.000,19
09:31:48.16700,1898.250,5
09:31:48.35500,1898.250,4
09:31:48.39000,1898.000,2
09:31:48.69500,1898.000,162
09:31:48.83200,1898.000,184
09:31:49.06200,1898.000,9
09:31:49.28100,1898.000,1
09:31:49.46800,1898.000,3
09:31:49.62500,1898.000,3
09:31:49.65600,1898.000,4
09:31:49.92900,1898.000,1
09:31:50.09700,1898.250,252
09:31:50.11300,1898.250,1
09:31:50.19500,1898.250,1
09:31:50.37500,1898.250,94
09:31:50.65600,1898.250,22
09:31:50.72600,1898.250,6
09:31:50.85500,1898.500,31
09:31:51.04600,1898.250,27
09:31:51.07000,1898.250,9
09:31:51.19900,1898.000,2
09:31:51.35100,1898.000,4
09:31:51.37500,1898.000,1
09:31:51.54600,1898.000,111
09:31:51.83500,1898.250,153
09:31:51.95700,1898.000,14
09:31:52.53900,1898.000,4
09:31:52.60900,1898.000,1
09:31:52.76900,1898.000,3
09:31:52.85900,1898.000,7
09:31:52.90600,1898.000,6
09:31:53.30400,1898.000,8
09:31:53.55000,1898.000,2
09:31:53.75700,1898.000,1
09:31:53.94100,1897.750,1
09:31:54.22200,1898.000,2
09:31:54.41700,1897.750,1
09:31:54.56600,1898.000,1
09:31:54.87500,1897.750,3
09:31:54.96400,1898.000,14
09:31:55.06200,1897.750,1
09:31:55.48800,1897.750,2
09:31:55.75000,1897.750,1
09:31:56.07400,1897.750,3
09:31:56.18700,1897.750,1
09:31:56.36700,1897.750,3
09:31:56.74200,1897.750,51
09:31:56.74600,1897.750,2
09:31:56.84300,1897.750,1
09:31:57.02700,1897.750,15
09:31:57.35100,1897.750,4
09:31:57.45300,1897.750,1
09:31:57.70300,1897.750,2
09:31:57.85500,1897.750,2
09:31:57.92900,1898.000,6
09:31:57.96800,1897.750,1
09:31:58.21800,1898.000,5
09:31:58.41700,1897.750,2
09:31:58.67100,1898.000,10
09:31:58.80400,1898.000,101
09:31:59.13600,1897.750,28
09:31:59.39400,1898.000,5
09:31:59.62800,1897.750,1
09:31:59.76900,1897.750,3
09:31:59.90200,1898.000,1
09:32:00.00700,1898.000,176
09:32:00.13200,1898.000,15
09:32:00.34300,1898.250,70
09:32:00.46400,1898.000,21
09:32:00.69900,1898.000,1
09:32:01.16000,1898.250,266
09:32:01.27300,1898.250,13
09:32:01.31200,1898.250,1
09:32:01.45700,1898.250,2
09:32:01.51900,1898.250,2
09:32:01.65600,1898.250,64
09:32:01.87500,1898.250,18
09:32:02.23800,1898.500,2
09:32:02.51100,1898.250,33
09:32:02.67900,1898.250,48
09:32:02.78900,1898.250,22
09:32:02.96400,1898.250,87
09:32:03.12800,1898.500,8
09:32:03.23400,1898.250,1
09:32:03.37800,1898.500,7
09:32:03.84700,1898.500,1
09:32:03.95300,1898.250,4
09:32:04.25000,1898.500,3
09:32:04.37500,1898.500,11
09:32:04.48000,1898.250,95
09:32:04.60900,1898.250,6
09:32:04.89000,1898.250,11
09:32:04.96400,1898.250,20
09:32:05.06600,1898.250,2
09:32:05.22200,1898.250,1
09:32:05.34700,1898.000,3
09:32:05.58200,1898.000,4
09:32:05.90600,1898.000,1
09:32:06.08200,1898.250,1
09:32:06.32000,1898.000,2
09:32:06.69100,1898.000,2
09:32:06.79200,1898.000,155
09:32:06.88200,1898.000,11
09:32:07.26500,1897.750,5
09:32:07.49600,1897.750,3
09:32:07.60100,1898.000,2
09:32:07.82400,1898.000,4
09:32:07.94500,1898.000,185
09:32:08.05000,1898.250,88
09:32:08.23000,1898.000,34
09:32:08.47200,1898.000,2
09:32:08.62500,1898.250,1
09:32:08.88200,1898.000,9
09:32:09.03500,1898.000,17
09:32:09.09700,1898.000,14
09:32:09.17900,1898.000,1
09:32:09.33200,1898.250,5
09:32:09.57800,1898.000,49
09:32:09.57800,1898.000,1
09:32:09.74600,1898.250,6
09:32:10.05800,1898.000,3
09:32:10.17100,1898.000,4
09:32:10.72200,1898.000,73
09:32:10.80400,1898.000,61
09:32:10.92100,1897.750,82
09:32:11.01500,1897.750,12
09:32:11.16000,1898.000,27
09:32:11.34300,1898.250,74
09:32:11.40200,1898.250,71
09:32:11.51500,1898.250,3
09:32:11.65200,1898.250,24
09:32:11.83900,1898.250,12
09:32:11.89800,1898.250,1
09:32:12.10100,1898.250,2
09:32:12.15600,1898.000,25
09:32:12.33900,1898.000,2
09:32:12.47600,1898.250,2
09:32:12.68300,1898.000,112
09:32:13.00700,1898.250,190
09:32:13.25000,1898.250,1
09:32:13.47200,1898.000,1
09:32:13.55800,1898.000,37
09:32:13.62800,1897.750,1
09:32:13.76100,1898.000,3
09:32:13.87800,1898.000,25
09:32:13.96800,1898.000,7
09:32:14.10900,1898.000,22
09:32:14.23400,1898.000,33
09:32:14.30000,1898.000,17
09:32:14.42100,1898.000,2
09:32:14.57400,1898.000,13
09:32:14.78900,1898.000,3
09:32:15.00300,1898.000,10
09:32:15.15200,1897.750,1
09:32:15.47200,1898.000,3
09:32:15.62100,1897.750,1
09:32:15.92900,1897.750,2
09:32:16.12800,1897.500,258
09:32:16.16700,1897.750,7
09:32:16.28100,1897.750,2
09:32:16.35500,1897.500,4
09:32:16.54200,1897.500,5
09:32:16.56200,1897.500,1
09:32:16.80000,1897.500,335
09:32:16.84300,1897.250,223
09:32:16.95700,1897.250,7
09:32:17.11700,1897.500,81
09:32:17.23400,1897.500,103
09:32:17.32400,1897.500,48
09:32:17.41700,1897.500,6
09:32:17.64800,1897.500,34
09:32:17.65600,1897.500,1
09:32:17.76500,1897.750,2
09:32:18.08200,1897.750,2
09:32:18.28900,1897.500,9
09:32:18.33200,1897.500,1
09:32:18.55800,1897.500,2
09:32:18.58200,1897.500,2
09:32:18.80000,1897.750,14
09:32:19.10500,1897.500,2
09:32:19.24200,1897.500,2
09:32:19.28900,1897.500,1
09:32:19.48800,1897.500,3
09:32:19.71800,1897.750,2
09:32:19.89000,1897.750,3
09:32:20.12100,1897.500,1
09:32:20.65600,1897.500,151
09:32:20.89400,1897.500,2
09:32:21.11300,1897.750,1
09:32:21.33200,1897.500,3
09:32:21.36300,1897.500,1
09:32:21.48800,1897.500,57
09:32:21.64000,1897.750,1
09:32:21.87100,1897.500,5
09:32:22.10500,1897.500,2
09:32:22.24200,1897.500,29
09:32:22.50000,1897.500,139
09:32:22.75700,1897.500,3
09:32:22.86300,1897.500,3
09:32:22.91400,1897.500,65
09:32:23.12500,1897.500,1
09:32:23.65200,1897.500,3
09:32:23.78100,1897.500,204
09:32:24.05000,1897.500,24
09:32:24.25000,1897.500,25
09:32:24.33500,1897.750,1
09:32:24.43700,1897.500,1
09:32:24.59700,1897.500,1
09:32:24.92900,1897.500,18
09:32:25.07400,1897.500,28
09:32:25.46400,1897.750,5
09:32:25.64800,1897.500,2
09:32:25.73400,1897.500,10
09:32:25.89000,1897.500,3
09:32:26.06200,1897.500,14
09:32:26.30000,1897.750,371
09:32:26.39400,1897.500,39
09:32:26.65200,1897.500,56
09:32:26.76900,1897.500,63
09:32:26.84300,1897.500,1
09:32:26.95300,1897.500,5
09:32:27.00700,1897.500,1
09:32:27.18300,1897.500,21
09:32:27.30800,1897.500,30
09:32:27.42900,1897.500,54
09:32:27.53500,1897.250,4
09:32:27.57400,1897.500,1
09:32:27.71000,1897.500,1
09:32:27.82000,1897.500,5
09:32:28.07800,1897.500,3
09:32:28.37800,1897.500,225
09:32:28.55000,1897.500,16
09:32:28.73400,1897.500,2
09:32:28.86700,1897.500,7
09:32:28.95300,1897.500,5
09:32:29.02300,1897.750,1
09:32:29.55400,1897.500,2
09:32:29.66700,1897.250,65
09:32:29.88200,1897.500,1
09:32:30.03900,1897.500,9
09:32:30.12100,1897.250,5
09:32:30.35500,1897.500,4
09:32:30.50700,1897.250,1
09:32:30.72200,1897.250,166
09:32:30.80800,1897.250,222
09:32:31.11700,1897.250,1
09:32:31.26900,1897.250,33
09:32:31.33500,1897.250,2
09:32:31.39800,1897.250,5
09:32:31.68300,1897.250,79
09:32:31.87100,1897.250,6
09:32:32.01900,1897.250,2
09:32:32.16000,1897.000,93
09:32:32.41400,1897.250,16
09:32:32.64000,1897.000,1
09:32:32.91700,1897.000,80
09:32:32.96400,1897.000,292
09:32:33.12500,1897.000,6
09:32:33.19900,1897.000,4
09:32:33.42900,1897.000,50
09:32:33.48000,1897.000,19
09:32:33.73800,1897.000,110
09:32:33.85900,1897.000,16
09:32:34.17500,1896.750,87
09:32:34.21000,1896.750,33
09:32:34.35100,1896.750,102
09:32:34.45700,1896.750,54
09:32:34.62100,1896.750,23
09:32:34.64800,1896.750,2
09:32:34.88600,1896.750,2
09:32:35.21800,1896.750,120
09:32:35.26500,1896.750,29
09:32:35.48800,1896.500,214
09:32:35.49200,1896.250,276
09:32:35.49600,1896.500,14
09:32:35.49600,1896.500,26
09:32:35.49600,1896.500,26
09:32:35.64000,1896.500,21
09:32:35.75000,1896.500,88
09:32:35.91400,1896.250,51
09:32:36.00300,1896.500,2
09:32:36.05000,1896.500,32
09:32:36.21400,1896.500,4
09:32:36.34700,1896.500,5
09:32:36.36300,1896.500,1
09:32:36.55000,1896.500,6
09:32:36.63600,1896.750,2
09:32:36.77300,1896.250,50
09:32:36.93300,1896.500,29
09:32:36.93700,1896.250,1
09:32:37.24200,1896.500,5
09:32:37.26100,1896.250,1
09:32:37.47200,1896.500,73
09:32:37.68700,1896.500,50
09:32:37.77700,1896.500,56
09:32:37.90600,1896.500,11
09:32:38.03900,1896.500,19
09:32:38.26500,1896.250,26
09:32:38.35500,1896.500,11
09:32:38.44900,1896.500,2
09:32:38.53900,1896.500,47
09:32:38.65600,1896.250,2
09:32:38.79200,1896.500,105
09:32:38.81600,1896.500,18
09:32:38.82000,1896.500,32
09:32:38.91000,1896.250,3
09:32:38.95700,1896.500,1
09:32:39.22200,1896.500,43
09:32:39.42100,1896.500,34
09:32:39.44900,1896.500,8
09:32:39.56200,1896.500,6
09:32:39.70300,1896.500,99
09:32:39.75700,1896.500,4
09:32:39.95700,1896.250,11
09:32:40.24600,1896.500,150
09:32:40.26100,1896.500,34
09:32:40.37800,1896.500,41
09:32:40.45700,1896.500,9
09:32:40.62100,1896.750,2
09:32:40.85100,1896.500,35
09:32:40.91000,1896.500,16
09:32:41.02300,1896.500,1
09:32:41.13200,1896.500,1
09:32:41.21000,1896.500,11
09:32:41.33900,1896.750,356
09:32:41.46400,1896.750,66
09:32:41.63600,1896.750,27
09:32:41.71000,1896.500,15
09:32:41.75000,1896.750,5
09:32:41.82400,1896.750,22
09:32:41.91000,1897.000,93
09:32:41.94100,1897.000,1
09:32:42.39800,1897.000,28
09:32:42.51500,1897.000,13
09:32:42.75700,1896.750,11
09:32:42.80800,1896.750,3
09:32:42.92500,1897.000,1
09:32:43.07400,1897.000,2
09:32:43.22200,1897.000,2
09:32:43.30400,1897.000,1
09:32:43.40200,1897.000,3
09:32:43.51500,1896.750,4
09:32:43.64800,1896.750,2
09:32:43.69900,1897.000,3
09:32:43.86700,1896.750,3
09:32:44.07400,1896.750,3
09:32:44.32800,1897.000,2
09:32:44.46400,1896.750,1
09:32:44.58500,1897.000,2
09:32:44.77300,1897.000,6
09:32:45.00000,1896.750,97
09:32:45.10100,1896.750,139
09:32:45.50700,1897.000,15
09:32:45.76500,1896.750,33
09:32:46.03900,1896.750,24
09:32:46.05400,1896.750,1
09:32:46.21400,1896.750,30
09:32:46.25300,1897.000,3
09:32:46.31200,1897.000,1
09:32:46.47600,1896.750,1
09:32:46.55800,1896.750,1
09:32:46.85100,1896.750,1
09:32:47.42500,1897.000,154
09:32:47.68300,1897.000,218
09:32:47.72200,1897.000,30
09:32:47.85100,1896.750,32
09:32:48.00700,1897.000,4
09:32:48.09700,1896.750,2
09:32:48.21000,1897.000,1
09:32:48.35500,1896.750,2
09:32:48.50000,1897.000,2
09:32:48.67500,1897.000,1
09:32:48.76100,1897.000,1
09:32:49.01500,1897.000,20
09:32:49.28500,1896.750,129
09:32:49.45300,1897.000,19
09:32:49.85100,1897.000,2
09:32:50.00700,1897.000,6
09:32:50.16000,1896.750,1
09:32:50.59300,1896.750,81
09:32:50.71800,1897.000,6
09:32:50.75300,1896.750,1
09:32:50.92500,1896.750,4
09:32:51.05800,1896.750,3
09:32:51.21000,1897.000,104
09:32:51.21800,1897.000,5
09:32:51.44500,1897.000,4
09:32:51.63200,1897.000,37
09:32:51.76500,1896.750,5
09:32:51.92500,1897.000,1
09:32:52.06200,1897.000,3
09:32:52.16400,1897.000,2
09:32:52.21400,1897.000,3
09:32:52.50000,1896.750,6
09:32:52.61300,1896.750,7
09:32:52.71000,1896.750,3
09:32:52.93300,1897.000,7
09:32:53.26100,1897.000,4
09:32:53.42500,1897.000,1
09:32:53.58200,1896.750,2
09:32:53.78900,1896.750,1
09:32:53.85500,1897.000,1
09:32:54.25700,1896.750,1
09:32:54.26900,1897.000,3
09:32:54.45300,1897.000,3
09:32:54.73000,1897.000,1
09:32:54.93300,1897.000,2
09:32:55.07400,1897.000,1
09:32:55.16000,1896.750,2
09:32:55.39800,1897.000,1
09:32:55.69100,1896.750,144
09:32:55.76900,1896.750,23
09:32:55.92900,1896.750,53
09:32:56.17500,1896.750,1
09:32:56.64000,1896.750,32
09:32:56.77300,1897.000,8
09:32:57.01500,1896.750,21
09:32:57.39000,1896.500,3
09:32:57.41000,1896.750,1
09:32:57.55000,1896.750,5
09:32:57.63200,1896.750,1
09:32:57.77700,1896.500,55
09:32:57.83500,1896.750,44
09:32:57.85900,1897.000,1
09:32:58.09700,1896.750,1
09:32:58.21800,1896.750,1
09:32:58.62800,1896.750,1
09:32:58.76900,1897.000,1
09:32:59.16700,1896.750,10
09:32:59.52700,1896.750,6
09:32:59.73400,1896.750,50
09:32:59.86700,1896.750,37
09:33:00.13200,1897.000,204
09:33:00.14400,1897.000,102
09:33:00.26900,1896.750,85
09:33:00.49200,1896.750,10
09:33:00.64000,1897.000,3
09:33:01.07800,1896.750,2
09:33:01.29200,1896.750,2
09:33:01.55400,1897.000,7
09:33:01.64400,1897.000,2
09:33:01.72600,1896.750,1
09:33:01.78100,1897.000,10
09:33:01.96400,1897.000,355
09:33:02.03900,1896.750,57
09:33:02.21800,1897.000,11
09:33:02.45700,1897.000,1
09:33:02.60500,1897.000,12
09:33:02.67100,1897.000,2
09:33:02.71400,1896.750,1
09:33:02.90200,1897.000,2
09:33:03.13600,1897.000,1
09:33:03.32400,1897.000,3
09:33:03.39800,1897.000,1
09:33:03.53100,1897.000,1
09:33:03.78100,1896.750,1
09:33:04.00000,1896.750,27
09:33:04.20300,1896.750,140
09:33:04.26500,1896.750,2
09:33:04.69900,1897.000,101
09:33:04.85500,1896.750,5
09:33:05.14400,1896.750,3
09:33:05.32400,1897.000,2
09:33:05.51500,1896.750,2
09:33:05.82800,1896.750,1
09:33:05.92500,1896.750,1
09:33:06.33900,1897.000,116
09:33:06.41400,1897.000,34
09:33:06.83200,1896.750,1
09:33:07.17100,1896.750,78
09:33:07.19100,1896.750,17
09:33:07.42900,1897.000,4
09:33:07.93300,1896.750,1
09:33:08.18300,1897.000,4
09:33:08.21400,1897.000,30
09:33:08.60500,1896.750,3
09:33:08.70300,1897.000,11
09:33:08.94100,1896.750,2
09:33:09.05800,1897.000,5
09:33:09.17900,1897.000,1
09:33:09.20700,1896.750,1
09:33:09.59300,1897.000,113
09:33:10.12500,1896.750,2
09:33:10.14800,1897.000,1
09:33:10.26900,1896.750,1
09:33:10.33500,1897.000,5
09:33:10.54600,1896.750,8
09:33:11.33500,1896.750,1
09:33:11.39400,1896.750,1
09:33:12.40200,1896.750,1
09:33:12.51900,1896.750,1
09:33:13.18700,1896.750,2
09:33:13.46800,1896.750,1
09:33:13.80000,1897.000,4
09:33:14.03100,1896.750,6
09:33:14.23800,1896.500,154
09:33:14.35100,1896.750,1
09:33:14.65600,1896.500,3
09:33:14.71000,1896.750,2
09:33:14.96000,1896.500,2
09:33:15.10100,1896.750,114
09:33:15.14000,1896.750,48
09:33:15.40600,1896.500,1
09:33:15.71400,1896.750,3
09:33:15.90600,1896.750,1
09:33:16.67900,1896.500,1
09:33:16.85900,1896.750,1
09:33:17.50700,1896.500,1
09:33:17.74600,1896.500,1
09:33:17.92900,1896.750,1
09:33:18.19500,1896.750,1
09:33:18.58200,1896.500,3
09:33:18.82400,1896.500,2
09:33:19.11700,1896.500,1
09:33:19.18700,1896.500,1
09:33:19.43300,1896.500,8
09:33:19.60100,1896.750,1
09:33:19.90200,1896.500,2
09:33:20.41400,1896.750,140
09:33:20.54200,1896.750,23
09:33:20.58900,1896.750,1
09:33:20.65200,1896.750,17
09:33:21.00000,1896.750,77
09:33:21.18700,1896.750,1
09:33:21.67500,1897.000,1
09:33:22.11700,1896.750,5
09:33:22.13600,1896.750,5
09:33:22.26100,1896.750,73
09:33:22.49200,1896.750,5
09:33:22.72600,1896.500,6
09:33:23.09700,1896.500,2
09:33:23.75000,1896.500,30
09:33:23.94900,1896.750,9
09:33:24.05800,1896.750,4
09:33:24.20700,1896.500,1
09:33:24.23000,1896.500,1
09:33:24.34700,1896.750,41
09:33:24.50000,1896.750,222
09:33:24.75700,1896.750,37
09:33:24.87500,1896.750,2
09:33:24.96400,1896.750,6
09:33:25.22600,1897.000,34
09:33:25.29600,1896.750,2
09:33:25.78100,1896.750,1
09:33:25.95300,1896.750,31
09:33:26.25300,1896.750,1
09:33:26.36300,1896.750,1
09:33:26.44500,1896.750,43
09:33:26.54200,1897.000,25
09:33:26.65200,1896.750,16
09:33:26.85500,1896.750,12
09:33:27.31200,1896.500,1
09:33:27.55800,1896.750,2
09:33:28.27300,1896.500,9
09:33:28.47600,1896.500,2
09:33:28.80000,1896.750,58
09:33:28.93300,1896.750,28
09:33:29.12500,1896.750,3
09:33:29.22600,1896.750,6
09:33:29.30000,1896.750,12
09:33:29.38600,1897.000,1
09:33:29.65200,1896.750,12
09:33:29.79600,1896.750,13
09:33:30.07400,1896.750,30
09:33:30.19500,1896.750,1
09:33:30.33900,1897.000,12
09:33:30.36300,1897.000,12
09:33:30.55800,1896.750,46
09:33:31.00700,1897.000,5
09:33:31.69100,1896.750,5
09:33:31.76900,1896.750,3
09:33:31.86300,1896.750,1
09:33:32.23000,1896.500,75
09:33:32.31200,1896.750,1
09:33:32.55400,1896.500,229
09:33:32.62800,1896.500,79
09:33:32.86300,1896.250,1
09:33:33.08900,1896.250,95
09:33:33.19900,1896.250,302
09:33:33.33200,1896.250,3
09:33:33.36700,1896.000,2
09:33:33.55000,1896.250,4
09:33:33.70700,1896.000,24
09:33:33.95300,1896.000,3
09:33:34.02300,1896.000,1
09:33:34.18300,1896.000,4
09:33:34.31600,1896.000,34
09:33:34.33900,1896.000,453
09:33:34.33900,1895.750,3
09:33:34.33900,1896.000,59
09:33:34.34300,1896.000,133
09:33:34.34300,1896.000,31
09:33:34.34300,1896.000,42
09:33:34.34700,1896.000,18
09:33:34.45300,1896.000,96
09:33:34.57400,1896.000,45
09:33:34.83500,1896.000,61
09:33:34.90600,1896.000,3
09:33:35.05800,1896.000,1
09:33:35.16000,1896.000,6
09:33:35.38200,1896.000,122
09:33:35.39800,1896.000,17
09:33:35.52700,1896.000,2
09:33:35.57400,1896.000,1
09:33:35.80800,1896.000,8
09:33:36.09700,1896.000,78
09:33:36.14400,1896.250,11
09:33:36.22600,1896.000,37
09:33:36.39400,1895.750,6
09:33:36.46000,1895.750,3
09:33:36.57800,1895.750,1
09:33:36.70300,1896.000,19
09:33:36.80800,1895.750,105
09:33:36.80800,1895.750,1
09:33:36.93300,1895.750,109
09:33:37.04600,1895.750,50
09:33:37.32000,1895.750,116
09:33:37.59300,1895.750,85
09:33:37.73800,1895.750,2
09:33:37.85100,1895.750,10
09:33:38.06600,1895.750,49
09:33:38.21000,1895.750,76
09:33:38.30000,1895.500,34
09:33:38.32000,1895.500,1
09:33:38.42900,1895.500,6
09:33:38.53900,1895.500,2
09:33:38.68700,1895.500,50
09:33:38.82800,1895.500,50
09:33:38.92100,1895.500,10
09:33:39.07400,1895.750,12
09:33:39.12800,1895.500,7
09:33:39.27300,1895.500,1
09:33:39.56600,1895.750,1
09:33:39.58200,1895.750,6
09:33:39.71800,1895.500,7
09:33:39.86300,1895.500,3
09:33:40.13200,1895.500,1
09:33:40.34700,1895.500,7
09:33:40.36300,1895.500,6
09:33:40.54600,1895.500,120
09:33:40.69500,1895.750,198
09:33:40.80000,1895.500,1
09:33:41.12500,1895.500,143
09:33:41.29200,1895.500,70
09:33:41.60100,1895.500,182
09:33:41.83200,1895.750,3
09:33:42.10100,1895.500,103
09:33:42.38200,1895.500,109
09:33:42.42900,1895.500,36
09:33:42.55800,1895.500,14
09:33:42.57000,1895.750,1
09:33:42.77300,1895.500,2
09:33:42.92900,1895.750,8
09:33:43.01900,1895.500,3
09:33:43.34300,1895.750,71
09:33:43.55000,1895.500,1
09:33:43.67900,1896.000,191
09:33:43.77700,1895.750,51
09:33:44.07000,1895.750,74
09:33:44.16000,1895.750,61
09:33:44.24200,1895.750,6
09:33:44.40200,1895.750,3
09:33:44.40600,1895.500,2
09:33:44.64000,1895.750,67
09:33:45.08900,1896.000,49
09:33:45.12500,1895.750,4
09:33:45.29200,1895.750,4
09:33:45.42500,1895.750,1
09:33:45.45700,1895.750,1
09:33:45.65600,1895.750,3
09:33:45.80400,1896.000,2
09:33:45.92500,1895.750,9
09:33:46.07400,1896.000,2
09:33:46.14400,1895.750,1
09:33:46.21800,1896.000,2
09:33:46.43300,1895.750,27
09:33:46.60900,1896.000,1
09:33:46.74200,1895.750,1
09:33:46.95700,1895.750,1
09:33:47.19100,1895.750,7
09:33:47.46800,1896.000,5
09:33:47.50000,1896.000,1
09:33:47.73000,1896.000,20
09:33:48.08900,1896.000,8
09:33:48.32400,1895.750,7
09:33:48.41700,1895.750,7
09:33:48.57800,1896.000,6
09:33:48.87100,1895.750,1
09:33:49.04600,1896.000,1
09:33:49.32800,1895.750,7
09:33:49.58900,1895.750,2
09:33:49.64000,1896.000,2
09:33:49.88200,1895.750,8
09:33:50.06200,1896.000,1
09:33:50.14800,1895.750,1
09:33:50.31600,1895.750,1
09:33:50.54600,1895.750,1
09:33:50.95300,1895.750,1
09:33:51.00700,1896.000,2
09:33:51.21400,1895.750,5
09:33:51.39000,1896.000,245
09:33:51.40600,1896.000,334
09:33:51.60900,1895.750,11
09:33:52.10100,1896.000,1
09:33:52.41700,1895.750,1
09:33:52.58500,1896.000,1
09:33:52.67900,1896.000,1
09:33:52.74200,1896.000,1
09:33:52.88200,1895.750,2
09:33:53.03900,1895.750,30
09:33:53.24200,1896.000,20
09:33:53.33500,1895.750,1
09:33:53.75300,1896.000,3
09:33:54.38200,1896.000,164
09:33:54.45700,1896.000,2
09:33:54.51500,1895.750,2
09:33:54.63600,1896.000,1
09:33:54.76100,1896.000,171
09:33:54.89000,1895.750,3
09:33:55.02300,1895.750,1
09:33:55.42900,1896.000,265
09:33:55.51900,1896.000,50
09:33:55.74200,1896.000,4
09:33:55.91700,1896.250,55
09:33:55.93700,1896.250,1
09:33:56.01500,1896.000,4
09:33:56.44100,1896.250,6
09:33:56.92500,1896.000,12
09:33:56.96000,1896.250,1
09:33:57.00300,1896.000,1
09:33:57.20300,1896.000,2
09:33:57.26100,1896.250,1
09:33:57.43700,1896.250,322
09:33:57.90600,1896.250,24
09:33:58.16700,1896.250,68
09:33:58.62100,1896.250,5
09:33:58.78900,1896.250,23
09:33:59.00000,1896.250,74
09:33:59.21000,1896.250,1
09:33:59.57000,1896.250,70
09:33:59.68300,1896.250,14
09:33:59.72600,1896.000,1
09:33:59.80000,1896.250,21
09:33:59.96800,1896.000,4
09:34:00.25700,1896.250,63
09:34:00.41400,1896.250,5
09:34:00.97200,1896.250,31
09:34:01.05800,1896.250,4
09:34:01.10900,1896.250,1
09:34:01.41400,1896.250,3
09:34:01.52700,1896.250,6
09:34:01.62800,1896.000,1
09:34:01.73000,1896.250,3
09:34:01.76100,1896.000,18
09:34:01.87500,1896.250,7
09:34:01.87500,1896.250,17
09:34:02.07000,1896.250,16
09:34:02.20700,1896.250,1
09:34:02.60900,1896.000,6
09:34:02.78900,1896.250,1
09:34:03.27300,1896.000,2
09:34:03.39000,1896.000,1
09:34:03.53500,1896.000,2
09:34:03.67500,1896.250,16
09:34:04.05800,1896.250,1
09:34:04.15600,1896.250,9
09:34:04.17500,1896.250,1
09:34:04.34300,1896.000,5
09:34:04.36700,1896.000,4
09:34:05.24600,1896.250,2
09:34:06.14800,1896.000,3
09:34:06.30000,1896.000,266
09:34:06.37800,1896.000,90
09:34:06.62500,1896.000,8
09:34:06.83900,1895.750,3
09:34:07.27300,1896.000,10
09:34:07.53500,1896.000,21
09:34:07.57800,1896.000,2
09:34:07.92100,1896.000,2
09:34:08.50700,1896.000,11
09:34:08.53100,1895.750,1
09:34:08.66700,1895.750,229
09:34:08.84300,1896.000,17
09:34:09.08500,1895.750,2
09:34:09.22600,1896.000,3
09:34:09.47200,1895.750,30
09:34:09.53500,1895.750,1
09:34:09.66400,1895.750,13
09:34:10.12100,1896.000,96
09:34:10.23000,1896.000,57
09:34:10.65600,1896.000,2
09:34:11.14800,1896.000,2
09:34:11.41400,1896.000,1
09:34:11.61700,1895.750,1
09:34:12.00300,1896.000,10
09:34:12.27700,1896.000,7
09:34:12.35500,1896.000,66
09:34:12.40200,1896.000,1
09:34:12.61700,1895.750,1
09:34:12.76900,1896.000,1
09:34:12.90200,1896.000,6
09:34:13.29200,1895.750,2
09:34:13.35500,1896.000,1
09:34:13.71800,1895.750,3
09:34:14.32800,1896.000,2
09:34:14.57000,1896.000,62
09:34:14.68700,1896.000,178
09:34:14.83900,1895.750,1
09:34:15.20700,1896.000,1
09:34:15.55000,1895.750,4
09:34:15.61700,1896.000,1
09:34:16.31200,1895.750,3
09:34:16.94100,1896.000,3
09:34:17.12500,1895.750,1
09:34:17.40600,1896.000,3
09:34:17.57000,1896.000,46
09:34:17.61300,1895.750,8
09:34:17.66700,1896.000,21
09:34:17.76900,1895.750,2
09:34:18.09300,1895.500,254
09:34:18.09300,1895.500,32
09:34:18.67100,1895.500,80
09:34:18.80000,1895.500,1
09:34:19.32000,1895.500,36
09:34:19.50700,1895.750,97
09:34:19.55400,1895.500,35
09:34:19.67100,1895.750,25
09:34:19.82400,1895.750,45
09:34:19.96400,1895.750,103
09:34:20.24200,1895.750,1
09:34:20.53500,1896.000,6
09:34:20.78500,1896.000,24
09:34:21.19900,1895.750,3
09:34:21.65600,1895.750,3
09:34:21.77700,1896.000,20
09:34:21.91400,1895.750,2
09:34:22.04600,1895.750,1
09:34:22.21800,1895.750,7
09:34:22.26500,1895.750,11
09:34:22.82800,1895.750,27
09:34:23.21000,1896.000,1
09:34:23.41000,1895.750,1
09:34:23.46800,1896.000,223
09:34:24.27300,1896.000,1
09:34:24.72600,1895.750,88
09:34:25.12800,1896.000,6
09:34:25.47200,1896.000,370
09:34:25.81600,1896.250,8
09:34:26.56200,1896.250,2
09:34:27.52700,1896.250,1
09:34:28.14800,1896.000,1
09:34:28.33200,1896.000,223
09:34:28.73800,1896.000,6
09:34:29.34700,1896.000,10
09:34:29.58500,1896.000,2
09:34:30.22200,1896.000,89
09:34:30.22200,1896.000,17
09:34:30.37100,1896.000,25
09:34:30.41700,1896.000,13
09:34:30.66000,1896.000,48
09:34:30.94500,1896.000,20
09:34:31.29200,1896.000,17
09:34:31.51100,1896.000,2
09:34:32.03500,1896.250,31
09:34:32.23000,1896.000,3
09:34:32.36300,1896.250,173
09:34:32.62500,1896.500,115
09:34:33.21800,1896.500,3
09:34:33.51100,1896.250,3
09:34:33.68300,1896.500,1
09:34:33.85900,1896.500,2
09:34:34.00000,1896.500,2
09:34:34.09300,1896.250,48
09:34:34.21800,1896.500,22
09:34:34.32000,1896.500,25
09:34:34.42100,1896.500,1
09:34:34.86700,1896.500,4
09:34:35.04200,1896.500,101
09:34:35.20300,1896.500,5
09:34:35.30800,1896.500,30
09:34:35.33500,1896.500,1
09:34:35.64000,1896.250,1
09:34:35.77300,1896.500,2
09:34:36.00000,1896.500,1
09:34:36.18700,1896.250,2
09:34:36.51500,1896.500,6
09:34:36.88600,1896.500,5
09:34:37.01100,1896.500,1
09:34:37.20300,1896.500,1
09:34:37.42100,1896.250,54
09:34:37.62100,1896.500,6
09:34:37.81600,1896.500,12
09:34:37.87500,1896.500,10
09:34:38.12100,1896.250,3
09:34:38.22200,1896.250,6
09:34:38.29200,1896.250,13
09:34:38.42100,1896.250,4
09:34:38.62500,1896.250,4
09:34:38.95300,1896.250,4
09:34:39.21000,1896.250,90
09:34:39.21400,1896.250,1
09:34:39.34300,1896.000,8
09:34:39.42100,1896.250,7
09:34:39.65600,1896.250,51
09:34:40.19500,1896.250,44
09:34:40.56200,1896.000,10
09:34:40.71000,1896.000,27
09:34:40.93700,1896.250,3
09:34:41.30400,1896.000,2
09:34:41.42900,1896.250,19
09:34:41.54200,1896.250,11
09:34:41.70700,1896.250,1
09:34:41.96400,1896.500,10
09:34:42.17100,1896.250,2
09:34:42.33200,1896.250,6
09:34:42.67900,1896.500,26
09:34:42.85100,1896.500,16
09:34:43.01900,1896.250,1
09:34:43.06600,1896.250,1
09:34:43.36300,1896.250,56
09:34:43.57000,1896.250,3
09:34:44.00300,1896.250,12
09:34:44.20700,1896.250,2
09:34:44.62100,1896.250,5
09:34:44.92100,1896.250,4
09:34:45.03500,1896.250,1
09:34:45.10100,1896.250,56
09:34:45.34300,1896.250,6
09:34:45.48400,1896.250,16
09:34:45.59700,1896.250,1
09:34:45.84700,1896.250,1
09:34:46.23400,1896.500,6
09:34:46.64800,1896.000,56
09:34:46.83500,1896.000,1
09:34:47.10100,1896.250,13
09:34:47.22600,1896.250,16
09:34:47.40600,1896.250,3
09:34:47.82400,1896.250,8
09:34:48.27300,1896.000,1
09:34:48.35100,1896.250,1
09:34:48.62100,1896.000,103
09:34:48.75000,1896.000,1
09:34:48.88600,1896.000,62
09:34:49.04600,1895.750,2
09:34:49.16700,1896.000,1
09:34:49.55000,1896.000,28
09:34:49.79600,1895.750,1
09:34:50.23000,1896.000,5
09:34:50.49200,1895.750,108
09:34:51.07000,1895.750,112
09:34:51.18300,1895.750,124
09:34:51.26100,1895.750,1
09:34:51.43700,1895.750,4
09:34:51.66000,1896.000,27
09:34:51.83200,1895.750,2
09:34:52.28100,1895.750,102
09:34:52.42500,1895.750,8
09:34:52.50000,1895.750,33
09:34:52.96800,1895.500,6
09:34:53.02300,1895.500,2
09:34:53.57000,1895.500,2
09:34:53.58200,1895.500,1
09:34:53.64000,1895.750,2
09:34:53.78900,1895.750,27
09:34:54.28500,1895.500,2
09:34:54.41700,1895.500,2
09:34:54.73800,1895.500,3
09:34:55.18300,1895.500,1
09:34:55.24200,1895.500,3
09:34:55.30400,1895.750,6
09:34:55.50000,1895.500,2
09:34:55.70700,1895.500,6
09:34:55.84300,1895.750,2
09:34:56.01100,1895.500,2
09:34:56.07000,1895.500,1
09:34:56.37800,1895.500,39
09:34:56.47600,1895.500,7
09:34:56.64400,1895.500,2
09:34:56.78900,1895.500,1
09:34:57.08200,1895.750,183
09:34:57.15600,1895.500,91
09:34:57.37800,1895.500,1
09:34:57.77700,1895.750,10
09:34:58.00000,1895.500,33
09:34:58.15200,1895.500,77
09:34:58.19100,1895.500,2
09:34:58.30400,1895.500,39
09:34:58.37500,1895.500,41
09:34:58.72200,1895.500,51
09:34:58.84300,1895.250,90
09:34:58.97200,1895.500,4
09:34:59.05400,1895.250,14
09:34:59.15600,1895.250,19
09:34:59.31600,1895.250,1
09:34:59.52700,1895.500,2
09:34:59.62800,1895.500,2
09:34:59.68300,1895.250,1
09:34:59.73400,1895.250,1
09:34:59.90200,1895.250,37
09:34:59.91000,1895.250,4
09:35:00.00300,1895.500,22
09:35:00.09700,1895.250,9
09:35:00.17900,1895.250,96
09:35:00.25000,1895.500,1
09:35:00.33200,1895.250,5
09:35:00.42100,1895.250,2
09:35:00.58900,1895.250,209
09:35:00.71800,1895.000,985
09:35:00.73800,1894.750,286
09:35:00.73800,1895.000,12
09:35:00.80400,1895.000,22
09:35:00.81200,1895.000,24
09:35:00.83500,1895.000,186
09:35:01.08200,1895.000,73
09:35:01.12100,1895.000,15
09:35:01.32000,1895.000,8
09:35:01.41000,1895.000,239
09:35:01.55000,1894.750,87
09:35:01.63200,1894.750,2
09:35:01.73000,1894.750,98
09:35:01.85100,1894.750,3
09:35:01.94900,1894.750,1
09:35:02.10100,1894.750,1
09:35:02.15200,1894.750,6
09:35:02.31600,1894.750,5
09:35:02.43300,1895.000,28
09:35:02.46400,1894.750,4
09:35:02.65200,1894.750,2
09:35:02.69900,1894.750,1
09:35:02.93700,1895.000,4
09:35:03.07000,1894.750,4
09:35:03.16700,1895.000,30
09:35:03.36300,1894.750,4
09:35:03.65200,1894.750,8
09:35:03.76900,1894.750,137
09:35:03.90200,1895.000,25
09:35:04.14400,1894.750,6
09:35:04.23400,1894.750,2
09:35:04.35900,1894.750,2
09:35:04.55800,1894.750,5
09:35:04.67100,1894.750,4
09:35:04.90200,1895.000,9
09:35:05.16000,1894.750,22
09:35:05.25300,1894.750,11
09:35:05.48800,1895.000,165
09:35:05.58900,1895.250,111
09:35:05.80800,1895.000,28
09:35:05.89800,1895.000,4
09:35:06.03900,1895.000,18
09:35:06.21800,1895.000,1
09:35:06.52700,1895.000,4
09:35:06.81200,1895.000,1
09:35:06.86300,1895.000,3
09:35:07.01500,1895.250,288
09:35:07.14800,1895.250,36
09:35:07.16400,1895.250,2
09:35:07.27700,1895.250,23
09:35:07.42100,1895.250,1
09:35:07.48400,1895.250,11
09:35:07.63600,1895.000,1
09:35:07.78500,1895.250,49
09:35:08.17100,1895.250,1
09:35:08.35900,1895.250,37
09:35:08.44900,1895.250,69
09:35:08.66000,1895.250,11
09:35:08.69100,1895.250,6
09:35:08.82000,1895.000,7
09:35:09.12500,1895.500,22
09:35:09.21000,1895.250,1
09:35:09.48800,1895.250,19
09:35:09.60500,1895.500,52
09:35:10.01500,1895.500,241
09:35:10.14400,1895.500,30
09:35:10.23400,1895.500,2
09:35:10.60900,1895.500,60
09:35:10.71400,1895.500,4
09:35:10.78900,1895.500,10
09:35:10.92100,1895.500,3
09:35:11.21000,1895.500,104
09:35:11.62500,1895.500,1
09:35:11.73000,1895.250,2
09:35:11.76900,1895.500,5
09:35:12.27700,1895.500,1
09:35:12.46000,1895.250,21
09:35:12.59300,1895.500,2
09:35:13.10900,1895.500,2
09:35:13.17100,1895.250,3
09:35:13.31600,1895.250,1
09:35:13.62500,1895.500,43
09:35:13.92900,1895.500,5
09:35:14.13600,1895.250,18
09:35:14.37800,1895.500,90
09:35:14.45700,1895.500,117
09:35:14.61700,1895.500,85
09:35:14.64000,1895.500,4
09:35:14.91400,1895.500,42
09:35:15.01900,1895.500,7
09:35:15.09300,1895.500,43
09:35:15.29200,1895.500,2
09:35:15.43300,1895.500,4
09:35:15.61700,1895.500,2
09:35:15.73400,1895.750,1
09:35:15.92500,1895.750,1
09:35:16.11700,1895.500,5
09:35:16.26500,1895.500,1
09:35:16.37800,1895.750,7
09:35:16.59300,1895.750,1
09:35:16.72200,1895.500,1
09:35:16.89000,1895.500,8
09:35:17.03100,1895.750,2
09:35:17.12100,1895.500,1
09:35:17.25000,1895.750,1
09:35:17.32000,1895.500,4
09:35:17.39000,1895.750,1
09:35:17.68300,1895.500,5
09:35:17.89800,1895.750,1
09:35:18.33900,1895.500,11
09:35:18.46000,1895.500,1
09:35:18.66000,1895.750,324
09:35:18.84300,1895.750,2
09:35:18.91700,1895.750,43
09:35:19.03500,1895.750,14
09:35:19.11300,1895.750,2
09:35:19.27700,1895.750,7
09:35:19.56200,1896.000,12
09:35:19.78100,1896.000,2
09:35:19.88600,1896.000,15
09:35:20.30000,1896.000,1
09:35:20.37100,1896.000,2
09:35:20.46800,1896.000,1
09:35:20.66700,1895.750,1
09:35:20.72600,1896.000,111
09:35:20.82800,1896.000,7
09:35:21.11700,1896.000,3
09:35:21.41700,1895.750,9
09:35:21.86700,1896.000,2
09:35:22.07800,1895.750,44
09:35:22.27700,1895.750,1
09:35:22.68700,1896.000,11
09:35:23.12800,1895.750,9
09:35:23.19100,1895.750,2
09:35:23.39800,1896.000,5
09:35:23.51900,1896.000,2
09:35:23.55400,1895.750,2
09:35:23.76100,1896.000,15
09:35:23.90600,1896.000,3
09:35:24.18300,1896.000,8
09:35:24.42900,1896.000,1
09:35:24.64000,1896.000,262
09:35:24.75000,1896.000,195
09:35:24.96800,1896.000,9
09:35:25.24200,1896.000,10
09:35:25.32400,1896.000,1
09:35:25.46000,1896.000,3
09:35:25.58500,1896.000,12
09:35:25.73000,1896.000,13
09:35:25.87100,1896.000,23
09:35:25.94500,1896.000,21
09:35:26.03900,1896.000,1
09:35:26.44100,1896.000,25
09:35:26.71000,1896.000,5
09:35:26.79200,1896.000,126
09:35:26.88600,1896.000,1
09:35:27.02700,1896.000,4
09:35:27.30000,1896.250,23
09:35:27.58900,1896.250,1
09:35:27.69500,1896.250,1
09:35:28.00300,1896.000,105
09:35:28.22600,1896.000,124
09:35:28.35900,1896.000,11
09:35:28.67900,1896.000,3
09:35:28.77300,1896.000,41
09:35:28.88600,1896.000,46
09:35:28.94900,1896.250,9
09:35:29.27700,1896.000,4
09:35:29.39000,1896.000,1
09:35:29.45300,1896.250,4
09:35:29.56600,1896.000,1
09:35:29.87100,1896.000,5
09:35:29.96800,1896.000,14
09:35:30.23000,1896.000,7
09:35:30.31600,1896.250,3
09:35:30.38200,1896.250,5
09:35:30.48800,1896.000,5
09:35:30.82400,1896.000,79
09:35:30.83200,1896.000,123
09:35:31.05800,1896.000,4
09:35:31.28900,1896.000,49
09:35:31.34700,1896.250,2
09:35:31.52300,1896.000,68
09:35:31.63200,1896.000,9
09:35:31.69900,1896.000,3
09:35:32.56200,1896.250,26
09:35:32.64800,1896.000,3
09:35:32.85100,1896.000,2
09:35:32.96000,1896.250,1
09:35:33.33500,1896.250,21
09:35:33.41000,1896.250,2
09:35:33.48400,1896.250,1
09:35:34.00000,1896.250,3
09:35:34.16400,1896.250,1
09:35:34.28500,1896.250,13
09:35:34.44500,1896.250,2
09:35:34.67500,1896.250,7
09:35:34.81200,1896.250,283
09:35:34.82000,1896.500,61
09:35:34.91700,1896.500,238
09:35:35.01900,1896.500,2
09:35:35.16700,1896.500,2
09:35:35.49600,1896.500,4
09:35:35.60100,1896.500,22
09:35:35.63200,1896.500,1
09:35:36.44900,1896.500,1
09:35:36.71400,1896.250,8
09:35:36.90600,1896.250,5
09:35:37.20300,1896.500,2
09:35:37.32000,1896.500,1
09:35:37.56600,1896.500,1
09:35:37.65600,1896.500,2
09:35:37.83200,1896.500,2
09:35:38.01100,1896.500,1
09:35:38.57000,1896.500,4
09:35:38.95300,1896.250,3
09:35:39.22600,1896.500,2
09:35:39.46000,1896.500,4
09:35:39.76900,1896.500,2
09:35:39.87500,1896.500,1
09:35:40.19900,1896.500,10
09:35:40.25300,1896.500,5
09:35:40.44100,1896.500,2
09:35:40.53100,1896.500,286
09:35:40.53500,1896.500,18
09:35:40.60900,1896.500,12
09:35:40.62500,1896.250,7
09:35:40.91700,1896.500,6
09:35:41.07000,1896.500,8
09:35:41.18300,1896.500,59
09:35:41.22200,1896.500,1
09:35:41.47200,1896.500,1
09:35:41.82400,1896.500,7
09:35:41.94500,1896.500,1
09:35:42.17500,1896.750,11
09:35:42.32000,1896.750,6
09:35:42.35500,1896.500,1
09:35:42.55400,1896.750,4
09:35:42.58500,1896.750,1
09:35:42.69100,1896.750,25
09:35:42.85100,1896.750,8
09:35:42.93300,1896.750,3
09:35:43.56600,1896.750,63
09:35:43.70700,1896.500,4
09:35:43.84300,1896.500,47
09:35:44.10100,1896.500,103
09:35:44.37800,1896.250,6
09:35:44.45300,1896.500,3
09:35:44.54600,1896.500,3
09:35:44.94900,1896.500,10
09:35:45.20300,1896.500,3
09:35:45.32000,1896.500,6
09:35:45.42100,1896.500,1
09:35:45.64800,1896.500,1
09:35:45.71400,1896.500,3
09:35:45.76500,1896.500,1
09:35:45.95700,1896.500,11
09:35:46.18700,1896.500,4
09:35:47.21000,1896.500,2
09:35:47.53500,1896.500,2
09:35:47.62100,1896.500,23
09:35:47.91400,1896.750,120
09:35:48.17900,1896.500,1
09:35:48.29600,1896.500,4
09:35:48.88200,1896.500,165
09:35:49.44500,1896.500,10
09:35:49.71000,1896.500,1
09:35:50.01100,1896.500,1
09:35:50.16000,1896.250,1
09:35:50.37500,1896.500,1
09:35:51.01100,1896.250,12
09:35:51.20300,1896.500,1
09:35:51.32800,1896.500,110
09:35:51.51500,1896.750,3
09:35:51.60900,1896.750,50
09:35:52.16400,1896.500,2
09:35:52.64400,1896.750,80
09:35:52.90600,1896.750,178
09:35:53.02700,1896.750,9
09:35:53.14000,1896.750,8
09:35:53.44500,1896.750,1
09:35:53.61300,1896.750,3
09:35:53.87500,1896.750,12
09:35:54.18300,1896.750,9
09:35:54.82000,1896.500,3
09:35:54.96800,1896.750,2
09:35:55.18700,1896.750,1
09:35:55.30800,1896.750,3
09:35:55.63200,1896.500,10
09:35:55.77300,1896.750,80
09:35:55.81600,1896.750,3
09:35:55.92900,1896.750,1
09:35:56.14800,1897.000,142
09:35:56.36300,1896.750,4
09:35:56.51100,1896.750,2
09:35:56.72200,1896.750,19
09:35:57.03500,1897.000,3
09:35:57.14800,1896.750,1
09:35:57.25300,1897.000,1
09:35:57.51100,1896.750,2
09:35:57.63600,1897.000,2
09:35:57.74200,1897.000,1
09:35:57.82400,1897.000,303
09:35:57.83200,1897.000,16
09:35:57.89800,1897.000,9
09:35:58.06200,1897.000,311
09:35:58.13600,1897.000,3
09:35:58.21000,1896.750,1
09:35:58.44900,1897.000,111
09:35:58.53900,1897.000,2
09:35:58.56600,1896.750,1
09:35:58.85500,1896.750,3
09:35:59.18700,1897.000,1
09:35:59.34300,1897.000,79
09:35:59.40200,1896.750,6
09:35:59.55000,1897.000,3
09:35:59.77700,1896.750,1
09:35:59.85900,1897.000,2
09:35:59.88600,1896.750,2
09:36:00.46400,1897.000,313
09:36:00.56200,1897.000,18
09:36:00.63600,1897.000,2
09:36:00.93300,1897.000,2
09:36:01.01500,1896.750,9
09:36:02.07800,1897.000,3
09:36:02.25300,1897.000,1
09:36:02.39000,1897.000,1
09:36:02.79600,1897.000,1
09:36:03.42900,1897.000,2
09:36:03.57400,1897.000,10
09:36:03.75700,1897.000,1
09:36:03.91400,1896.750,3
09:36:04.17100,1897.000,1
09:36:04.31600,1896.750,198
09:36:04.41400,1896.750,26
09:36:04.48800,1896.750,4
09:36:04.67100,1896.750,2
09:36:05.02700,1896.750,30
09:36:05.29600,1896.750,21
09:36:05.31200,1896.750,1
09:36:05.39400,1896.750,8
09:36:05.72600,1896.750,108
09:36:05.78100,1896.500,2
09:36:05.86700,1896.500,5
09:36:06.05000,1896.750,10
09:36:06.73800,1896.750,22
09:36:06.79200,1896.750,1
09:36:06.94900,1897.000,2
09:36:07.28500,1896.750,7
09:36:07.73000,1896.750,1
09:36:08.03100,1897.000,3
09:36:08.14400,1896.750,151
09:36:08.73800,1896.750,90
09:36:09.03900,1896.750,2
09:36:09.34700,1896.750,75
09:36:09.36300,1896.750,3
09:36:09.68700,1896.500,4
09:36:10.09300,1896.750,9
09:36:10.49200,1896.750,1
09:36:11.19900,1896.500,1
09:36:11.54200,1896.500,207
09:36:11.58500,1896.500,36
09:36:11.60100,1896.250,2
09:36:11.73400,1896.500,2
09:36:12.29200,1896.250,4
09:36:12.57400,1896.250,2
09:36:12.64000,1896.500,1
09:36:12.82000,1896.250,1
09:36:12.92100,1896.500,2
09:36:13.20700,1896.500,1
09:36:13.50700,1896.500,80
09:36:13.51100,1896.500,30
09:36:13.51100,1896.500,18
09:36:13.51900,1896.500,32
09:36:13.63600,1896.500,45
09:36:13.67900,1896.500,3
09:36:13.79200,1896.500,16
09:36:13.96000,1896.500,4
09:36:14.41700,1896.500,1
09:36:15.26500,1896.500,1
09:36:15.33900,1896.750,2
09:36:15.44100,1896.500,2
09:36:15.76100,1896.500,4
09:36:16.24200,1896.500,1
09:36:16.40600,1896.500,1
09:36:17.12800,1896.500,197
09:36:17.17900,1896.500,61
09:36:17.47200,1896.500,10
09:36:17.73400,1896.500,1
09:36:18.03100,1896.500,47
09:36:18.30000,1896.500,3
09:36:18.38600,1896.500,1
09:36:18.46400,1896.500,10
09:36:18.80400,1896.500,194
09:36:18.86300,1896.500,1
09:36:18.96800,1896.500,15
09:36:19.37100,1896.500,1
09:36:19.64800,1896.250,1
09:36:19.73400,1896.250,1
09:36:19.85500,1896.250,2
09:36:20.00700,1896.500,2
09:36:20.10100,1896.500,40
09:36:20.33900,1896.500,13
09:36:20.60100,1896.500,83
09:36:20.65200,1896.500,37
09:36:20.70300,1896.500,1
09:36:21.04600,1896.500,1
09:36:21.28500,1896.500,60
09:36:21.39000,1896.750,3
09:36:21.58900,1896.500,19
09:36:21.96000,1896.500,1
09:36:22.14800,1896.500,27
09:36:22.39400,1896.500,1
09:36:22.95300,1896.250,5
09:36:23.31200,1896.500,12
09:36:23.79200,1896.250,2
09:36:24.17900,1896.500,47
09:36:24.38200,1896.500,35
09:36:25.21400,1896.500,51
09:36:25.54600,1896.500,97
09:36:25.64400,1896.500,15
09:36:25.88200,1896.250,1
09:36:26.08500,1896.500,1
09:36:26.26900,1896.250,231
09:36:26.32000,1896.250,106
09:36:27.30000,1896.000,6
09:36:27.37100,1896.250,20
09:36:27.60900,1896.000,1
09:36:27.91700,1896.250,2
09:36:28.15200,1896.000,2
09:36:28.35500,1896.250,50
09:36:28.42500,1896.250,16
09:36:28.54600,1896.250,76
09:36:28.61700,1896.000,2
09:36:28.89000,1896.250,10
09:36:29.04200,1896.250,8
09:36:29.21400,1896.250,2
09:36:29.73800,1896.500,58
09:36:30.08200,1896.500,6
09:36:30.19500,1896.500,10
09:36:30.31200,1896.500,1
09:36:30.48800,1896.500,73
09:36:30.49200,1896.500,7
09:36:31.03900,1896.500,13
09:36:31.29600,1896.500,25
09:36:31.32800,1896.500,3
09:36:31.42100,1896.500,4
09:36:31.58200,1896.500,27
09:36:31.71000,1896.750,126
09:36:31.71400,1896.500,53
09:36:31.82800,1896.500,55
09:36:31.85500,1896.500,8
09:36:32.19100,1896.500,41
09:36:32.38200,1896.250,2
09:36:32.48800,1896.500,1
09:36:32.64800,1896.250,1
09:36:33.13200,1896.250,100
09:36:33.25300,1896.250,58
09:36:33.55400,1896.250,11
09:36:33.91400,1896.250,23
09:36:34.16400,1896.250,37
09:36:34.16700,1896.250,7
09:36:34.76100,1896.250,70
09:36:35.00700,1896.250,2
09:36:35.68300,1896.500,3
09:36:36.55800,1896.500,2
09:36:36.89800,1896.250,3
09:36:37.09700,1896.250,24
09:36:37.33500,1896.250,3
09:36:37.70700,1896.250,18
09:36:37.86300,1896.250,2
09:36:38.25700,1896.500,134
09:36:38.32000,1896.500,2
09:36:38.39400,1896.500,17
09:36:39.17500,1896.500,2
09:36:39.37100,1896.500,1
09:36:39.69100,1896.500,11
09:36:39.77700,1896.500,1
09:36:40.02700,1896.500,2
09:36:40.06200,1896.750,5
09:36:40.22200,1896.500,1
09:36:41.01900,1896.750,127
09:36:41.03500,1896.750,81
09:36:41.23400,1896.500,20
09:36:41.59700,1896.750,7
09:36:41.77300,1896.500,5
09:36:42.05000,1896.750,22
09:36:42.69900,1896.750,155
09:36:43.05400,1896.750,1
09:36:43.13200,1896.750,1
09:36:43.50300,1896.500,50
09:36:44.20700,1896.500,2
09:36:45.29600,1896.750,45
09:36:45.83500,1896.750,135
09:36:46.09700,1896.750,2
09:36:46.58900,1896.750,10
09:36:46.82800,1897.000,15
09:36:47.16000,1897.000,13
09:36:47.82000,1897.000,1
09:36:47.93300,1897.000,1
09:36:48.20700,1897.000,7
09:36:48.83500,1897.000,7
09:36:49.26100,1896.750,93
09:36:49.30800,1896.750,1
09:36:49.50300,1896.750,11
09:36:49.71400,1897.000,13
09:36:49.92500,1896.750,26
09:36:50.05000,1897.000,1
09:36:50.32000,1896.750,61
09:36:50.42100,1896.750,1
09:36:50.82000,1896.750,6
09:36:51.02300,1897.000,14
09:36:51.51100,1896.750,59
09:36:51.65200,1896.750,10
09:36:52.08500,1896.750,44
09:36:52.44100,1896.750,4
09:36:53.14400,1896.750,27
09:36:53.37500,1896.750,3
09:36:53.46800,1897.000,19
09:36:53.69500,1896.750,1
09:36:53.80800,1897.000,1
09:36:54.03500,1896.750,43
09:36:54.07000,1896.750,3
09:36:54.54200,1896.750,4
09:36:54.64000,1896.750,1
09:36:54.92900,1896.750,10
09:36:55.26500,1896.750,8
09:36:55.56200,1896.750,3
09:36:56.32000,1896.750,14
09:36:56.60900,1896.750,4
09:36:56.67500,1896.750,10
09:36:56.80000,1896.750,10
09:36:57.17500,1896.500,2
09:36:57.33200,1896.500,1
09:36:57.47200,1896.750,1
09:36:57.50700,1896.500,11
09:36:58.88200,1896.500,1
09:36:59.68700,1896.750,148
09:36:59.83900,1896.500,10
09:37:00.60100,1896.750,9
09:37:00.88200,1896.750,1
09:37:01.26500,1896.500,5
09:37:01.62500,1896.500,153
09:37:02.26500,1896.750,5
09:37:02.59300,1896.500,120
09:37:02.69100,1896.500,2
09:37:03.03500,1896.500,5
09:37:03.23000,1896.500,3
09:37:03.43300,1896.750,50
09:37:03.77300,1896.750,5
09:37:04.07400,1896.750,4
09:37:04.15200,1896.750,157
09:37:04.48400,1896.500,101
09:37:04.77300,1896.750,5
09:37:05.41400,1896.500,97
09:37:05.84700,1896.500,100
09:37:05.93700,1896.750,98
09:37:06.00700,1896.500,2
09:37:06.15600,1896.500,9
09:37:06.36700,1896.500,70
09:37:06.94100,1896.250,14
09:37:07.12100,1896.250,1
09:37:07.74200,1896.500,3
09:37:07.76500,1896.500,1
09:37:08.53100,1896.500,84
09:37:08.91700,1896.500,63
09:37:09.08200,1896.500,38
09:37:09.28900,1896.250,1
09:37:09.44900,1896.250,1
09:37:09.73400,1896.250,3
09:37:09.86700,1896.250,1
09:37:10.20700,1896.500,81
09:37:10.41000,1896.500,47
09:37:10.48000,1896.250,1
09:37:11.04600,1896.500,1
09:37:11.31200,1896.500,2
09:37:11.67100,1896.500,1
09:37:12.17100,1896.500,1
09:37:12.39800,1896.500,1
09:37:12.63200,1896.500,1
09:37:12.82000,1896.500,20
09:37:13.08500,1896.500,1
09:37:13.60900,1896.500,46
09:37:13.82000,1896.500,5
09:37:14.05000,1896.500,5
09:37:14.53900,1896.750,9
09:37:14.69900,1896.500,2
09:37:15.47200,1896.500,1
09:37:15.53500,1896.500,4
09:37:15.76500,1896.500,1
09:37:17.05800,1896.750,179
09:37:17.14800,1896.750,187
09:37:17.80000,1896.750,10
09:37:18.68700,1896.750,11
09:37:18.85500,1896.750,3
09:37:19.70300,1896.750,53
09:37:19.83200,1896.750,34
09:37:19.94100,1896.750,63
09:37:20.07400,1896.750,3
09:37:20.44100,1896.750,28
09:37:20.55000,1896.750,9
09:37:20.92100,1896.750,1
09:37:21.26100,1896.500,21
09:37:21.35100,1896.750,38
09:37:21.87500,1896.750,9
09:37:22.27700,1897.000,29
09:37:22.45700,1896.750,12
09:37:22.54200,1896.750,2
09:37:23.55400,1897.000,20
09:37:23.77300,1896.750,1
09:37:24.14400,1896.750,68
09:37:24.26500,1896.750,5
09:37:24.37800,1896.750,5
09:37:25.07800,1896.750,51
09:37:25.35100,1896.750,1
09:37:25.96800,1897.000,2
09:37:26.97200,1897.000,6
09:37:27.13200,1896.750,1
09:37:27.19900,1896.750,2
09:37:27.64000,1897.000,6
09:37:28.52700,1897.250,249
09:37:28.68300,1897.250,6
09:37:28.94500,1897.000,2
09:37:29.19100,1897.250,214
09:37:29.35100,1897.250,6
09:37:29.54200,1897.250,6
09:37:29.64400,1897.250,1
09:37:29.78500,1897.250,1
09:37:29.94500,1897.250,72
09:37:30.15600,1897.000,2
