00:00:02.33900,1915.250,0
00:00:08.39400,1915.250,1
00:00:12.33900,1915.000,15
00:00:13.85900,1915.000,137
00:00:17.91700,1915.250,18
00:00:18.29200,1915.250,36
00:00:31.61700,1915.250,1
00:00:33.46000,1915.250,1
00:00:40.11700,1915.000,3
00:00:43.73800,1915.250,5
00:00:48.06200,1915.250,11
00:00:49.70300,1915.250,4
00:00:50.60900,1915.500,1
00:00:52.91700,1915.250,1
00:01:05.57000,1915.250,3
00:01:09.71000,1915.500,34
00:01:12.49200,1915.500,43
00:01:12.81200,1915.750,22
00:01:13.05000,1915.750,2
00:01:13.48400,1915.750,2
00:01:13.81200,1916.000,12
00:01:13.86300,1916.000,1
00:01:14.06600,1915.750,1
00:01:18.39800,1916.000,67
00:01:19.55400,1916.000,1
00:01:20.29600,1916.500,83
00:01:20.50000,1916.250,1
00:01:20.92500,1916.500,1
00:01:22.30000,1916.250,2
00:01:22.44500,1916.250,1
00:01:26.00000,1916.250,1
00:01:27.36700,1916.250,10
00:01:28.44900,1916.000,3
00:01:31.90600,1916.250,2
00:01:32.55000,1916.000,5
00:01:32.80000,1916.250,2
00:01:34.33500,1916.250,11
00:01:34.93300,1916.250,1
00:01:37.80400,1916.000,2
00:01:39.09700,1916.250,64
00:01:41.17500,1916.250,2
00:01:50.14800,1916.250,3
00:01:50.56600,1916.250,4
00:01:51.94900,1916.250,2
00:01:53.17900,1916.250,3
00:01:57.30800,1916.000,1
00:01:57.85900,1916.250,1
00:01:59.96000,1916.000,2
00:02:05.61300,1916.250,4
00:02:08.21800,1916.000,1
00:02:11.42500,1916.250,1
00:02:13.29200,1916.250,8
00:02:14.88600,1916.250,7
00:02:16.25000,1916.250,3
00:02:17.53100,1916.250,1
00:02:18.61300,1916.250,1
00:02:19.47600,1916.250,1
00:02:20.29600,1916.000,3
00:02:21.84700,1916.250,5
00:02:32.20300,1916.500,3
00:02:34.87500,1916.000,5
00:02:40.39000,1916.250,9
00:02:40.84300,1916.250,6
00:02:42.69500,1916.250,1
00:02:43.37100,1916.250,2
00:02:45.23800,1916.250,1
00:02:45.48400,1916.250,4
00:02:48.75700,1916.250,4
00:02:54.14400,1916.250,2
00:02:56.10500,1916.250,1
00:03:01.46800,1916.250,2
00:03:02.21400,1916.250,5
00:03:06.01900,1916.250,8
00:03:07.48800,1916.250,3
00:03:07.58500,1916.500,1
00:03:15.26100,1916.250,6
00:03:16.86700,1916.250,1
00:03:19.10900,1916.250,3
00:03:20.64000,1916.250,1
00:03:29.93700,1916.000,19
00:03:30.19500,1916.000,2
00:03:31.67500,1916.000,1
00:03:33.67900,1916.000,1
00:03:35.01500,1916.000,2
00:03:37.16400,1916.000,2
00:03:41.67100,1916.000,1
00:03:46.17900,1916.250,1
00:03:59.47600,1916.000,20
00:04:02.62800,1916.000,6
00:04:04.59700,1916.000,2
00:04:06.64000,1916.000,3
00:04:09.01100,1915.750,3
00:04:11.65200,1916.000,3
00:04:14.42500,1916.000,1
00:04:14.60900,1916.000,3
00:04:15.00000,1916.000,1
00:04:17.73400,1916.000,1
00:04:24.59300,1916.000,3
00:04:32.57400,1915.750,28
00:04:37.02300,1916.000,50
00:04:47.68300,1916.000,56
00:04:49.23000,1916.000,4
00:05:04.96800,1916.000,2
00:05:28.37800,1916.250,1
00:05:33.06600,1916.250,2
00:05:35.73000,1916.250,12
00:05:40.27700,1916.250,2
00:05:40.65200,1916.000,3
00:05:49.62100,1916.250,2
00:06:04.84700,1916.250,6
00:06:06.93700,1916.250,10
00:06:16.19500,1916.250,2
00:06:24.16000,1916.250,3
00:06:24.75700,1916.500,1
00:06:33.35100,1916.500,2
00:06:36.50000,1916.500,1
00:06:38.63200,1916.250,1
00:06:39.65200,1916.500,1
00:06:45.87100,1916.500,66
00:06:47.91400,1917.000,198
00:06:48.44100,1917.000,88
00:06:48.63200,1917.000,3
00:06:50.07400,1917.000,1
00:06:58.96800,1917.000,2
00:06:59.23400,1917.000,2
00:07:03.40200,1916.750,87
00:07:08.24600,1916.750,40
00:07:11.71000,1916.750,5
00:07:12.38600,1916.750,10
00:07:14.22200,1916.750,4
00:07:20.43700,1916.750,13
00:07:20.83200,1916.500,4
00:07:22.30400,1916.750,5
00:07:26.55000,1916.500,1
00:07:27.93700,1916.500,1
00:07:32.34300,1916.750,22
00:07:33.64400,1917.000,1
00:07:41.58200,1916.750,1
00:07:44.59300,1917.000,1
00:07:47.84700,1916.750,1
00:07:49.24600,1917.000,6
00:07:52.03900,1916.750,1
00:08:03.28900,1916.750,2
00:08:03.78100,1917.000,2
00:08:14.46000,1917.250,118
00:08:14.56200,1917.250,3
00:08:14.77700,1917.250,4
00:08:18.21800,1917.250,3
00:08:20.94500,1917.250,20
00:08:22.45300,1917.250,7
00:08:23.39000,1917.250,1
00:08:24.58200,1917.250,5
00:08:25.97200,1917.250,1
00:08:26.24600,1917.250,1
00:08:27.58500,1917.250,2
00:08:27.58500,1917.250,2
00:08:27.69500,1917.250,1
00:08:33.92100,1917.250,2
00:08:35.57000,1917.250,1
00:08:36.16700,1917.000,23
00:08:41.93300,1917.250,1
00:08:44.57400,1917.250,14
00:08:46.78900,1917.250,1
00:08:47.63200,1917.250,11
00:08:49.40600,1917.250,1
00:08:51.43300,1917.250,6
00:08:55.51500,1917.250,1
00:08:56.07400,1917.250,2
00:09:04.17500,1917.500,10
00:09:04.21800,1917.500,1
00:09:04.35900,1917.250,1
00:09:06.26100,1917.250,1
00:09:14.53100,1917.500,1
00:09:15.35100,1917.250,8
00:09:15.60500,1917.250,1
00:09:16.51900,1917.000,1
00:09:16.75700,1917.000,1
00:09:23.46400,1917.000,14
00:09:25.22200,1917.000,9
00:09:27.54200,1917.000,1
00:09:32.48400,1917.000,1
00:09:32.75000,1917.000,1
00:09:33.21000,1917.000,1
00:09:33.48800,1917.000,1
00:09:33.97200,1917.000,2
00:09:35.17100,1917.000,2
00:09:36.09300,1917.000,1
00:09:43.72200,1917.000,1
00:09:43.96400,1917.000,1
00:09:45.65200,1917.000,2
00:09:46.11300,1917.000,1
00:09:46.30000,1917.000,18
00:09:59.02300,1917.250,10
00:09:59.48000,1917.000,1
00:10:01.69900,1917.250,18
00:10:02.14400,1917.250,2
00:10:06.42900,1917.500,1
00:10:10.56200,1917.500,1
00:10:15.56200,1917.500,2
00:10:16.17900,1917.500,1
00:10:20.47200,1917.250,2
00:10:23.07400,1917.250,4
00:10:23.75700,1917.250,1
00:10:24.72600,1917.250,1
00:10:29.20700,1917.250,1
00:10:33.40200,1917.250,1
00:10:34.51100,1917.500,2
00:10:37.32400,1917.250,1
00:10:41.21400,1917.250,4
00:10:44.08900,1917.250,2
00:10:45.55400,1917.250,6
00:10:46.94100,1917.250,5
00:10:47.04600,1917.250,2
00:10:47.59300,1917.250,3
00:10:48.69100,1917.250,2
00:10:49.16700,1917.000,2
00:10:51.87800,1917.250,3
00:10:53.40200,1917.250,1
00:10:55.62800,1917.500,1
00:11:04.65200,1917.500,8
00:11:04.72600,1917.500,1
00:11:20.46800,1917.250,4
00:11:22.68700,1917.500,1
00:11:22.76900,1917.500,1
00:11:24.39800,1917.500,1
00:11:26.92100,1917.500,2
00:11:34.78100,1917.500,2
00:11:45.57000,1917.250,10
00:11:45.64800,1917.250,4
00:11:49.57000,1917.250,1
00:11:49.73000,1917.250,2
00:11:50.17100,1917.500,6
00:11:50.24600,1917.500,1
00:11:54.92500,1917.500,1
00:11:55.63200,1917.250,1
00:11:55.82800,1917.250,9
00:11:55.89800,1917.250,2
00:11:55.94500,1917.250,5
00:11:57.26500,1917.250,3
00:12:01.12800,1917.250,7
00:12:03.04600,1917.250,5
00:12:04.92500,1917.500,1
00:12:06.71000,1917.250,5
00:12:11.47600,1917.250,1
00:12:19.84300,1917.250,2
00:12:21.39000,1917.250,4
00:12:31.69500,1917.250,1
00:12:35.08900,1917.500,2
00:12:35.19100,1917.500,2
00:12:45.42900,1917.250,1
00:12:53.31600,1917.250,2
00:12:57.25700,1917.500,4
00:12:57.96400,1917.500,1
00:13:01.64800,1917.250,9
00:13:01.81600,1917.250,1
00:13:04.78900,1917.000,9
00:13:05.23000,1917.250,5
00:13:06.50700,1917.500,4
00:13:07.58200,1917.500,4
00:13:10.76900,1917.250,1
00:13:21.11300,1917.250,1
00:13:35.37100,1917.500,2
00:13:35.45300,1917.500,1
00:13:53.63600,1917.500,58
00:13:54.15200,1917.250,6
00:13:55.43300,1917.250,1
00:13:56.69100,1917.500,3
00:13:58.57400,1917.500,6
00:14:01.89000,1917.250,4
00:14:03.43700,1917.500,2
00:14:03.85100,1917.500,2
00:14:05.59300,1918.000,41
00:14:05.68300,1918.000,4
00:14:05.70300,1918.000,1
00:14:05.88200,1918.000,2
00:14:06.70700,1918.000,6
00:14:07.06600,1917.750,7
00:14:07.36700,1917.750,2
00:14:10.58200,1917.750,5
00:14:11.56600,1917.750,9
00:14:18.62100,1917.750,3
00:14:19.04600,1917.750,7
00:14:19.10100,1917.750,1
00:14:21.68300,1917.750,4
00:14:22.75000,1918.000,1
00:14:25.38600,1917.750,1
00:14:26.74600,1918.000,1
00:14:29.80800,1917.750,4
00:14:32.20300,1917.750,4
00:14:32.36300,1917.750,2
00:14:35.71000,1917.750,2
00:14:57.48800,1917.500,2
00:15:00.48000,1917.500,8
00:15:00.65200,1917.750,2
00:15:05.45700,1917.500,2
00:15:05.78900,1917.750,2
00:15:08.82400,1917.500,39
00:15:09.69500,1917.500,1
00:15:17.56200,1917.500,2
00:15:23.80000,1917.500,1
00:15:26.36300,1917.750,46
00:15:28.67100,1917.750,1
00:15:28.88200,1917.750,3
00:15:29.48400,1917.750,3
00:15:34.29200,1917.750,24
00:15:35.78900,1917.500,1
00:15:35.89400,1917.750,34
00:15:37.96800,1918.000,1
00:15:41.75000,1917.750,2
00:15:42.82000,1918.000,30
00:15:48.51500,1918.000,12
00:15:50.60100,1918.000,45
00:15:51.40200,1918.000,1
00:15:54.25300,1918.250,87
00:15:54.44100,1918.250,2
00:15:55.36300,1918.250,24
00:15:56.12800,1918.250,1
00:16:00.86300,1918.750,110
00:16:00.92100,1918.750,2
00:16:01.16700,1918.750,1
00:16:01.21400,1918.750,2
00:16:01.79200,1918.500,2
00:16:02.14400,1918.750,1
00:16:03.56600,1918.750,1
00:16:04.70700,1918.750,18
00:16:06.09700,1918.750,2
00:16:09.88200,1918.500,1
00:16:10.69500,1918.500,10
00:16:11.28100,1918.750,1
00:16:14.32800,1918.750,1
00:16:15.01500,1918.750,1
00:16:16.73400,1918.750,1
00:16:16.94500,1918.750,18
00:16:17.16700,1918.750,24
00:16:17.34700,1918.500,5
00:16:17.95300,1918.750,1
00:16:19.40200,1918.750,5
00:16:20.36300,1918.750,6
00:16:20.55400,1918.500,1
00:16:23.38200,1918.500,27
00:16:23.77700,1918.500,1
00:16:25.52300,1918.750,9
00:16:25.82000,1918.750,1
00:16:25.94500,1918.750,1
00:16:27.27700,1918.500,2
00:16:33.64000,1918.500,1
00:16:34.08500,1918.500,36
00:16:39.97200,1918.750,42
00:16:40.39800,1918.750,1
00:16:42.15600,1918.500,30
00:16:42.36700,1918.750,1
00:16:44.51500,1918.750,4
00:16:45.43700,1918.750,1
00:16:45.58500,1918.750,3
00:16:48.94500,1918.750,1
00:16:49.21000,1919.000,75
00:16:49.31600,1919.250,11
00:16:49.46400,1919.250,6
00:16:49.56200,1919.000,3
00:16:49.63200,1919.000,1
00:16:49.79200,1919.000,6
00:16:49.88600,1919.250,1
00:16:50.00000,1919.000,1
00:16:50.10900,1918.750,3
00:16:52.61300,1919.000,13
00:16:53.01500,1919.250,19
00:16:53.12100,1919.250,15
00:16:53.37800,1919.000,5
00:16:54.08900,1919.250,2
00:16:55.34700,1919.000,1
00:16:57.17500,1919.000,1
00:16:59.53500,1919.250,3
00:16:59.90200,1919.250,2
00:17:00.50000,1919.000,1
00:17:00.71800,1919.000,2
00:17:01.82400,1919.250,3
00:17:02.28500,1919.000,1
00:17:05.15600,1919.000,5
00:17:05.64800,1919.250,1
00:17:05.73000,1919.250,2
00:17:06.37500,1919.250,1
00:17:07.17100,1919.250,2
00:17:07.71400,1919.000,1
00:17:08.40600,1919.250,44
00:17:09.73400,1919.250,4
00:17:10.37800,1919.250,1
00:17:11.51100,1919.250,1
00:17:11.66400,1919.000,1
00:17:12.81200,1919.250,4
00:17:15.18300,1919.000,1
00:17:16.01500,1919.000,10
00:17:18.25300,1919.250,30
00:17:19.56600,1919.250,3
00:17:20.43700,1919.000,23
00:17:21.03900,1919.000,9
00:17:21.92900,1918.750,3
00:17:22.25000,1919.000,1
00:17:29.70300,1919.000,15
00:17:31.84700,1918.750,2
00:17:33.82000,1919.000,6
00:17:34.49200,1919.250,1
00:17:36.51900,1919.250,2
00:17:39.64800,1919.000,1
00:17:41.85900,1919.000,1
00:17:43.73800,1919.000,1
00:17:45.21400,1919.000,2
00:17:48.72200,1919.000,2
00:17:50.60900,1919.000,1
00:17:55.97200,1919.000,1
00:17:57.00700,1919.000,1
00:17:58.30000,1919.000,3
00:18:03.54200,1919.000,5
00:18:04.38600,1919.000,6
00:18:07.04200,1919.000,1
00:18:09.49200,1919.000,3
00:18:09.64400,1919.000,1
00:18:11.19500,1918.750,32
00:18:13.69500,1918.750,1
00:18:14.03100,1918.750,1
00:18:21.06200,1918.750,1
00:18:21.63200,1918.750,4
00:18:21.89000,1918.750,1
00:18:26.75700,1918.750,1
00:18:30.42500,1918.750,6
00:18:30.63600,1918.500,1
00:18:31.79600,1918.500,5
00:18:32.20300,1918.750,9
00:18:36.79600,1919.000,2
00:18:43.10900,1919.000,10
00:19:02.93700,1919.000,4
00:19:03.69100,1919.000,5
00:19:06.93700,1919.000,2
00:19:12.75700,1918.750,1
00:19:13.10500,1918.750,19
00:19:15.92900,1918.750,1
00:19:17.01500,1918.750,3
00:19:20.15600,1918.750,1
00:19:26.28100,1918.750,12
00:19:27.86300,1918.750,7
00:19:29.02300,1918.500,1
00:19:32.06600,1918.750,1
00:19:33.05000,1918.500,1
00:19:35.51100,1918.750,2
00:19:37.10500,1919.000,1
00:19:38.13200,1918.750,1
00:19:38.67900,1918.750,11
00:19:39.02700,1918.750,1
00:19:39.67100,1918.750,1
00:20:07.24600,1918.750,6
00:20:18.21000,1918.750,1
00:20:24.83500,1918.500,1
00:20:27.14000,1918.500,1
00:20:32.01900,1918.250,17
00:20:35.45700,1918.250,1
00:20:37.38600,1918.500,2
00:20:41.28100,1918.500,6
00:20:42.30800,1918.500,2
00:20:42.55400,1918.500,5
00:20:48.49200,1918.500,1
00:20:52.46000,1918.500,1
00:21:05.82800,1918.500,4
00:21:07.52700,1918.750,2
00:21:10.71400,1918.500,34
00:21:14.74200,1918.500,1
00:21:15.83200,1918.500,2
00:21:18.25700,1918.500,2
00:21:23.31600,1918.500,1
00:21:23.68300,1918.250,1
00:21:27.44500,1918.250,1
00:21:28.41700,1918.250,1
00:21:32.87500,1918.500,14
00:21:34.00700,1918.500,3
00:21:36.70700,1918.500,1
00:21:37.67500,1918.750,1
00:21:38.59300,1918.500,3
00:21:40.32400,1918.750,1
00:21:43.64400,1918.500,11
00:21:51.93700,1918.500,5
00:21:59.71400,1918.500,1
00:22:15.37800,1918.500,19
00:22:18.41400,1918.750,10
00:22:22.48800,1918.500,4
00:22:37.94900,1918.750,2
00:22:38.02700,1918.750,1
00:22:43.29200,1918.500,15
00:22:46.78100,1918.750,5
00:22:46.89000,1918.500,4
00:22:53.20300,1918.500,1
00:22:56.86700,1918.500,4
00:23:01.79200,1918.500,2
00:23:08.11300,1918.750,2
00:23:13.09300,1918.500,1
00:23:16.89000,1918.500,6
00:23:21.50700,1918.750,22
00:23:24.57800,1918.750,1
00:23:25.31200,1918.500,10
00:23:38.25300,1918.750,2
00:23:41.66700,1918.750,14
00:23:48.69900,1918.750,9
00:23:51.91700,1918.750,5
00:24:01.46400,1919.000,3
00:24:02.66700,1918.750,3
00:24:07.49600,1919.000,1
00:24:07.91000,1919.000,2
00:24:08.39400,1919.000,1
00:24:14.95300,1919.000,1
00:24:16.80000,1919.000,5
00:24:19.44900,1919.000,4
00:24:37.28100,1919.000,2
00:24:38.53500,1919.000,2
00:24:46.26500,1919.000,2
00:24:48.78100,1919.000,2
00:24:49.30400,1919.000,36
00:24:50.09700,1919.000,1
00:24:52.35500,1919.000,4
00:24:53.25300,1919.000,2
00:24:54.94100,1919.000,3
00:24:55.60100,1919.000,5
00:24:56.88600,1919.000,3
00:24:58.35100,1919.000,1
00:25:07.26100,1919.000,7
00:25:08.67900,1919.250,3
00:25:09.01500,1919.000,2
00:25:14.38200,1919.250,4
00:25:22.69100,1919.250,22
00:25:23.24200,1919.250,1
00:25:23.72200,1919.250,3
00:25:24.25700,1919.250,1
00:25:24.57400,1919.250,1
00:25:27.07400,1919.750,129
00:25:27.12100,1919.750,4
00:25:27.28100,1919.750,1
00:25:28.03500,1919.750,1
00:25:28.34300,1919.750,1
00:25:30.24200,1919.500,1
00:25:38.81200,1919.750,2
00:25:40.30000,1919.500,21
00:25:41.66700,1919.500,1
00:25:41.84300,1919.500,7
00:25:42.84300,1919.250,4
00:25:48.32800,1919.500,1
00:25:54.35900,1919.500,1
00:25:56.45300,1919.500,18
00:25:58.71800,1919.750,7
00:26:06.09300,1919.750,2
00:26:08.95700,1919.750,2
00:26:10.10900,1919.500,1
00:26:16.08900,1919.500,7
00:26:18.90200,1919.500,16
00:26:19.79600,1919.250,10
00:26:20.41700,1919.250,1
00:26:23.86700,1919.500,9
00:26:29.11700,1919.500,2
00:26:34.89800,1919.500,1
00:26:39.12100,1919.500,1
00:26:50.91000,1919.750,75
00:26:51.96800,1919.500,35
00:26:52.25700,1919.500,2
00:26:52.63600,1919.500,1
00:26:55.34300,1919.500,4
00:26:57.82400,1919.500,2
00:27:00.50000,1919.750,2
00:27:02.76500,1919.500,1
00:27:03.94100,1919.500,1
00:27:04.05800,1919.500,6
00:27:05.92500,1919.750,16
00:27:07.63600,1919.500,1
00:27:09.26500,1919.750,2
00:27:09.34700,1919.750,2
00:27:10.94900,1919.750,3
00:27:18.80000,1919.500,1
00:27:20.44900,1919.500,1
00:27:20.78900,1919.750,1
00:27:20.88600,1919.750,2
00:27:23.04600,1919.500,2
00:27:29.10500,1919.750,2
00:27:34.39000,1919.750,1
00:27:36.89400,1919.750,20
00:27:37.00300,1919.750,4
00:27:38.01500,1919.750,6
00:27:38.37100,1919.750,1
00:27:38.51500,1919.750,1
00:27:38.68300,1919.750,1
00:27:38.76500,1919.750,1
00:27:39.40200,1919.750,2
00:27:39.76900,1919.750,1
00:28:00.74600,1919.500,3
00:28:03.79200,1919.500,33
00:28:04.93700,1919.500,11
00:28:05.48800,1919.750,14
00:28:09.54600,1919.750,2
00:28:11.89000,1919.500,2
00:28:16.75300,1919.500,8
00:28:17.32800,1919.750,4
00:28:17.41400,1919.750,1
00:28:19.08500,1919.500,1
00:28:22.06600,1919.500,1
00:28:22.34700,1919.500,3
00:28:23.00700,1919.500,1
00:28:25.29600,1919.500,1
00:28:25.61700,1919.500,2
00:28:29.22200,1919.500,2
00:28:33.09300,1919.250,17
00:28:39.10100,1919.250,1
00:28:42.12100,1919.250,1
00:28:44.32400,1919.500,1
00:28:44.41400,1919.500,3
00:28:48.38600,1919.250,1
00:28:54.90200,1919.250,1
00:28:55.67100,1919.250,2
00:28:59.55800,1919.000,50
00:29:02.71000,1919.250,2
00:29:03.22600,1919.000,5
00:29:03.53500,1919.000,1
00:29:03.77300,1919.000,1
00:29:09.91000,1919.250,3
00:29:22.84700,1919.000,3
00:29:24.82400,1919.250,1
00:29:28.88600,1919.250,1
00:29:28.96800,1919.250,1
00:29:36.64400,1919.000,1
00:29:38.67100,1919.000,6
00:29:39.30400,1919.250,10
00:29:39.37800,1919.250,3
00:29:43.45300,1919.000,3
00:29:45.95300,1919.000,3
00:29:47.63600,1919.250,1
00:29:53.80000,1919.000,1
00:29:54.92100,1919.000,1
00:30:01.26100,1919.000,3
00:30:01.67900,1919.000,1
00:30:01.80400,1919.000,2
00:30:03.04600,1919.000,1
00:30:03.58200,1919.250,1
00:30:05.46000,1919.250,3
00:30:09.51900,1919.000,1
00:30:10.12800,1919.250,2
00:30:11.37500,1919.000,1
00:30:13.55400,1919.000,3
00:30:15.03100,1919.000,1
00:30:25.06600,1919.000,1
00:30:27.29600,1919.500,245
00:30:27.85900,1919.750,92
00:30:28.16700,1919.500,1
00:30:30.08200,1919.500,62
00:30:31.86300,1919.500,1
00:30:40.26900,1919.750,2
00:30:43.40600,1919.500,4
00:30:47.53100,1919.750,1
00:30:49.34700,1919.750,1
00:30:49.89400,1919.500,1
00:30:50.58200,1919.500,1
00:30:50.79200,1919.750,2
00:30:52.10500,1919.750,43
00:30:53.18300,1919.750,6
00:30:55.28900,1919.750,1
00:30:58.82000,1919.750,4
00:31:00.64800,1919.750,2
00:31:06.55400,1919.500,1
00:31:09.19900,1919.750,1
00:31:10.41000,1919.750,1
00:31:11.41400,1919.750,2
00:31:20.41700,1919.500,2
00:31:23.41400,1919.750,1
00:31:28.32000,1919.500,19
00:31:32.26900,1919.500,2
00:31:35.76100,1919.500,2
00:31:36.02700,1919.500,11
00:31:40.55000,1919.750,2
00:31:49.13600,1919.750,3
00:31:50.36300,1919.500,1
00:31:59.75700,1919.500,4
00:32:10.69100,1919.750,2
00:32:17.39800,1919.750,15
00:32:22.47600,1919.750,3
00:32:23.58200,1919.500,3
00:32:25.79600,1919.750,1
00:32:32.01500,1919.750,1
00:32:34.67500,1919.750,4
00:32:40.83200,1919.750,2
00:32:47.67500,1919.750,1
00:32:57.30800,1919.750,2
00:33:11.00000,1919.750,10
00:33:11.91700,1919.500,3
00:33:12.08900,1919.750,1
00:33:12.46800,1919.500,8
00:33:13.42500,1919.500,3
00:33:32.51900,1919.500,2
00:33:35.58200,1919.500,1
00:33:41.13600,1919.500,1
00:33:53.81600,1919.500,1
00:34:02.89400,1919.250,6
00:34:03.76100,1919.250,2
00:34:04.90600,1919.250,15
00:34:09.92100,1919.500,2
00:34:10.46000,1919.250,1
00:34:11.27700,1919.500,2
00:34:12.95300,1919.250,2
00:34:14.00700,1919.500,1
00:34:17.91400,1919.250,1
00:34:19.05800,1919.500,2
00:34:25.66000,1919.500,17
00:34:29.56600,1919.500,2
00:34:30.07800,1919.500,42
00:34:41.41700,1919.750,2
00:34:43.45700,1919.500,1
00:34:57.12800,1919.500,1
00:35:05.55800,1919.500,2
00:35:11.56200,1919.750,2
00:35:16.71000,1919.750,1
00:35:20.35900,1919.500,8
00:35:20.65600,1919.500,1
00:35:26.20300,1919.750,1
00:35:30.59700,1919.750,29
00:35:31.10100,1919.750,12
00:35:31.55000,1920.000,213
00:35:36.43700,1920.000,29
00:35:36.93700,1919.750,18
00:35:37.45700,1919.750,8
00:35:37.94500,1919.750,1
00:35:39.38200,1919.750,10
00:35:40.26100,1919.750,6
00:35:40.87500,1919.500,1
00:35:41.32000,1919.750,1
00:35:41.60500,1919.750,1
00:35:42.10100,1919.750,107
00:35:43.38600,1919.750,1
00:35:43.94100,1919.750,2
00:35:48.34300,1919.750,5
00:35:48.67500,1919.750,4
00:35:52.79600,1919.750,3
00:35:53.09700,1919.750,1
00:35:56.82000,1919.750,13
00:36:02.01900,1919.750,7
00:36:04.42500,1920.000,3
00:36:07.87100,1919.750,1
00:36:08.95700,1919.750,1
00:36:11.78500,1919.750,14
00:36:11.94100,1919.750,1
00:36:18.32400,1919.750,5
00:36:20.43300,1919.750,1
00:36:32.45700,1919.750,10
00:36:33.38200,1919.500,4
00:36:41.21000,1920.000,2
00:36:42.00300,1920.000,2
00:36:43.24200,1919.750,2
00:36:44.00000,1919.750,8
00:36:46.92500,1919.500,2
00:36:48.34700,1919.500,22
00:36:56.91000,1919.500,3
00:37:09.84700,1919.250,63
00:37:19.86300,1919.250,95
00:37:24.14400,1919.250,3
00:37:24.58900,1919.250,15
00:37:25.00700,1919.250,1
00:37:25.47200,1919.250,1
00:37:40.44900,1919.250,4
00:37:42.28500,1919.500,2
00:37:44.12500,1919.500,40
00:37:45.02300,1919.500,5
00:37:45.21800,1919.500,1
00:37:45.94500,1919.500,78
00:37:57.54200,1919.500,1
00:38:12.88600,1919.750,63
00:38:28.50700,1920.000,1
00:38:30.09300,1919.750,1
00:38:31.61700,1919.750,1
00:38:38.65600,1920.000,1
00:38:40.49600,1919.750,1
00:38:41.54600,1920.000,28
00:38:42.58200,1920.250,4
00:38:46.61300,1920.000,1
00:38:48.95300,1920.000,9
00:38:50.55000,1920.000,1
00:38:52.10100,1920.000,1
00:38:54.11300,1920.000,2
00:38:56.60900,1920.000,2
00:38:58.33500,1920.000,1
00:38:58.72200,1919.750,1
00:38:58.86700,1920.000,1
00:38:59.62500,1919.750,1
00:39:03.23000,1920.250,2
00:39:04.32400,1919.750,4
00:39:06.09700,1919.750,7
00:39:07.00000,1920.000,5
00:39:10.61700,1920.000,1
00:39:12.71000,1920.250,2
00:39:13.82400,1920.000,1
00:39:14.12800,1920.000,5
00:39:14.62100,1920.250,1
00:39:17.57800,1920.250,1
00:39:18.41700,1920.000,1
00:39:20.38600,1920.250,2
00:39:23.87500,1920.250,2
00:39:27.00300,1920.000,2
00:39:31.77700,1920.250,1
00:39:32.63600,1920.000,1
00:39:35.76100,1920.000,1
00:39:36.88200,1920.250,1
00:39:42.84700,1920.250,2
00:39:47.36300,1920.000,3
00:39:50.69500,1920.000,9
00:39:58.46800,1920.000,1
00:39:58.78100,1920.000,1
00:39:59.83200,1920.250,14
00:40:00.54600,1919.750,15
00:40:00.60900,1919.750,1
00:40:00.70300,1919.750,1
00:40:07.25000,1919.750,1
00:40:09.64400,1919.750,17
00:40:09.85500,1919.750,1
00:40:11.23000,1920.000,9
00:40:12.18300,1920.000,10
00:40:13.02300,1920.000,2
00:40:21.02300,1920.000,1
00:40:23.01100,1919.750,1
00:40:25.44100,1919.750,6
00:40:31.06200,1919.750,2
00:40:35.46400,1919.750,2
00:40:36.43700,1920.000,2
00:40:43.15600,1920.000,1
00:40:43.78900,1919.750,1
00:40:44.50000,1919.500,4
00:40:47.51500,1919.750,1
00:40:51.92100,1919.500,13
00:40:52.61300,1919.500,3
00:40:55.94100,1919.500,4
00:40:59.26100,1919.500,8
00:41:13.29200,1919.750,3
00:41:22.17100,1919.500,4
00:41:24.94500,1919.500,6
00:41:27.07800,1919.500,1
00:41:31.58500,1919.500,1
00:41:32.68700,1919.500,1
00:41:41.64800,1919.500,3
00:41:43.43300,1919.500,4
00:41:45.72600,1919.750,7
00:41:48.03500,1919.750,1
00:41:48.96000,1919.750,24
00:41:55.12800,1919.750,2
00:41:58.36700,1919.750,1
00:41:59.65200,1919.750,10
00:42:13.57400,1920.000,19
00:42:14.07000,1919.750,1
00:42:14.25700,1919.750,1
00:42:16.36300,1920.000,20
00:42:24.67900,1919.750,3
00:42:26.55000,1920.000,36
00:42:29.64000,1920.000,8
00:42:33.21400,1920.000,1
00:42:36.40600,1920.250,1
00:42:42.35500,1920.000,1
00:42:42.58500,1920.000,11
00:42:45.42900,1920.000,5
00:42:57.96400,1919.750,1
00:42:58.96800,1919.750,7
00:43:13.86300,1920.000,1
00:43:16.29200,1919.750,1
00:43:17.51500,1919.750,5
00:43:17.67900,1919.750,6
00:43:22.70300,1919.750,3
00:43:33.72600,1919.500,11
00:43:38.70300,1919.500,7
00:43:39.10500,1919.500,6
00:43:39.21800,1919.500,14
00:43:44.01900,1919.750,2
00:43:49.01100,1919.750,1
00:44:04.46400,1919.250,38
00:44:04.85900,1919.250,3
00:44:14.16400,1919.500,2
00:44:14.38600,1919.500,6
00:44:21.54600,1919.250,1
00:44:23.53100,1919.250,1
00:44:30.75300,1919.250,5
00:44:32.32400,1919.500,3
00:44:32.63600,1919.500,5
00:44:33.47600,1919.250,1
00:44:43.16700,1919.250,1
00:44:43.50000,1919.250,1
00:44:44.30800,1919.500,2
00:44:48.14400,1919.250,1
00:44:52.12500,1919.250,15
00:44:53.50300,1919.000,1
00:44:59.09700,1919.000,23
00:44:59.86700,1919.000,2
00:45:05.41700,1919.250,11
00:45:09.21000,1919.250,1
00:45:12.18300,1919.250,10
00:45:14.44100,1919.250,3
00:45:17.49600,1919.250,1
00:45:21.63200,1919.250,4
00:45:23.18300,1919.250,1
00:45:25.54200,1919.250,4
00:45:25.76500,1919.250,1
00:45:28.16000,1919.250,5
00:45:31.57000,1919.000,1
00:45:42.01500,1919.250,1
00:45:44.58200,1919.500,2
00:45:45.05800,1919.250,2
00:45:46.89000,1919.250,1
00:45:49.30400,1919.250,1
00:45:54.15600,1919.250,10
00:45:57.23800,1919.250,1
00:45:58.43700,1919.250,5
00:45:59.17500,1919.000,1
00:46:13.42500,1919.250,16
00:46:27.34700,1919.250,3
00:46:38.42900,1919.000,53
00:46:43.47200,1919.000,1
00:46:43.61300,1918.750,2
00:46:44.86700,1919.000,7
00:47:07.87500,1919.250,15
00:47:11.16400,1919.000,10
00:47:11.43300,1919.000,2
00:47:15.03900,1919.250,2
00:47:20.08500,1919.250,11
00:47:24.23400,1919.250,7
00:47:24.54200,1919.250,2
00:47:25.23800,1919.000,2
00:47:28.66400,1919.000,2
00:47:35.22600,1919.000,1
00:47:38.40200,1919.000,4
00:47:45.17100,1919.250,1
00:47:51.91400,1919.250,9
00:47:58.69900,1919.500,1
00:48:06.70300,1919.500,29
00:48:11.70300,1919.250,9
00:48:12.22200,1919.000,7
00:48:15.31200,1919.250,2
00:48:22.28100,1919.000,12
00:48:22.68300,1919.000,6
00:48:22.81600,1919.000,5
00:48:25.71800,1919.250,1
00:48:28.36300,1919.250,2
00:48:29.52300,1919.000,3
00:48:36.86300,1919.000,1
00:48:43.32000,1919.250,2
00:48:45.45700,1919.500,2
00:48:54.85900,1919.250,5
00:49:05.41700,1919.000,5
00:49:07.09700,1919.250,1
00:49:10.15200,1919.250,5
00:49:13.23400,1919.250,1
00:49:13.48800,1919.250,1
00:49:15.59700,1919.500,2
00:49:45.74200,1919.500,2
00:50:02.52300,1919.500,21
00:50:05.58200,1919.750,2
00:50:06.35500,1919.750,2
00:50:11.01500,1919.750,1
00:50:11.50000,1919.750,16
00:50:12.96800,1920.000,1
00:50:15.87800,1920.000,1
00:50:16.68300,1920.000,1
00:50:18.90200,1919.750,10
00:50:19.82800,1919.750,1
00:50:27.71800,1919.750,1
00:50:35.72600,1919.750,1
00:50:45.59700,1919.750,3
00:50:46.04600,1920.000,3
00:50:48.30400,1920.000,21
00:50:50.75300,1920.000,1
00:51:07.48000,1920.000,15
00:51:11.73400,1919.750,16
00:51:15.21800,1919.750,10
00:51:16.18300,1919.750,2
00:51:24.12800,1919.750,3
00:51:26.76100,1919.750,3
00:51:33.24200,1919.750,2
00:51:35.58500,1919.500,1
00:51:45.59300,1919.500,2
00:51:46.32800,1919.750,2
00:51:49.07000,1919.500,2
00:52:07.91000,1919.500,3
00:52:16.45700,1919.750,1
00:52:19.76500,1919.500,1
00:52:23.09300,1919.750,1
00:52:25.77700,1919.500,3
00:52:34.89400,1919.750,20
00:52:46.60500,1920.000,2
00:52:49.01500,1919.750,8
00:52:55.44100,1919.750,5
00:52:56.04200,1919.750,4
00:52:58.20300,1919.500,1
00:53:05.22200,1919.500,47
00:53:07.72200,1919.250,1
00:53:16.74600,1919.500,2
00:53:26.10900,1919.250,1
00:53:26.91400,1919.250,1
00:53:46.00000,1919.250,2
00:53:46.88600,1919.500,2
00:53:56.06600,1919.500,21
00:53:57.05800,1919.500,10
00:53:58.91700,1919.500,6
00:53:59.07400,1919.500,1
00:54:05.95300,1919.250,4
00:54:08.69500,1919.500,1
00:54:13.82400,1919.000,18
00:54:15.22200,1919.250,9
00:54:16.84700,1919.250,7
00:54:17.88600,1919.250,3
00:54:19.86700,1919.250,8
00:54:20.21400,1919.250,1
00:54:20.67500,1919.250,2
00:54:21.39800,1919.250,2
00:54:21.67100,1919.250,1
00:54:25.21400,1919.250,1
00:54:25.87500,1919.250,3
00:54:29.95300,1919.500,9
00:54:30.46400,1919.250,1
00:54:32.52300,1919.250,6
00:54:40.58500,1919.250,1
00:54:46.56600,1919.250,3
00:54:47.19100,1919.500,1
00:54:54.37800,1919.500,8
00:54:59.88600,1919.250,5
00:55:04.22600,1919.250,7
00:55:04.55400,1919.250,1
00:55:05.91400,1919.250,1
00:55:06.25700,1919.250,1
00:55:09.01100,1919.250,1
00:55:12.26900,1919.250,2
00:55:17.33500,1919.500,2
00:55:27.13600,1919.250,9
00:55:38.61300,1919.250,5
00:55:44.46800,1919.500,4
00:55:46.15600,1919.500,3
00:55:52.01100,1919.250,1
00:56:02.69900,1919.000,12
00:56:02.93700,1919.000,1
00:56:04.54200,1919.000,1
00:56:09.32400,1919.000,12
00:56:14.55400,1919.000,1
00:56:15.11700,1918.750,3
00:56:16.08900,1918.750,1
00:56:17.70700,1919.000,3
00:56:20.12800,1918.750,1
00:56:32.36700,1918.750,1
00:56:32.71800,1918.750,1
00:56:38.59300,1918.750,16
00:56:39.13200,1918.750,4
00:56:39.93700,1918.750,8
00:56:41.02300,1918.750,3
00:56:43.91400,1918.750,1
00:56:44.26900,1918.750,6
00:56:46.03900,1918.750,8
00:56:46.76900,1918.750,4
00:56:46.96800,1919.000,1
00:56:51.25300,1918.750,1
00:56:51.60900,1919.000,1
00:56:56.26100,1919.000,19
00:56:59.12500,1919.000,6
00:57:02.75000,1918.750,37
00:57:03.00700,1918.750,2
00:57:07.20300,1918.750,20
00:57:07.56200,1918.500,1
00:57:16.48800,1918.500,2
00:57:17.89800,1918.750,1
00:57:20.38200,1918.500,1
00:57:23.69900,1918.500,1
00:57:24.42100,1918.750,15
00:57:24.67500,1918.750,6
00:57:25.16400,1918.750,1
00:57:25.28100,1918.500,4
00:57:26.33500,1918.500,3
00:57:31.87800,1918.750,10
00:57:35.61300,1919.000,13
00:57:36.15600,1919.000,1
00:57:37.31600,1919.000,13
00:57:38.30800,1919.000,1
00:57:42.10100,1919.000,1
00:57:43.82800,1919.000,1
00:57:48.06200,1919.250,3
00:57:52.63200,1919.000,1
00:57:55.40200,1919.000,6
00:57:55.66000,1919.000,2
00:58:02.26500,1919.000,5
00:58:02.73400,1919.250,1
00:58:03.00300,1919.000,5
00:58:12.47200,1919.000,1
00:58:18.19500,1919.000,2
00:58:23.16000,1919.000,1
00:58:30.37800,1919.000,5
00:58:33.00700,1919.000,8
00:58:33.65200,1919.000,5
00:58:38.97200,1919.000,1
00:58:45.96000,1919.000,4
00:58:47.25300,1919.000,5
00:58:48.33200,1919.250,2
00:58:56.06600,1919.250,2
00:58:57.55000,1919.250,22
00:59:00.71000,1919.250,2
00:59:01.24600,1919.500,1
00:59:06.51100,1919.000,2
00:59:06.71800,1919.250,1
00:59:09.30000,1919.000,3
00:59:11.73800,1919.250,1
00:59:12.73400,1919.500,3
00:59:13.50700,1919.250,61
00:59:18.48400,1919.250,2
00:59:22.69100,1919.250,3
00:59:32.06200,1919.000,1
00:59:33.46400,1919.000,4
00:59:38.46000,1919.000,4
00:59:47.48000,1919.000,10
00:59:47.58900,1919.000,1
00:59:48.17100,1919.000,6
00:59:49.63200,1919.000,1
00:59:50.05000,1918.750,1
00:59:54.02300,1919.000,4
00:59:55.23400,1919.250,4
00:59:55.48800,1919.250,7
00:59:58.47600,1919.250,1
00:59:59.72600,1919.250,2
01:00:00.47200,1919.250,0
01:00:00.64800,1919.250,1
01:00:01.07000,1919.250,1
01:00:01.37100,1919.250,19
01:00:03.75300,1919.500,2
01:00:10.33200,1919.500,1
01:00:13.28500,1919.500,1
01:00:20.53500,1919.250,14
01:00:27.96800,1919.250,15
01:00:28.08900,1919.250,1
01:00:33.96000,1919.250,1
01:00:34.92900,1919.250,1
01:00:39.87800,1919.250,12
01:00:44.63600,1919.250,28
01:00:45.48800,1919.250,1
01:00:46.01900,1919.250,1
01:00:46.69100,1919.000,4
01:00:48.41000,1919.250,1
01:00:52.77700,1919.250,3
01:00:54.60500,1919.250,2
01:00:57.60900,1919.250,1
01:01:03.11700,1919.250,33
01:01:04.18700,1919.500,2
01:01:05.66000,1919.250,1
01:01:09.43700,1919.500,1
01:01:25.52300,1919.250,14
01:01:27.21800,1919.250,1
01:01:28.82000,1919.000,5
01:01:34.39000,1919.250,2
01:01:35.27700,1919.250,6
01:01:54.94900,1919.250,1
01:01:57.60900,1919.000,1
01:02:04.58900,1919.250,3
01:02:05.70700,1919.000,1
01:02:24.50000,1919.250,1
01:02:25.72200,1919.250,16
01:02:25.96800,1919.000,1
01:02:26.87500,1919.000,2
01:02:31.16700,1919.000,1
01:02:34.79200,1919.250,1
01:02:37.55800,1919.250,1
01:02:38.12500,1919.000,1
01:02:49.14400,1919.000,1
01:02:57.41700,1919.000,1
01:03:05.01900,1919.250,4
01:03:06.24600,1919.000,7
01:03:13.87500,1919.000,27
01:03:21.46800,1919.000,10
01:03:28.08200,1919.000,3
01:03:31.23400,1918.750,4
01:03:35.22200,1919.000,2
01:03:37.01500,1918.750,1
01:03:39.48800,1919.000,3
01:04:02.76900,1918.750,4
01:04:04.29600,1919.000,1
01:04:04.62100,1918.750,20
01:04:05.23000,1919.000,1
01:04:05.42500,1919.000,2
01:04:07.07400,1918.750,4
01:04:18.08200,1918.750,28
01:04:19.51900,1918.750,1
01:04:28.38600,1918.750,4
01:04:35.61700,1918.750,2
01:04:56.00000,1918.750,1
01:04:57.46400,1918.750,1
01:04:58.10500,1919.000,6
01:05:00.31600,1919.000,3
01:05:05.82000,1919.000,1
01:05:07.90600,1918.750,1
01:05:18.33900,1918.750,2
01:05:19.63600,1918.750,9
01:05:21.09700,1919.000,10
01:05:24.53500,1918.750,6
01:05:25.10100,1918.750,6
01:05:30.03500,1918.750,1
01:05:31.13600,1918.750,2
01:05:35.87100,1919.000,2
01:05:36.05000,1919.000,2
01:05:43.85900,1918.750,3
01:05:44.69500,1918.750,1
01:05:47.25300,1918.750,2
01:05:47.73800,1918.750,1
01:05:48.13200,1918.750,3
01:05:54.58500,1919.000,5
01:05:55.39000,1919.000,2
01:05:58.14800,1918.750,4
01:06:06.25700,1919.000,4
01:06:28.70300,1919.000,1
01:06:34.15600,1919.000,22
01:06:34.59300,1918.750,6
01:06:35.62100,1919.000,1
01:06:37.25000,1919.000,2
01:06:42.01100,1919.000,1
01:06:44.29600,1919.000,1
01:06:47.96400,1919.000,1
01:06:48.55400,1919.000,2
01:06:50.16700,1919.000,1
01:07:03.86700,1919.000,5
01:07:04.39800,1919.000,1
01:07:09.27700,1919.000,1
01:07:11.76100,1919.000,1
01:07:21.08900,1918.750,1
01:07:27.46800,1918.750,3
01:07:36.86300,1919.000,1
01:07:45.55800,1918.750,26
01:07:56.20700,1918.500,3
01:07:58.93300,1919.000,2
01:08:02.18300,1918.750,1
01:08:07.08900,1919.000,16
01:08:10.39800,1919.000,4
01:08:19.00000,1919.000,1
01:08:27.34300,1919.000,8
01:08:29.46800,1919.000,1
01:08:31.17100,1919.000,1
01:08:37.29200,1919.000,2
01:08:38.08500,1919.000,16
01:08:40.13200,1919.000,5
01:08:43.85500,1919.000,8
01:09:05.15200,1919.000,27
01:09:06.11700,1918.750,1
01:09:07.61300,1918.750,3
01:09:14.08500,1919.000,16
01:09:19.01100,1919.000,1
01:09:19.28100,1919.000,4
01:09:27.46400,1919.000,1
01:09:28.33500,1919.000,7
01:09:31.35500,1919.000,1
01:09:32.26100,1919.000,2
01:09:32.46000,1919.000,2
01:09:32.69900,1919.000,1
01:09:33.32000,1919.000,5
01:09:33.50000,1919.000,2
01:09:37.69500,1919.000,2
01:09:39.71000,1919.000,2
01:09:40.23800,1919.000,5
01:09:41.12500,1919.000,1
01:09:43.06600,1919.000,8
01:09:47.23400,1919.000,8
01:09:50.15600,1919.000,2
01:09:50.57000,1919.000,4
01:09:51.01100,1919.000,1
01:10:06.38600,1919.000,4
01:10:07.89800,1919.000,1
01:10:13.71800,1919.000,1
01:10:16.09300,1919.000,38
01:10:38.12500,1919.250,2
01:10:40.43700,1919.000,2
01:10:47.79200,1919.000,11
01:10:48.64400,1919.000,2
01:10:51.50000,1919.000,3
01:10:55.68300,1919.000,11
01:11:04.54200,1918.750,7
01:11:08.31600,1919.000,2
01:11:16.11700,1918.750,2
01:11:24.97200,1918.750,1
01:11:25.15200,1918.750,2
01:11:28.71000,1918.750,1
01:11:30.65600,1919.000,3
01:11:30.90600,1918.750,2
01:11:37.87800,1918.750,2
01:11:38.51900,1919.000,2
01:11:41.55800,1918.750,1
01:11:49.00000,1918.750,2
01:11:53.24200,1919.000,22
01:11:54.90600,1919.000,7
01:11:58.26500,1919.000,1
01:12:02.38200,1919.000,13
01:12:03.49600,1918.750,1
01:12:03.92900,1919.000,1
01:12:08.72200,1919.000,1
01:12:14.57800,1918.750,50
01:12:17.71400,1918.750,1
01:12:18.50000,1918.750,11
01:12:27.26100,1918.750,21
01:12:27.96800,1918.500,3
01:12:28.18700,1918.750,1
01:12:37.94900,1918.750,20
01:12:38.92500,1919.000,2
01:12:39.19500,1918.500,1
01:12:45.22600,1918.750,7
01:12:50.22600,1918.750,14
01:13:04.16400,1919.000,14
01:13:04.42100,1918.750,1
01:13:09.15200,1919.000,2
01:13:12.10100,1919.000,61
01:13:14.38200,1919.250,20
01:13:24.67900,1919.000,1
01:13:26.07400,1919.000,1
01:13:31.86300,1919.250,1
01:13:39.35100,1919.250,2
01:13:41.90200,1919.250,20
01:13:51.21000,1919.000,1
01:13:53.46800,1919.000,1
01:14:06.18300,1919.000,8
01:14:06.89400,1919.000,18
01:14:08.17100,1918.750,2
01:14:09.44500,1919.000,2
01:14:13.73800,1919.250,1
01:14:17.66700,1919.000,1
01:14:23.25700,1919.250,1
01:14:26.01100,1919.000,1
01:14:27.38600,1919.000,27
01:14:32.44500,1919.000,1
01:14:36.96400,1919.250,20
01:14:39.36700,1919.000,1
01:14:39.75700,1919.250,1
01:14:45.57800,1919.000,1
01:14:47.40200,1919.250,1
01:14:49.92500,1920.000,564
01:14:50.03500,1920.000,2
01:14:51.59700,1919.750,1
01:14:52.13600,1919.750,2
01:14:56.56600,1919.750,1
01:14:58.67500,1920.000,1
01:14:58.89000,1919.750,23
01:15:00.93700,1919.500,1
01:15:04.50700,1919.750,20
01:15:06.00000,1919.750,1
01:15:08.48000,1919.750,15
01:15:09.96800,1920.000,2
01:15:10.65600,1919.750,2
01:15:15.33900,1919.750,2
01:15:16.01500,1920.000,3
01:15:16.58200,1920.000,10
01:15:18.51900,1920.000,2
01:15:19.73400,1920.000,1
01:15:19.84300,1920.000,10
01:15:21.01500,1919.750,5
01:15:22.13600,1920.000,1
01:15:23.87100,1919.750,2
01:15:30.22200,1919.750,3
01:15:32.05000,1920.000,22
01:15:32.17500,1920.000,5
01:15:33.25700,1920.250,4
01:15:33.36300,1920.250,3
01:15:33.96400,1920.250,2
01:15:34.72600,1920.250,1
01:15:40.10100,1920.250,2
01:15:40.18300,1920.250,2
01:15:42.24200,1920.250,1
01:15:42.49200,1920.250,2
01:15:43.73000,1920.250,2
01:15:45.25000,1920.250,4
01:15:45.81600,1920.000,1
01:15:48.34700,1920.000,3
01:15:54.73000,1920.250,1
01:15:56.95700,1920.250,1
01:15:59.57000,1920.250,20
01:16:01.58900,1920.250,5
01:16:01.72200,1919.750,47
01:16:01.82800,1920.000,1
01:16:04.51100,1919.750,1
01:16:05.91000,1920.000,1
01:16:06.20700,1920.000,4
01:16:06.69100,1920.000,5
01:16:06.82000,1920.000,7
01:16:06.82000,1920.000,10
01:16:07.50300,1920.000,10
01:16:09.55400,1920.000,3
01:16:13.28100,1919.750,1
01:16:13.57400,1920.000,4
01:16:15.20700,1919.750,1
01:16:20.41700,1919.750,8
01:16:25.11300,1920.000,1
01:16:26.08500,1920.000,23
01:16:28.73800,1920.000,1
01:16:31.14000,1920.000,2
01:16:34.00300,1920.250,6
01:16:41.01100,1920.000,3
01:16:52.85900,1920.250,1
01:16:55.57800,1920.000,1
01:16:56.60500,1920.250,2
01:16:58.91700,1920.250,2
01:17:10.79200,1920.250,3
01:17:11.45700,1920.250,1
01:17:11.94900,1920.250,1
01:17:13.01900,1920.250,22
01:17:14.49200,1920.250,1
01:17:15.12800,1920.250,8
01:17:16.23000,1920.500,15
01:17:16.45300,1920.500,1
01:17:16.59300,1920.250,1
01:17:20.21400,1920.500,49
01:17:20.49200,1920.500,3
01:17:20.62500,1920.500,2
01:17:22.54600,1920.500,1
01:17:23.21800,1920.750,20
01:17:23.50700,1920.500,8
01:17:24.13600,1920.500,1
01:17:26.66700,1920.500,10
01:17:27.19100,1920.750,2
01:17:28.52700,1920.250,17
01:17:29.91400,1920.500,1
01:17:32.80800,1920.500,1
01:17:35.50700,1920.500,1
01:17:36.08900,1920.500,42
01:17:38.80800,1920.500,1
01:17:41.01500,1920.750,2
01:17:41.32000,1920.500,1
01:17:41.59300,1920.500,4
01:17:41.91700,1920.500,8
01:17:45.33200,1920.500,1
01:17:46.65600,1920.750,1
01:17:52.01100,1920.500,1
01:17:57.04600,1920.250,17
01:17:57.16700,1920.250,1
01:18:00.85500,1920.500,73
01:18:03.93700,1920.750,1
01:18:07.20700,1920.500,30
01:18:07.88600,1920.250,111
01:18:08.34700,1920.250,1
01:18:10.00700,1920.000,1
01:18:10.14000,1920.000,5
01:18:11.22200,1920.250,2
01:18:23.31200,1920.000,5
01:18:25.94900,1919.750,23
01:18:37.93700,1919.750,42
01:18:38.13200,1920.000,1
01:18:38.19900,1919.750,1
01:18:38.30800,1919.750,1
01:18:41.42500,1920.000,2
01:18:44.12800,1919.750,1
01:18:45.00000,1919.750,4
01:18:48.04600,1919.750,8
01:18:51.44500,1920.000,32
01:18:53.02700,1920.000,1
01:18:53.21400,1920.000,1
01:18:54.69100,1920.250,69
01:19:01.38200,1920.000,4
01:19:01.52700,1920.250,10
01:19:03.26900,1920.250,1
01:19:03.78900,1920.250,4
01:19:08.70700,1920.250,3
01:19:11.62800,1920.500,2
01:19:17.25700,1920.250,1
01:19:28.03100,1920.250,6
01:19:30.28900,1920.500,2
01:19:31.00700,1920.500,1
01:19:41.82800,1920.500,1
01:19:43.57000,1920.500,7
01:19:49.10500,1920.250,1
01:19:49.47200,1920.250,1
01:19:50.92100,1920.500,1
01:19:52.78500,1920.500,1
01:19:57.68700,1920.250,1
01:20:11.12800,1920.250,2
01:20:12.05400,1920.500,2
01:20:12.57400,1920.500,77
01:20:13.90600,1920.500,1
01:20:16.92500,1920.500,1
01:20:20.41700,1920.500,2
01:20:21.42500,1920.500,1
01:20:25.53500,1920.750,7
01:20:31.72200,1920.500,5
01:20:32.10100,1920.750,2
01:20:38.53100,1920.500,2
01:20:42.25300,1920.750,2
01:20:43.14800,1920.750,1
01:20:48.90600,1920.500,4
01:20:51.65600,1920.500,14
01:20:51.81600,1920.250,1
01:21:03.61300,1920.250,4
01:21:08.28100,1920.250,1
01:21:09.01100,1920.500,1
01:21:12.45700,1920.500,2
01:21:25.44500,1920.500,1
01:21:29.59700,1920.250,1
01:21:31.80800,1920.500,1
01:21:42.66000,1920.500,1
01:21:42.87500,1920.500,2
01:21:45.60100,1920.500,1
01:21:49.76900,1920.250,1
01:21:50.03500,1920.250,1
01:21:56.42900,1920.250,2
01:22:03.01100,1920.500,76
01:22:05.05400,1920.500,2
01:22:06.03500,1920.500,11
01:22:09.02700,1920.500,1
01:22:10.69900,1920.250,1
01:22:12.86300,1920.500,2
01:22:17.88200,1920.250,1
01:22:19.22600,1920.500,4
01:22:20.27300,1920.750,2
01:22:20.50300,1920.500,1
01:22:29.08500,1920.500,3
01:22:33.33900,1920.500,56
01:22:43.08500,1920.500,2
01:23:35.87500,1920.250,5
01:23:37.69900,1920.250,1
01:23:38.03100,1920.250,1
01:23:43.49200,1920.500,2
01:23:50.37100,1920.500,1
01:24:02.82800,1920.250,4
01:24:03.69100,1920.250,30
01:24:05.80000,1920.250,1
01:24:09.26500,1920.000,4
01:24:10.15600,1920.250,1
01:24:11.87100,1920.000,2
01:24:13.69500,1920.250,1
01:24:14.68700,1920.000,1
01:24:20.46000,1920.000,3
01:24:23.86700,1920.000,10
01:24:40.05000,1920.000,4
01:24:43.30800,1920.000,10
01:24:43.89400,1920.250,2
01:24:49.79600,1920.000,15
01:24:51.09700,1920.000,1
01:24:54.31600,1920.000,13
01:25:04.39400,1920.000,13
01:25:10.27300,1920.000,1
01:25:11.62500,1920.250,16
01:25:19.69900,1919.750,1
01:25:26.96800,1919.750,1
01:25:29.52300,1920.000,6
01:25:40.20300,1920.000,1
01:25:44.33200,1920.250,2
01:25:49.44100,1920.000,4
01:26:14.53500,1920.250,4
01:26:34.69100,1920.000,1
01:26:44.73400,1920.250,1
01:26:46.58200,1920.250,10
01:27:00.55000,1920.000,17
01:27:02.39800,1919.750,1
01:27:04.91400,1919.750,1
01:27:09.52300,1920.000,15
01:27:10.53100,1920.000,2
01:27:11.64000,1920.000,1
01:27:14.93300,1920.250,2
01:27:20.87800,1920.000,2
01:27:22.56200,1920.000,1
01:27:27.20300,1919.750,1
01:27:29.62100,1919.750,3
01:27:43.41400,1920.000,2
01:27:45.15600,1920.000,2
01:27:48.44100,1920.000,9
01:27:56.15600,1920.000,1
01:28:08.44900,1920.000,29
01:28:09.95700,1920.000,2
01:28:15.35900,1920.000,2
01:28:15.86700,1919.750,1
01:28:25.40600,1920.000,1
01:28:35.30000,1919.750,1
01:28:45.55400,1920.000,2
01:29:00.00000,1920.000,13
01:29:00.38600,1920.250,1
01:29:05.64000,1920.000,8
01:29:09.80000,1919.750,3
01:29:15.75700,1920.000,1
01:29:19.06600,1920.000,2
01:29:45.96400,1920.250,2
01:29:59.50300,1920.250,1
01:30:00.84700,1920.250,5
01:30:16.18700,1920.250,2
01:30:20.27700,1920.000,45
01:30:21.05400,1920.000,1
01:30:23.09700,1920.000,3
01:30:24.94100,1920.000,6
01:30:26.14800,1920.000,3
01:30:27.36700,1920.000,3
01:30:36.40200,1920.000,6
01:30:42.78500,1920.000,5
01:30:43.16000,1920.000,2
01:30:44.35900,1920.000,15
01:30:46.39000,1920.000,2
01:30:49.40600,1920.000,1
01:30:50.00000,1919.750,3
01:31:16.59700,1920.000,4
01:31:35.60900,1920.000,1
01:31:45.62100,1920.000,10
01:31:46.79600,1920.000,2
01:32:26.94100,1919.750,3
01:32:29.03500,1919.750,1
01:32:30.17900,1919.750,4
01:32:36.45300,1919.750,1
01:32:47.22600,1920.000,2
01:33:03.56200,1920.000,5
01:33:04.61300,1920.000,1
01:33:12.76500,1920.000,1
01:33:15.47200,1919.750,2
01:33:16.70700,1919.750,1
01:33:17.42900,1920.000,2
01:33:22.83900,1920.000,2
01:33:30.36700,1919.750,1
01:33:47.62800,1920.000,1
01:33:51.88600,1919.750,1
01:33:52.61700,1919.750,1
01:33:59.11300,1920.000,35
01:34:10.35900,1920.000,4
01:34:17.83200,1920.250,2
01:34:28.62500,1920.000,1
01:34:34.41000,1920.000,1
01:34:48.05400,1920.250,2
01:34:58.03100,1920.000,1
01:35:23.49200,1920.250,3
01:35:25.25700,1920.250,1
01:35:33.61300,1920.000,1
01:35:48.46000,1920.250,2
01:35:50.55000,1920.000,3
01:35:59.66000,1920.250,1
01:36:05.25300,1920.250,2
01:36:09.66000,1920.250,25
01:36:18.66400,1920.500,1
01:36:20.01500,1920.250,1
01:36:36.83500,1920.250,73
01:36:37.17500,1920.250,1
01:36:41.14400,1920.250,5
01:36:48.86300,1920.500,2
01:36:51.39800,1920.500,2
01:36:53.80000,1920.500,1
01:36:56.02700,1920.500,1
01:37:09.95300,1920.500,2
01:37:19.08900,1920.500,2
01:37:23.01100,1920.250,1
01:37:25.56200,1920.500,39
01:37:26.27300,1920.500,1
01:37:27.13600,1920.500,2
01:37:27.46800,1920.500,2
01:37:30.71400,1920.250,2
01:37:33.89800,1920.500,26
01:37:35.29600,1920.500,4
01:37:36.81600,1920.500,1
01:37:38.00700,1920.500,2
01:37:39.85500,1920.500,3
01:37:49.29600,1920.750,8
01:37:49.90200,1920.500,1
01:37:52.14400,1920.500,1
01:38:01.31200,1920.500,4
01:38:03.93300,1920.500,3
01:38:07.86300,1920.500,1
01:38:08.37800,1920.500,1
01:38:11.39800,1920.500,20
01:38:19.49600,1920.750,2
01:38:20.38200,1920.500,4
01:38:25.03500,1920.750,1
01:38:38.42900,1920.500,2
01:38:49.69900,1920.750,1
01:38:50.04200,1920.500,1
01:38:52.16700,1920.750,4
01:38:59.27700,1920.750,3
01:39:10.89400,1920.500,3
01:39:11.82800,1920.750,1
01:39:18.21000,1920.500,27
01:39:20.36700,1920.250,1
01:39:37.71000,1920.250,1
01:39:41.08900,1920.250,14
01:39:46.32800,1920.250,1
01:39:48.76900,1920.000,11
01:39:50.12500,1920.250,2
01:39:55.24200,1920.000,4
01:39:57.42100,1920.250,2
01:40:20.32400,1920.250,3
01:40:40.28900,1920.000,8
01:40:44.40200,1920.000,1
01:40:45.02300,1920.250,4
01:40:50.53100,1920.250,1
01:40:51.09300,1920.000,4
01:41:10.28500,1920.250,6
01:41:20.73000,1920.250,2
01:41:39.44900,1920.250,9
01:41:42.26500,1920.250,1
01:41:50.93700,1920.500,2
01:41:51.95300,1920.250,1
01:41:52.71000,1920.500,1
01:42:21.23400,1920.250,13
01:42:25.45300,1920.250,5
01:42:30.10500,1920.250,1
01:42:30.66700,1920.250,2
01:42:31.27300,1920.000,2
01:42:35.26900,1920.250,5
01:42:47.29200,1920.250,1
01:42:47.60100,1920.250,5
01:42:51.36300,1920.500,2
01:42:57.78900,1920.500,70
01:42:59.56600,1920.500,1
01:43:00.87100,1920.500,2
01:43:21.56200,1920.500,1
01:43:24.46400,1920.500,3
01:43:32.09300,1920.500,1
01:43:35.76900,1920.500,7
01:43:39.22600,1920.250,1
01:43:45.20700,1920.500,1
01:43:51.76900,1920.500,2
01:44:11.45300,1920.250,2
01:44:11.90200,1920.250,1
01:44:18.44500,1920.500,3
01:44:21.96800,1920.500,2
01:44:40.14400,1920.500,1
01:44:52.19500,1920.500,2
01:45:06.44900,1920.250,2
01:45:10.13200,1920.250,1
01:45:13.68700,1920.250,11
01:45:22.39800,1920.500,2
01:45:51.63200,1920.250,4
01:45:52.60100,1920.500,1
01:45:55.03900,1920.500,1
01:46:05.02700,1920.500,13
01:46:22.80000,1920.500,2
01:46:39.82800,1920.500,1
01:46:48.38200,1920.500,24
01:46:50.55000,1920.500,4
01:46:51.10100,1920.250,1
01:46:53.87100,1920.250,1
01:46:56.41400,1920.500,1
01:47:09.90200,1920.500,3
01:47:10.46800,1920.500,2
01:47:12.38200,1920.500,4
01:47:20.40200,1920.500,1
01:47:23.23000,1920.750,2
01:47:24.27300,1920.750,16
01:47:31.81200,1920.500,3
01:47:37.14800,1920.500,1
01:47:44.16400,1920.500,10
01:47:48.55800,1920.500,1
01:47:53.43300,1920.750,2
01:47:54.39000,1920.500,1
01:47:57.14000,1920.750,1
01:48:08.67500,1920.500,2
01:48:14.88600,1920.750,12
01:48:17.73800,1920.500,1
01:48:19.29200,1920.500,11
01:48:23.63600,1920.750,1
01:48:53.83500,1920.750,2
01:48:58.67100,1920.500,2
01:49:10.40600,1920.250,18
01:49:12.01500,1920.250,4
01:49:12.22200,1920.250,15
01:49:13.01100,1920.250,1
01:49:14.01100,1920.250,1
01:49:14.21400,1920.500,5
01:49:19.35100,1920.250,4
01:49:24.06200,1920.500,2
01:49:46.26100,1920.500,1
01:49:49.92100,1920.500,6
01:49:52.91700,1920.500,1
01:49:54.26100,1920.750,2
01:49:59.09300,1920.750,38
01:49:59.32400,1920.750,11
01:50:04.84300,1921.000,258
01:50:06.79200,1921.000,5
01:50:08.86300,1921.000,2
01:50:14.92900,1921.000,1
01:50:18.40600,1921.000,1
01:50:20.46000,1921.000,4
01:50:24.45700,1921.250,1
01:50:26.43300,1921.250,80
01:50:27.48400,1921.250,1
01:50:31.94500,1921.250,2
01:50:32.13200,1921.250,15
01:50:34.03100,1922.000,243
01:50:34.03100,1922.250,226
01:50:34.86700,1922.000,740
01:50:35.28100,1922.000,1
01:50:35.75000,1922.000,2
01:50:36.77300,1921.750,13
01:50:36.92900,1921.750,1
01:50:37.60900,1921.750,13
01:50:38.62500,1922.000,1
01:50:39.45300,1922.000,21
01:50:39.61700,1922.000,1
01:50:39.81200,1922.000,1
01:50:41.37800,1922.250,1
01:50:41.84700,1922.000,1
01:50:42.16000,1922.000,8
01:50:43.00000,1922.000,3
01:50:43.79200,1921.750,10
01:50:44.34700,1921.750,1
01:50:48.40200,1921.750,35
01:50:49.69500,1922.000,1
01:50:49.79600,1921.750,2
01:50:51.47600,1921.750,2
01:50:52.19100,1921.750,4
01:50:54.67100,1922.000,2
01:51:00.41400,1922.000,2
01:51:02.41700,1922.000,2
01:51:05.45300,1922.000,2
01:51:09.02300,1922.000,1
01:51:11.21000,1922.000,28
01:51:11.55400,1922.250,35
01:51:15.16400,1922.250,1
01:51:15.87100,1922.250,17
01:51:17.40200,1922.250,19
01:51:19.71800,1922.250,1
01:51:20.43300,1922.000,20
01:51:21.23800,1922.000,1
01:51:21.36700,1922.250,1
01:51:22.53100,1922.000,5
01:51:24.87500,1922.250,2
01:51:28.64400,1922.250,1
01:51:31.57000,1922.000,5
01:51:35.65200,1922.000,24
01:51:42.89000,1922.000,50
01:51:47.45700,1922.000,2
01:51:48.57400,1922.000,4
01:51:49.85900,1922.000,1
01:51:54.63200,1922.000,1
01:51:55.09700,1922.250,2
01:52:01.92100,1922.000,2
01:52:05.50300,1922.250,31
01:52:06.07800,1922.000,1
01:52:16.21800,1922.250,3
01:52:19.76100,1922.250,2
01:52:20.42100,1922.000,8
01:52:24.43700,1922.000,4
01:52:25.29600,1922.250,2
01:52:29.62100,1922.000,1
01:52:31.94500,1922.000,1
01:52:34.50000,1922.000,1
01:52:37.18700,1922.000,1
01:52:40.24600,1922.000,1
01:52:44.00000,1922.000,1
01:52:47.35100,1922.000,5
01:52:50.58500,1922.250,44
01:52:52.46000,1922.500,2
01:52:53.31600,1922.250,59
01:52:54.79200,1922.250,1
01:52:55.25000,1922.250,1
01:52:57.11300,1922.250,9
01:52:58.16400,1922.250,2
01:52:58.48800,1922.250,4
01:53:03.21800,1922.000,109
01:53:03.58200,1922.250,30
01:53:13.80000,1922.000,1
01:53:20.24600,1922.000,1
01:53:25.70300,1922.250,2
01:53:26.69500,1922.250,5
01:53:28.83900,1922.000,2
01:53:30.84300,1922.000,1
01:53:35.48000,1922.250,1
01:53:36.54600,1922.250,2
01:53:39.09300,1922.000,1
01:53:40.51900,1922.000,1
01:53:49.17500,1922.000,3
01:53:54.92900,1922.250,1
01:53:55.30000,1922.250,1
01:53:55.90200,1922.250,2
01:53:58.49200,1922.000,2
01:54:09.39000,1922.000,2
01:54:14.05400,1922.250,8
01:54:14.66700,1922.250,5
01:54:18.09700,1922.000,20
01:54:26.13200,1922.250,2
01:54:42.09300,1922.250,1
01:54:48.15600,1922.000,1
01:54:56.33200,1922.250,2
01:55:05.46400,1922.000,2
01:55:06.45700,1922.000,2
01:55:08.66000,1922.000,4
01:55:10.73800,1922.000,10
01:55:11.24200,1921.750,19
01:55:19.20700,1921.750,4
01:55:26.53500,1922.000,1
01:55:50.05000,1921.750,1
01:55:56.74200,1922.000,6
01:55:58.17100,1921.500,6
01:56:04.67500,1921.500,5
01:56:06.25700,1921.500,1
01:56:07.82800,1921.500,41
01:56:07.92500,1921.500,3
01:56:26.63600,1921.250,2
01:56:26.82000,1921.250,1
01:56:26.94100,1921.500,3
01:56:30.00700,1921.250,3
01:56:30.74200,1921.250,9
01:56:35.74600,1921.250,20
01:56:38.01500,1921.250,1
01:56:40.58200,1921.250,1
01:56:41.22600,1921.250,1
01:56:45.57800,1921.250,1
01:56:52.33200,1921.250,1
01:56:53.68700,1921.000,181
01:56:53.74600,1921.000,15
01:56:53.89000,1921.000,8
01:56:57.16700,1921.000,2
01:56:58.32800,1920.750,52
01:56:58.55400,1920.500,25
01:56:58.63600,1920.750,21
01:56:58.90600,1920.750,52
01:57:00.74200,1921.000,3
01:57:05.17100,1920.750,1
01:57:05.35900,1921.000,2
01:57:08.17500,1920.750,1
01:57:09.53900,1920.750,2
01:57:10.02700,1920.750,3
01:57:10.23400,1920.750,1
01:57:10.41700,1920.750,2
01:57:10.61700,1920.750,1
01:57:12.50300,1920.750,1
01:57:12.58500,1920.750,6
01:57:14.35900,1920.750,5
01:57:16.34700,1920.750,3
01:57:16.80400,1920.750,7
01:57:23.91000,1920.750,1
01:57:27.37100,1921.000,2
01:57:31.76900,1920.750,1
01:57:32.23000,1921.000,1
01:57:41.20700,1920.750,1
01:57:44.73400,1920.750,6
01:57:47.08500,1920.750,2
01:57:54.42500,1920.750,1
01:57:57.57000,1921.000,8
01:57:58.66700,1920.750,2
01:58:03.69900,1920.500,3
01:58:06.10900,1920.500,1
01:58:15.52300,1920.500,1
01:58:17.39400,1920.500,30
01:58:17.57400,1920.500,1
01:58:18.31600,1920.250,5
01:58:20.01500,1920.500,3
01:58:23.50700,1920.250,1
01:58:27.77300,1920.500,2
01:58:28.66000,1920.500,1
01:58:30.04600,1920.500,2
01:58:43.08200,1920.250,1
01:58:46.69900,1920.500,1
01:58:55.62800,1920.500,4
01:58:56.51100,1920.250,1
01:58:58.00000,1920.500,2
01:59:05.09700,1920.250,13
01:59:05.34700,1920.500,1
01:59:15.27300,1920.500,2
01:59:15.42500,1920.500,2
01:59:16.01100,1920.500,1
01:59:21.96000,1920.250,1
01:59:27.55400,1920.250,1
01:59:28.19900,1920.750,33
01:59:39.60500,1920.750,2
01:59:40.24200,1920.500,1
01:59:51.71000,1920.500,1
01:59:51.87800,1920.750,5
01:59:52.50300,1920.750,10
01:59:53.64800,1920.750,1
01:59:58.40200,1920.750,2
02:00:03.71400,1920.500,0
02:00:03.97200,1920.500,11
02:00:04.78500,1920.500,19
02:00:05.87100,1920.750,3
02:00:06.22600,1920.750,1
02:00:10.48000,1920.750,1
02:00:13.71000,1920.500,5
02:00:14.04600,1920.500,1
02:00:16.91000,1920.500,22
02:00:23.21000,1920.500,1
02:00:24.27300,1920.750,1
02:00:26.12500,1920.750,1
02:00:28.60900,1920.750,1
02:00:36.63200,1920.500,2
02:00:38.40200,1920.500,1
02:00:39.33500,1920.500,2
02:00:41.12500,1920.750,1
02:00:41.63200,1920.500,1
02:00:48.18700,1920.500,1
02:00:50.06200,1920.500,23
02:00:50.47600,1920.500,1
02:00:58.79600,1920.500,2
02:01:00.02300,1920.750,22
02:01:02.57400,1920.500,1
02:01:03.71000,1920.500,28
02:01:04.23800,1920.250,5
02:01:04.48400,1920.500,14
02:01:06.32400,1920.500,20
02:01:07.37100,1920.250,5
02:01:09.09700,1920.500,1
02:01:09.24600,1920.500,60
02:01:12.02700,1920.250,12
02:01:13.48000,1920.500,11
02:01:13.72600,1920.500,5
02:01:18.80000,1920.500,1
02:01:21.57000,1920.750,1
02:01:24.28500,1920.500,1
02:01:24.88200,1920.750,1
02:01:27.19100,1920.750,1
02:01:27.76900,1920.500,1
02:01:29.03100,1920.750,2
02:01:29.82000,1920.500,1
02:01:31.56600,1920.250,51
02:01:33.80000,1920.500,1
02:01:43.79200,1920.500,7
02:01:43.89400,1920.750,7
02:01:47.78500,1920.500,11
02:01:54.74200,1920.750,1
02:01:58.18700,1920.750,1
02:01:59.23800,1920.750,2
02:02:03.26900,1920.500,2
02:02:06.42500,1920.750,1
02:02:18.28900,1920.750,33
02:02:20.27300,1920.750,1
02:02:25.66000,1920.750,20
02:02:25.83900,1920.750,13
02:02:26.47600,1920.750,1
02:02:32.07400,1921.000,1
02:02:34.91400,1921.000,1
02:02:37.02300,1920.750,1
02:02:37.32400,1920.750,2
02:02:40.41400,1921.000,164
02:02:40.65600,1921.250,21
02:02:42.12500,1921.250,1
02:02:42.81200,1921.250,30
02:02:45.58200,1921.250,1
02:02:47.69100,1921.250,1
02:02:49.33500,1921.250,1
02:02:52.95300,1921.250,1
02:02:58.01900,1921.250,36
02:02:58.22600,1921.250,1
02:02:59.64000,1921.500,2
02:03:08.07000,1921.250,33
02:03:08.59300,1921.000,1
02:03:10.10500,1921.000,5
02:03:12.23400,1920.750,29
02:03:12.30800,1920.750,1
02:03:12.39400,1920.750,1
02:03:16.25000,1920.750,1
02:03:17.67100,1920.750,39
02:03:17.80800,1920.750,3
02:03:18.33200,1920.750,16
02:03:18.43700,1920.750,1
02:03:18.83500,1920.750,3
02:03:18.90200,1920.750,1
02:03:21.81200,1920.750,10
02:03:22.15200,1920.750,2
02:03:29.83900,1921.000,2
02:03:37.32400,1920.750,7
02:03:37.73000,1920.750,1
02:03:39.06200,1920.750,2
02:03:39.70300,1920.750,1
02:03:39.89000,1921.000,1
02:04:03.12500,1921.000,10
02:04:08.08500,1921.000,3
02:04:09.21000,1920.750,1
02:04:09.63600,1920.750,1
02:04:10.42500,1920.750,1
02:04:11.24200,1920.750,1
02:04:16.23000,1920.750,1
02:04:20.43700,1921.000,1
02:04:30.26900,1921.000,2
02:04:41.71400,1920.750,2
02:04:43.39000,1920.750,48
02:04:43.88600,1920.750,13
02:04:44.52700,1920.750,1
02:04:52.64000,1920.500,49
02:04:59.11700,1920.250,68
02:05:00.27300,1920.250,12
02:05:00.96000,1920.500,22
02:05:01.54600,1920.250,1
02:05:09.28900,1920.250,18
02:05:10.58200,1920.250,1
02:05:12.65200,1920.500,67
02:05:19.27300,1920.500,2
02:05:21.55400,1920.500,4
02:05:23.76500,1920.500,2
02:05:26.46800,1920.500,16
02:05:30.67500,1920.750,2
02:05:30.76900,1920.500,3
02:05:35.54200,1920.250,13
02:05:36.10500,1920.250,1
02:05:38.35500,1920.000,6
02:05:39.16700,1920.250,19
02:05:39.69500,1920.250,4
02:05:40.21400,1920.250,8
02:05:43.85100,1920.250,5
02:05:44.23000,1920.250,1
02:05:46.18700,1920.250,3
02:05:47.53100,1920.250,1
02:05:49.55800,1920.250,3
02:05:50.64800,1920.250,2
02:05:50.90600,1920.000,1
02:05:51.32800,1920.000,2
02:05:54.59700,1920.250,2
02:05:54.67500,1920.250,1
02:05:55.66400,1920.250,2
02:06:04.65200,1920.250,59
02:06:05.08200,1920.250,1
02:06:05.61300,1920.250,13
02:06:07.80000,1920.000,3
02:06:08.49200,1920.000,1
02:06:10.07000,1920.250,8
02:06:20.96000,1920.000,3
02:06:23.25300,1920.000,1
02:06:24.25700,1920.000,1
02:06:24.88600,1920.250,1
02:06:31.08900,1920.250,2
02:06:33.35100,1920.250,21
02:06:40.62800,1920.250,1
02:06:41.82400,1920.250,1
02:06:43.23400,1920.250,1
02:06:46.26100,1920.250,5
02:06:53.52700,1920.250,8
02:07:04.58200,1920.250,4
02:07:08.30400,1920.250,1
02:07:18.66700,1920.250,6
02:07:19.39000,1920.250,5
02:07:23.08900,1920.500,46
02:07:30.54600,1920.500,1
02:07:31.49600,1920.500,1
02:07:36.29200,1920.500,1
02:07:37.19100,1920.500,1
02:07:40.67100,1920.500,1
02:07:55.09700,1920.250,8
02:07:56.40600,1920.250,3
02:08:01.69900,1920.500,3
02:08:02.90200,1920.500,3
02:08:13.16000,1920.250,15
02:08:19.50000,1920.250,1
02:08:21.28500,1920.500,13
02:08:21.80800,1920.500,1
02:08:31.89800,1920.750,2
02:08:36.53500,1920.500,2
02:08:38.07000,1920.500,1
02:08:38.87500,1920.500,1
02:08:41.21000,1920.500,14
02:08:43.42900,1920.500,1
02:08:43.73400,1920.500,5
02:08:44.32000,1920.500,1
02:08:48.37500,1920.500,4
02:08:50.46400,1920.500,4
02:08:59.25300,1920.500,1
02:09:02.13200,1920.750,4
02:09:06.13200,1920.500,1
02:09:06.60500,1921.000,42
02:09:16.33200,1920.750,1
02:09:16.42900,1920.500,79
02:09:32.32400,1920.500,2
02:09:42.69100,1920.500,1
02:09:43.13600,1920.250,1
02:09:46.73000,1920.500,1
02:09:56.68700,1920.250,1
02:09:57.18700,1920.500,28
02:09:57.30400,1920.500,18
02:09:57.42500,1920.500,1
02:10:04.63600,1920.500,30
02:10:05.19100,1920.500,16
02:10:07.05400,1920.500,6
02:10:07.28100,1920.500,1
02:10:09.32800,1920.500,1
02:10:12.41000,1920.500,4
02:10:15.81600,1920.500,4
02:10:16.78500,1920.500,2
02:10:18.80800,1920.500,1
02:10:18.94900,1920.500,1
02:10:20.76500,1920.500,1
02:10:23.56600,1920.500,5
02:10:28.05000,1920.500,1
02:10:29.58900,1920.500,3
02:10:32.73800,1920.500,2
02:10:37.44100,1920.500,1
02:10:38.57800,1920.500,1
02:10:41.09300,1920.500,7
02:10:45.28500,1920.250,1
02:10:52.91000,1920.250,22
02:10:56.88600,1920.000,5
02:10:57.23800,1920.000,61
02:10:58.27700,1920.000,1
02:11:02.94500,1920.000,3
02:11:06.08200,1919.750,35
02:11:06.20700,1919.500,1
02:11:07.17500,1919.750,62
02:11:07.37500,1919.750,2
02:11:07.56600,1919.750,1
02:11:08.21800,1920.000,2
02:11:09.16700,1919.750,6
02:11:11.19900,1920.000,2
02:11:12.92500,1920.000,21
02:11:14.55800,1920.000,12
02:11:14.88200,1920.000,3
02:11:23.23800,1919.750,21
02:11:24.71800,1919.750,3
02:11:27.11700,1919.750,3
02:11:29.06600,1919.750,3
02:11:29.45700,1919.750,37
02:11:32.61300,1919.750,34
02:11:38.96000,1919.750,24
02:11:41.04200,1919.750,25
02:11:45.83500,1919.500,1
02:11:50.02300,1919.500,33
02:11:56.28900,1919.750,27
02:12:05.35100,1919.750,25
02:12:10.10500,1919.750,1
02:12:12.15600,1920.000,12
02:12:23.95700,1920.000,10
02:12:27.75000,1919.750,1
02:12:30.06200,1919.750,4
02:12:30.13600,1919.750,21
02:12:30.50700,1919.750,5
02:12:32.87500,1919.750,2
02:12:33.35100,1919.750,4
02:12:33.57000,1920.000,2
02:12:35.34300,1919.750,3
02:12:37.33900,1919.500,2
02:12:40.46800,1919.500,1
02:12:42.88600,1919.750,19
02:12:43.05000,1919.750,1
02:12:43.12100,1919.750,12
02:12:46.92100,1919.750,3
02:12:47.08500,1919.750,3
02:12:47.64000,1919.500,1
02:12:50.33900,1919.750,2
02:12:50.65200,1919.750,1
02:12:51.10900,1919.750,1
02:12:52.78900,1919.500,1
02:12:55.42500,1919.500,2
02:12:57.57000,1919.750,2
02:12:57.90600,1919.750,1
02:13:03.82000,1919.750,13
02:13:04.82400,1919.750,1
02:13:10.03900,1919.750,1
02:13:10.50700,1919.750,6
02:13:13.78100,1920.000,3
02:13:15.39400,1919.750,5
02:13:20.06600,1919.500,1
02:13:27.47200,1919.750,17
02:13:27.54200,1919.750,36
02:13:29.67900,1919.750,11
02:13:31.02700,1919.750,3
02:13:31.78500,1919.750,1
02:13:34.01100,1919.750,2
02:13:59.60500,1919.500,52
02:14:00.85500,1919.500,10
02:14:02.88600,1919.500,5
02:14:04.21400,1919.500,5
02:14:10.09700,1919.500,1
02:14:10.87800,1919.500,1
02:14:15.23800,1919.500,5
02:14:16.60900,1919.500,5
02:14:17.79600,1919.500,3
02:14:18.57000,1919.250,34
02:14:18.67100,1919.500,1
02:14:20.10100,1919.250,5
02:14:21.56200,1919.250,1
02:14:31.92500,1919.500,30
02:14:33.58500,1919.500,6
02:14:34.41400,1919.750,1
02:14:41.32400,1919.500,4
02:15:06.08200,1919.750,23
02:15:06.17500,1919.750,12
02:15:12.90200,1919.750,2
02:15:14.41400,1919.750,1
02:15:15.07000,1919.500,1
02:15:19.35100,1919.750,1
02:15:21.89400,1919.500,1
02:15:24.56600,1919.500,1
02:15:34.82000,1919.750,29
02:15:37.71800,1919.750,7
02:15:38.11300,1919.750,1
02:15:40.35900,1919.750,16
02:15:46.10900,1919.750,14
02:15:47.87800,1919.750,1
02:15:48.12500,1919.750,1
02:15:48.72200,1919.750,1
02:16:05.58500,1919.750,3
02:16:09.12500,1919.500,4
02:16:09.57000,1919.750,1
02:16:09.79600,1919.750,7
02:16:12.78500,1919.750,1
02:16:13.76500,1919.750,1
02:16:15.51900,1920.000,1
02:16:17.04200,1920.000,1
02:16:19.59300,1919.750,15
02:16:21.62500,1919.750,1
02:16:24.59700,1919.750,1
02:16:26.16400,1919.750,1
02:16:33.19100,1920.000,26
02:16:35.24600,1920.000,2
02:16:35.71000,1919.750,3
02:16:36.89000,1919.500,1
02:16:37.10900,1919.750,1
02:16:42.73800,1919.750,2
02:16:44.51900,1919.500,1
02:16:46.29200,1919.500,33
02:16:50.94500,1919.500,7
02:16:51.73800,1919.500,12
02:16:53.82800,1919.500,4
02:16:53.91000,1919.500,3
02:16:54.05000,1919.500,3
02:16:54.63200,1919.500,1
02:17:04.33200,1919.500,22
02:17:05.44500,1919.500,1
02:17:18.56600,1919.250,3
02:17:20.04200,1919.250,1
02:17:23.05400,1919.250,3
02:17:31.92500,1919.500,2
02:17:33.42500,1919.250,3
02:17:33.91700,1919.250,3
02:17:35.64000,1919.500,2
02:17:41.78100,1919.250,80
02:17:41.91400,1919.250,24
02:17:42.86300,1919.250,1
02:17:43.05400,1919.250,1
02:17:44.46400,1919.250,15
02:17:47.74200,1919.250,17
02:17:48.60900,1919.250,1
02:17:52.48400,1919.250,1
02:17:58.19500,1919.250,18
02:18:06.01500,1919.000,4
02:18:10.46000,1919.250,2
02:18:13.62800,1919.250,19
02:18:13.96400,1919.250,4
02:18:19.79200,1919.250,2
02:18:20.96000,1919.000,25
02:18:23.41700,1919.000,1
02:18:23.55800,1919.000,1
02:18:32.43300,1919.000,1
02:18:36.06600,1919.250,2
02:18:41.10900,1919.250,6
02:18:44.17100,1919.250,1
02:18:49.01100,1919.000,62
02:18:58.92500,1918.750,32
02:19:03.31200,1918.750,3
02:19:06.27300,1918.750,2
02:19:06.74600,1918.750,38
02:19:07.47600,1918.750,1
02:19:11.57000,1918.750,2
02:19:12.12500,1918.750,2
02:19:12.26900,1918.750,1
02:19:12.80800,1918.750,1
02:19:13.12500,1918.750,1
02:19:13.35100,1919.000,6
02:19:13.88200,1918.750,1
02:19:14.26900,1918.750,2
02:19:19.19900,1918.750,3
02:19:25.13200,1919.000,1
02:19:30.87800,1918.750,2
02:19:33.39800,1918.750,1
02:19:36.48400,1919.000,1
02:19:36.92500,1918.750,1
02:19:38.59300,1919.000,2
02:19:49.64400,1919.000,1
02:19:50.11700,1919.000,1
02:20:04.02700,1919.000,49
02:20:04.10900,1919.000,5
02:20:06.67500,1919.000,2
02:20:06.95700,1919.000,28
02:20:07.30000,1919.000,10
02:20:19.35900,1918.750,10
02:20:19.44500,1919.000,1
02:20:21.01900,1919.000,10
02:20:25.30400,1919.250,20
02:20:25.75700,1919.250,4
02:20:33.69900,1919.500,1
02:20:34.44100,1919.750,143
02:20:36.88200,1919.750,2
02:20:37.79200,1919.750,11
02:20:38.30400,1919.750,1
02:20:41.84300,1919.750,2
02:20:43.39000,1919.750,28
02:20:44.42900,1920.000,2
02:20:47.29200,1919.750,1
02:20:51.54200,1919.750,1
02:20:56.67100,1919.750,6
02:21:07.10500,1919.750,2
02:21:19.94500,1919.500,31
02:21:21.42500,1919.250,1
02:21:22.59300,1919.500,7
02:21:24.81600,1919.500,55
02:21:24.88200,1919.250,20
02:21:28.39400,1919.000,31
02:21:29.62500,1919.000,26
02:21:34.11300,1918.750,6
02:21:35.55400,1919.000,4
02:21:37.31200,1919.000,1
02:21:45.24600,1919.000,1
02:21:46.07400,1918.750,10
02:21:47.03900,1919.000,1
02:21:51.69900,1919.000,1
02:21:56.30400,1918.750,10
02:21:57.91700,1919.000,1
02:21:59.16700,1918.750,45
02:21:59.75300,1919.000,1
02:22:04.47600,1918.750,50
02:22:07.51100,1919.000,2
02:22:07.75300,1918.750,1
02:22:08.33200,1918.750,18
02:22:08.47600,1918.500,3
02:22:11.89800,1918.750,2
02:22:17.83200,1918.500,1
02:22:20.63200,1918.750,55
02:22:23.73400,1918.750,1
02:22:24.66000,1918.750,1
02:22:30.96800,1919.000,1
02:22:37.71400,1919.000,2
02:22:53.12500,1918.750,1
02:23:01.79200,1919.000,11
02:23:05.35500,1918.750,1
02:23:07.42100,1918.750,1
02:23:07.91700,1919.000,2
02:23:08.94500,1919.000,1
02:23:10.42500,1919.000,48
02:23:14.39400,1919.000,1
02:23:16.70700,1919.000,24
02:23:22.96000,1919.000,1
02:23:23.15200,1918.750,1
02:23:23.54200,1919.000,1
02:23:24.37800,1918.750,50
02:23:28.02700,1918.750,1
02:23:29.14400,1918.750,5
02:23:30.41700,1919.000,8
02:23:34.47200,1918.750,3
02:23:35.72600,1918.750,4
02:23:43.87100,1918.750,10
02:23:50.16700,1919.000,58
02:23:52.30800,1919.000,15
02:23:52.82400,1919.000,14
02:23:53.62800,1919.000,3
02:23:59.19100,1919.000,2
02:24:01.32000,1919.000,17
02:24:01.75000,1919.000,8
02:24:08.34300,1919.000,1
02:24:14.25000,1919.000,1
02:24:19.90200,1918.750,10
02:24:36.23800,1918.750,13
02:24:37.73400,1918.500,1
02:24:40.12800,1918.750,30
02:24:40.51900,1919.000,1
02:24:45.39800,1918.750,1
02:24:52.58900,1918.750,12
02:25:04.01100,1918.750,24
02:25:07.88200,1918.750,1
02:25:08.75000,1918.750,4
02:25:10.92900,1918.750,1
02:25:14.07000,1918.500,1
02:25:18.95300,1918.500,5
02:25:19.45300,1918.500,71
02:25:19.81200,1918.250,12
02:25:21.34700,1918.250,67
02:25:22.42500,1918.250,2
02:25:26.79600,1918.000,6
02:25:26.87500,1918.000,1
02:25:27.00000,1918.250,4
02:25:27.43700,1918.500,7
02:25:27.94100,1918.250,9
02:25:29.06200,1918.500,1
02:25:33.92900,1918.250,8
02:25:35.62500,1918.250,3
02:25:36.17100,1918.250,8
02:25:37.88200,1918.000,105
02:25:38.13200,1917.750,17
02:25:39.05800,1917.750,12
02:25:39.59700,1918.000,2
02:25:49.97200,1917.750,1
02:25:50.69900,1917.750,4
02:25:52.42900,1917.750,1
02:25:55.43300,1918.000,1
02:26:01.74600,1918.000,2
02:26:03.93700,1917.750,3
02:26:05.35100,1917.750,1
02:26:07.65600,1917.750,5
02:26:08.53500,1917.750,44
02:26:09.61300,1917.750,1
02:26:11.37100,1917.750,2
02:26:17.83200,1917.750,5
02:26:26.73800,1918.000,1
02:26:27.11700,1917.750,1
02:26:33.04200,1918.000,1
02:26:33.41700,1917.750,20
02:26:39.37800,1918.000,1
02:26:39.64400,1918.000,1
02:26:47.27700,1917.750,10
02:26:50.71000,1917.750,1
02:26:59.27700,1918.000,1
02:27:08.42500,1918.000,43
02:27:08.78100,1918.000,1
02:27:08.91000,1918.000,2
02:27:09.58200,1918.250,2
02:27:10.47200,1918.000,83
02:27:18.22200,1918.000,1
02:27:20.37500,1917.750,8
02:27:23.71400,1918.000,1
02:27:24.33200,1917.750,5
02:27:24.93700,1917.750,5
02:27:32.05000,1917.750,1
02:27:39.78500,1918.000,31
02:27:44.42500,1918.000,1
02:27:44.48800,1918.000,1
02:27:45.79200,1918.000,40
02:27:47.48000,1918.000,3
02:27:48.51900,1918.000,5
02:27:52.71400,1918.000,5
02:27:54.23400,1918.000,1
02:27:56.78100,1918.000,14
02:27:58.10500,1918.000,10
02:28:05.64800,1918.000,1
02:28:09.34700,1917.750,5
02:28:10.01100,1918.000,2
02:28:14.29200,1918.000,77
02:28:16.88200,1918.000,26
02:28:26.71000,1918.250,2
02:28:27.52300,1918.000,1
02:28:32.12500,1918.000,3
02:28:37.08200,1918.000,5
02:28:40.21000,1918.250,2
02:28:45.24600,1918.000,1
02:29:02.06600,1918.250,19
02:29:04.00300,1918.000,6
02:29:05.67100,1918.000,1
02:29:10.41000,1918.250,1
02:29:13.34300,1918.000,5
02:29:18.24600,1918.000,12
02:29:19.64000,1918.250,2
02:29:22.04600,1918.000,1
02:29:35.52700,1918.250,1
02:29:40.62500,1918.250,37
02:29:49.44900,1918.250,47
02:29:49.58900,1918.250,1
02:29:52.80000,1918.250,2
02:29:56.16400,1918.000,1
02:29:57.15600,1918.250,16
02:29:58.02700,1918.250,1
02:30:02.58500,1918.500,7
02:30:05.73800,1918.000,1
02:30:10.82000,1918.500,2
02:30:13.78100,1918.250,1
02:30:17.77300,1918.250,2
02:30:18.88200,1918.500,39
02:30:19.14400,1918.500,23
02:30:20.32400,1918.500,19
02:30:25.60900,1918.500,11
02:30:28.95700,1918.500,20
02:30:29.28500,1918.250,1
02:30:29.48800,1918.500,1
02:30:35.76900,1918.500,1
02:30:39.33500,1918.500,36
02:30:40.25700,1918.500,2
02:30:40.46800,1918.500,3
02:30:41.87500,1918.750,1
02:30:42.16700,1918.500,3
02:30:47.39800,1918.500,28
02:30:47.89800,1918.250,56
02:30:51.89400,1918.250,10
02:30:59.40600,1918.250,6
02:30:59.62100,1918.250,10
02:31:02.90600,1918.500,18
02:31:08.66000,1918.500,20
02:31:11.24600,1918.750,1
02:31:14.39400,1918.500,3
02:31:26.25700,1918.750,1
02:31:31.11700,1918.750,1
02:31:37.77300,1918.500,1
02:31:41.09300,1918.500,16
02:31:41.47200,1918.500,2
02:31:41.47600,1918.500,11
02:31:43.52700,1918.500,5
02:31:45.06200,1918.500,6
02:31:47.32800,1918.500,7
02:31:56.83500,1918.250,1
02:31:56.96800,1918.250,27
02:31:58.35500,1918.250,1
02:32:05.62800,1918.250,58
02:32:11.15600,1918.500,62
02:32:11.65200,1918.500,2
02:32:14.94500,1918.250,1
02:32:17.39400,1918.250,47
02:32:17.52700,1918.250,6
02:32:18.27300,1918.250,16
02:32:19.23400,1918.250,2
02:32:22.07800,1918.250,14
02:32:39.46800,1918.500,13
02:32:41.85500,1918.750,2
02:32:51.06200,1918.500,8
02:32:51.45300,1918.500,1
02:32:57.61300,1918.500,2
02:33:09.80800,1918.500,87
02:33:11.85500,1918.500,1
02:33:12.07800,1918.750,2
02:33:13.46800,1918.500,9
02:33:15.39400,1918.500,2
02:33:20.63200,1918.250,5
02:33:21.01500,1918.250,3
02:33:22.27700,1918.250,2
02:33:28.54200,1918.500,1
02:33:31.48400,1918.500,48
02:33:33.95700,1918.250,70
02:33:36.47200,1918.500,47
02:33:41.17500,1918.500,1
02:33:42.27700,1918.500,1
02:33:43.37100,1918.500,65
02:33:43.37100,1918.500,15
02:33:49.00300,1918.500,4
02:33:51.80800,1918.250,122
02:33:51.89000,1918.500,1
02:33:53.55800,1918.250,6
02:33:54.17100,1918.250,12
02:33:56.88200,1918.500,8
02:34:07.11300,1918.250,38
02:34:08.66400,1918.250,3
02:34:12.48400,1918.500,2
02:34:20.04200,1918.250,24
02:34:20.29600,1918.000,16
02:34:23.32000,1918.000,3
02:34:24.65200,1918.000,3
02:34:29.53500,1918.000,49
02:34:29.61300,1918.000,12
02:34:30.46800,1918.000,5
02:34:32.73000,1918.000,21
02:34:41.41400,1917.750,91
02:34:42.67500,1917.750,1
02:34:47.45300,1917.750,22
02:34:48.86300,1917.750,2
02:34:50.01100,1917.500,66
02:34:50.33900,1917.750,1
02:34:50.70300,1917.750,1
02:34:55.89800,1917.750,1
02:35:06.65200,1917.500,9
02:35:07.04600,1917.500,1
02:35:07.50700,1917.500,1
02:35:12.88600,1917.750,2
02:35:14.44900,1917.500,2
02:35:19.55800,1917.750,1
02:35:21.24200,1917.500,62
02:35:21.58500,1917.500,4
02:35:25.13600,1917.500,4
02:35:37.80400,1917.250,14
02:35:38.76500,1917.500,14
02:35:41.83200,1917.500,2
02:35:43.11300,1917.750,2
02:35:47.26100,1917.750,55
02:35:47.54200,1917.750,4
02:35:49.20700,1917.750,5
02:35:49.73000,1918.000,1
02:35:55.76100,1917.750,1
02:36:01.28900,1917.500,3
02:36:04.05400,1917.500,1
02:36:04.51500,1917.500,1
02:36:04.60100,1917.500,1
02:36:04.65600,1917.500,2
02:36:05.19100,1917.500,48
02:36:07.13200,1917.500,2
02:36:09.07800,1917.500,6
02:36:12.87500,1917.500,1
02:36:13.31600,1917.750,1
02:36:15.31200,1917.750,14
02:36:15.73000,1917.750,10
02:36:16.09700,1917.500,9
02:36:16.16400,1917.500,4
02:36:16.25300,1917.500,1
02:36:27.05800,1917.500,26
02:36:43.51500,1917.500,2
02:36:50.18700,1917.250,3
02:36:59.91700,1917.250,2
02:37:06.03900,1917.500,34
02:37:06.12500,1917.500,2
02:37:10.20700,1917.500,4
02:37:11.04600,1917.500,30
02:37:11.26900,1917.500,40
02:37:11.75000,1917.500,6
02:37:14.08200,1917.500,1
02:37:14.30000,1917.250,28
02:37:24.59700,1917.500,1
02:37:30.65200,1917.500,104
02:37:32.87500,1917.500,1
02:37:32.96400,1917.500,1
02:37:35.23000,1917.500,17
02:37:36.39400,1917.500,1
02:37:39.20700,1917.500,8
02:37:39.27300,1917.500,1
02:37:40.90200,1917.500,1
02:37:42.45300,1917.500,3
02:37:46.77300,1917.750,7
02:37:52.52300,1917.750,42
02:38:14.15200,1918.000,3
02:38:14.38200,1917.750,1
02:38:19.52700,1918.000,90
02:38:19.63600,1918.000,1
02:38:28.43300,1918.000,23
02:38:32.28900,1918.000,16
02:38:34.73000,1918.250,2
02:38:34.89000,1918.000,12
02:38:35.68700,1918.000,10
02:38:41.14400,1918.000,1
02:38:41.45300,1918.250,53
02:38:43.62800,1918.250,1
02:38:43.86300,1918.250,4
02:38:47.11700,1918.000,15
02:38:53.41700,1918.000,34
02:39:01.11300,1918.000,31
02:39:07.81200,1918.000,10
02:39:08.39000,1918.000,5
02:39:08.91700,1918.000,2
02:39:09.81200,1918.000,1
02:39:10.49600,1918.000,8
02:39:14.14400,1918.000,7
02:39:15.65200,1918.000,3
02:39:19.58900,1918.000,3
02:39:21.84700,1918.000,1
02:39:38.30000,1918.250,24
02:39:44.75300,1918.500,2
02:39:45.33200,1918.250,32
02:39:45.73400,1918.250,1
02:40:06.16400,1918.000,7
02:40:06.72600,1918.000,7
02:40:08.93700,1918.000,19
02:40:09.39400,1918.000,1
02:40:09.72200,1918.000,14
02:40:14.95700,1918.000,2
02:40:28.19900,1918.000,2
02:40:35.73800,1918.000,2
02:40:37.14800,1917.750,1
02:40:45.18300,1918.000,1
02:41:20.05800,1918.000,3
02:41:23.11700,1918.000,1
02:41:29.85100,1918.000,56
02:41:30.43300,1918.000,9
02:41:30.71800,1918.250,7
02:41:37.55400,1918.500,1
02:41:39.01500,1918.250,6
02:41:43.94500,1918.500,2
02:41:45.58900,1918.500,2
02:41:48.46000,1918.500,1
02:41:49.78900,1918.500,91
02:41:50.16700,1918.500,6
02:41:54.54600,1918.750,19
02:41:56.96000,1918.750,1
02:41:59.05000,1918.750,33
02:41:59.89800,1918.750,13
02:42:03.16700,1918.750,2
02:42:03.84700,1918.750,1
02:42:08.37500,1918.500,21
02:42:10.33200,1918.500,1
02:42:10.50700,1918.500,1
02:42:13.75700,1918.500,2
02:42:15.79200,1918.750,2
02:42:19.25700,1918.750,1
02:42:22.50700,1918.750,23
02:42:27.53500,1918.750,18
02:42:40.68700,1918.750,10
02:42:40.89400,1918.750,3
02:42:46.01900,1919.000,4
02:42:46.24200,1919.000,1
02:42:50.83900,1919.000,62
02:42:52.94100,1919.250,4
02:42:54.23400,1919.250,30
02:42:54.43700,1919.250,7
02:42:55.85100,1919.250,80
02:42:55.96800,1919.250,9
02:42:56.13200,1919.250,1
02:42:57.14800,1919.250,1
02:42:57.93700,1919.250,1
02:42:58.27300,1919.250,2
02:42:58.78100,1919.500,7
02:42:59.51900,1919.500,1
02:42:59.90600,1919.500,2
02:43:01.51500,1919.250,20
02:43:03.20300,1919.250,21
02:43:03.69500,1919.250,37
02:43:05.17100,1919.250,1
02:43:06.19500,1919.250,25
02:43:06.75700,1919.250,4
02:43:10.00700,1919.250,43
02:43:10.63200,1919.250,1
02:43:11.64400,1919.500,1
02:43:14.81600,1919.500,61
02:43:16.21400,1919.500,3
02:43:16.55800,1919.500,1
02:43:16.69900,1919.500,8
02:43:17.41400,1919.500,5
02:43:20.37500,1919.500,18
02:43:21.62500,1919.500,10
02:43:26.24200,1919.500,1
02:43:26.36700,1919.500,1
02:43:26.95300,1919.500,41
02:43:29.55400,1919.500,1
02:43:32.06600,1919.500,8
02:43:34.30800,1919.500,41
02:43:34.58200,1919.500,1
02:43:36.36300,1919.500,2
02:43:38.95700,1919.250,30
02:43:40.27300,1919.250,1
02:43:42.82000,1919.250,1
02:43:46.41700,1919.500,2
02:43:51.31200,1919.500,115
02:43:55.62500,1919.500,6
02:43:55.66000,1919.500,12
02:43:58.00300,1919.250,34
02:43:58.75000,1919.250,6
02:43:59.24200,1919.250,4
02:44:02.07400,1918.750,35
02:44:06.04200,1918.750,2
02:44:09.97200,1919.000,2
02:44:14.60900,1918.750,49
02:44:20.65200,1918.750,31
02:44:27.96400,1919.000,45
02:44:29.11300,1919.000,5
02:44:31.12100,1919.250,5
02:44:43.25000,1919.250,20
02:44:46.82400,1919.500,2
02:44:47.14800,1919.250,38
02:44:55.58900,1919.250,9
02:44:56.40200,1919.250,8
02:45:10.64400,1919.250,35
02:45:11.78900,1919.250,3
02:45:17.04600,1919.250,2
02:45:29.19900,1919.250,3
02:45:30.36300,1919.250,8
02:45:31.38600,1919.250,28
02:45:32.84300,1919.250,13
02:45:36.38200,1919.500,47
02:45:43.05800,1919.250,38
02:45:45.88200,1919.250,1
02:45:47.24600,1919.500,1
02:45:52.37100,1919.250,1
02:46:05.40600,1919.250,25
02:46:06.38200,1919.250,5
02:46:06.96400,1919.250,28
02:46:08.62800,1919.250,2
02:46:12.81200,1919.250,5
02:46:17.44500,1919.250,2
02:46:18.57400,1919.250,6
02:46:25.21400,1919.250,4
02:46:26.97200,1919.250,7
02:46:31.28900,1919.250,4
02:46:36.63200,1919.250,1
02:46:37.63200,1919.250,6
02:46:47.65200,1919.250,2
02:46:48.22200,1919.250,16
02:46:53.29200,1919.250,11
02:47:03.80400,1919.250,3
02:47:07.20300,1919.250,1
02:47:09.15200,1919.250,6
02:47:09.77300,1919.250,5
02:47:12.91700,1919.250,1
02:47:17.86700,1919.250,2
02:47:29.07800,1919.000,28
02:47:29.46000,1918.750,13
02:47:36.66000,1918.500,10
02:47:37.62100,1918.500,1
02:47:38.69100,1918.500,33
02:47:40.26900,1918.500,5
02:47:47.31200,1918.750,23
02:47:48.09300,1919.000,59
02:47:50.87500,1919.000,28
02:48:03.14800,1919.000,8
02:48:14.94900,1919.250,27
02:48:18.28500,1919.500,1
02:48:23.58200,1919.250,2
02:48:26.22200,1919.250,14
02:48:35.60900,1919.250,1
02:48:37.17100,1919.250,33
02:48:41.19900,1919.250,4
02:48:47.30800,1919.250,1
02:48:48.48400,1919.500,2
02:48:56.91700,1919.500,2
02:49:11.04600,1919.500,3
02:49:13.37100,1919.500,28
02:49:18.51100,1919.500,9
02:49:18.68700,1919.750,8
02:49:20.06200,1919.750,1
02:49:22.77700,1919.500,30
02:49:23.28500,1919.500,4
02:49:23.94900,1919.500,1
02:49:26.93300,1919.500,10
02:49:32.16700,1919.500,5
02:49:39.16000,1919.500,5
02:49:42.83900,1919.500,28
02:49:45.80000,1919.500,6
02:49:46.09700,1919.750,10
02:49:46.55000,1919.750,5
02:49:48.89000,1919.500,10
02:49:49.07800,1919.750,1
02:49:51.97200,1919.500,1
02:49:53.32400,1919.500,8
02:49:56.02300,1919.500,9
02:50:17.46000,1919.250,5
02:50:18.49600,1919.500,1
02:50:18.66000,1919.250,19
02:50:24.58200,1919.250,5
02:50:25.32800,1919.000,33
02:50:38.75300,1919.000,1
02:50:39.63600,1919.000,34
02:50:42.15600,1919.000,62
02:50:42.24600,1919.250,1
02:50:44.58500,1919.250,1
02:50:47.38200,1919.250,65
02:50:47.86700,1919.250,4
02:50:48.24200,1919.250,1
02:50:49.31600,1919.500,2
02:50:50.19100,1919.250,7
02:50:56.43700,1919.250,1
02:51:11.78900,1919.250,65
02:51:13.01900,1919.250,2
02:51:19.52300,1919.500,2
02:51:22.51500,1919.250,9
02:51:25.28100,1919.000,1
02:51:48.56600,1919.000,2
02:51:49.71800,1919.250,2
02:52:16.06200,1919.250,7
02:52:19.92500,1919.250,2
02:52:22.11300,1919.250,10
02:52:22.38200,1919.250,5
02:52:24.97200,1919.250,2
02:52:39.46400,1919.000,1
02:52:40.07800,1919.250,1
02:52:46.32000,1919.000,39
02:52:49.76100,1918.750,11
02:52:50.94500,1918.750,21
02:52:54.03100,1918.750,1
02:53:01.17100,1918.750,39
02:53:02.54200,1918.750,6
02:53:07.82000,1918.750,14
02:53:09.90600,1918.750,3
02:53:12.29200,1918.750,5
02:53:18.08500,1918.750,10
02:53:20.01900,1919.000,27
02:53:20.36700,1919.250,2
02:53:20.53500,1919.250,19
02:53:23.60500,1919.000,24
02:53:24.60500,1919.000,1
02:53:29.19900,1919.000,13
02:53:37.43300,1919.000,17
02:53:38.46400,1919.000,1
02:53:38.67500,1919.000,1
02:53:40.44500,1919.000,13
02:53:42.48000,1918.750,45
02:53:42.87100,1918.750,1
02:53:43.68700,1918.750,38
02:53:50.22600,1918.750,9
02:53:50.55400,1918.750,2
02:53:51.34300,1918.500,41
02:53:51.42100,1918.500,16
02:53:51.50700,1918.500,3
02:53:55.04600,1918.500,1
02:54:04.89400,1918.750,41
02:54:05.24600,1918.750,8
02:54:05.43700,1918.750,19
02:54:15.93300,1918.750,12
02:54:19.41000,1918.500,56
02:54:24.42900,1918.250,21
02:54:24.52700,1918.250,19
02:54:28.70300,1918.250,10
02:54:29.89800,1918.250,2
02:54:32.08900,1918.250,1
02:54:33.67100,1918.250,10
02:54:37.53100,1918.500,42
02:54:37.59700,1918.500,44
02:54:37.71000,1918.500,6
02:54:42.19900,1918.500,4
02:54:42.96800,1918.500,48
02:54:44.13200,1918.500,16
02:54:44.96400,1918.500,9
02:54:45.66700,1918.750,19
02:54:46.94100,1918.750,21
02:54:48.75300,1918.500,1
02:54:50.96800,1918.750,2
02:54:52.22600,1918.750,1
02:55:17.40200,1918.500,64
02:55:18.88200,1918.500,14
02:55:21.19500,1918.500,1
02:55:25.80000,1918.250,23
02:55:29.10100,1918.250,23
02:55:29.75700,1918.250,9
02:55:33.80800,1918.250,1
02:55:36.32400,1918.250,12
02:55:36.87100,1918.000,5
02:55:37.46000,1918.000,1
02:55:44.26500,1918.250,1
02:55:45.58500,1918.000,1
02:55:48.67100,1918.000,1
02:55:51.47200,1918.000,3
02:55:55.20700,1917.750,101
02:55:55.24600,1917.750,21
02:55:55.74200,1917.750,76
02:55:55.87500,1917.750,53
02:55:56.04600,1917.500,1
02:55:56.17500,1917.500,16
02:55:57.68700,1917.750,39
02:55:59.83500,1917.500,16
02:56:01.87100,1917.250,24
02:56:02.69900,1917.500,29
02:56:05.30400,1917.500,101
02:56:06.23400,1917.500,4
02:56:07.00300,1917.250,1
02:56:07.16000,1917.500,2
02:56:09.50300,1917.250,181
02:56:09.69100,1917.250,6
02:56:09.69500,1917.250,1
02:56:09.83900,1917.250,1
02:56:10.05000,1917.250,3
02:56:10.14800,1917.250,1
02:56:11.74600,1917.250,1
02:56:11.88200,1917.250,1
02:56:12.81600,1917.500,1
02:56:15.33900,1917.250,20
02:56:17.27300,1917.250,2
02:56:17.68300,1917.250,1
02:56:17.96800,1917.500,1
02:56:19.39000,1917.250,59
02:56:21.68700,1917.000,13
02:56:21.79200,1917.250,65
02:56:21.82400,1917.250,6
02:56:22.28900,1917.250,5
02:56:22.83500,1917.000,2
02:56:23.17100,1917.250,2
02:56:23.82000,1917.250,1
02:56:25.56600,1917.250,5
02:56:25.86300,1917.000,1
02:56:26.30400,1917.250,9
02:56:27.87500,1917.500,9
02:56:28.26100,1917.500,1
02:56:28.79200,1917.250,5
02:56:31.35500,1917.500,153
02:56:31.42900,1917.500,2
02:56:31.85100,1917.500,1
02:56:33.28100,1917.500,1
02:56:36.94100,1917.500,3
02:56:38.83500,1917.500,8
02:56:39.38200,1917.500,8
02:56:40.02300,1917.500,1
02:56:44.60900,1917.500,2
02:56:50.48000,1917.500,2
02:56:51.80000,1917.750,2
02:56:52.34300,1917.750,53
02:57:01.57000,1917.750,27
02:57:02.00000,1917.750,1
02:57:02.67100,1917.750,1
02:57:05.05000,1917.750,2
02:57:09.91400,1918.250,60
02:57:13.92900,1918.000,3
02:57:16.37800,1918.000,26
02:57:16.66700,1917.750,25
02:57:16.76100,1917.750,7
02:57:17.00700,1917.750,5
02:57:17.45300,1917.750,2
02:57:19.59300,1917.750,17
02:57:20.57800,1917.750,1
02:57:20.69500,1918.000,5
02:57:22.03100,1918.000,47
02:57:22.25700,1918.000,3
02:57:22.93700,1917.750,3
02:57:23.61700,1917.750,41
02:57:24.25000,1917.750,21
02:57:24.33500,1917.750,21
02:57:24.62800,1917.750,19
02:57:25.87500,1917.500,5
02:57:26.79600,1917.750,22
02:57:27.43300,1917.750,1
02:57:28.17500,1918.000,1
02:57:29.82400,1918.000,48
02:57:30.23800,1918.000,6
02:57:35.47600,1918.000,8
02:57:38.50300,1918.000,3
02:57:39.25300,1918.500,45
02:57:43.15200,1918.250,48
02:57:43.33900,1918.250,9
02:57:43.55400,1918.250,1
02:57:45.73800,1918.000,10
02:57:46.80800,1918.000,1
02:57:47.36300,1918.000,10
02:57:47.83200,1918.000,15
02:57:47.92900,1918.000,3
02:57:48.47200,1918.000,1
02:57:49.65600,1918.250,14
02:57:52.25000,1918.250,4
02:57:55.29200,1918.250,42
02:58:00.72600,1918.500,1
02:58:10.42100,1918.250,7
02:58:11.10100,1918.000,14
02:58:15.23800,1918.000,25
02:58:15.55800,1918.000,5
02:58:17.54200,1918.000,20
02:58:19.62800,1918.000,5
02:58:22.42900,1918.000,2
02:58:23.89000,1917.750,3
02:58:24.12100,1917.500,7
02:58:28.28500,1917.750,22
02:58:28.82400,1917.750,2
02:58:33.03500,1917.750,24
02:58:35.39800,1917.750,6
02:58:36.04200,1917.750,1
02:58:40.03900,1917.750,4
02:58:40.28900,1918.000,13
02:58:45.01900,1917.750,1
02:58:46.92500,1917.750,1
02:58:48.33200,1918.000,1
02:58:48.94900,1917.500,45
02:58:49.53100,1917.500,12
02:58:52.02700,1917.750,27
02:58:52.10900,1917.750,6
02:58:52.42500,1917.750,11
02:58:52.62800,1918.000,2
02:58:55.83200,1918.000,5
02:58:57.27700,1918.000,5
02:58:58.29600,1917.750,3
02:59:01.88200,1918.000,2
02:59:08.19900,1917.750,9
02:59:13.59300,1917.750,5
02:59:20.07000,1917.750,17
02:59:22.84300,1918.000,10
02:59:23.34700,1918.000,4
02:59:26.03100,1917.750,1
02:59:26.30000,1917.750,23
02:59:27.52700,1917.750,9
02:59:28.87500,1917.500,2
02:59:29.00300,1917.500,1
02:59:34.84700,1917.500,31
02:59:37.34700,1917.500,20
02:59:38.82000,1917.500,3
02:59:42.97200,1917.250,10
02:59:44.75700,1917.500,5
02:59:47.06600,1917.500,2
02:59:47.24600,1917.500,2
02:59:48.04600,1917.500,3
02:59:49.33200,1917.500,19
02:59:49.90200,1917.500,5
02:59:50.02700,1917.500,2
02:59:50.93700,1917.250,1
02:59:51.79600,1917.250,3
02:59:52.06200,1917.250,9
02:59:52.21000,1917.250,9
02:59:52.28500,1917.250,26
02:59:53.58900,1917.250,4
02:59:54.10900,1917.250,23
02:59:55.41000,1917.250,1
02:59:57.82400,1917.250,3
02:59:58.73800,1917.000,45
02:59:59.07400,1917.000,8
02:59:59.14400,1917.000,6
02:59:59.33200,1917.250,2
