00:00:01.44100,1927.000,0
00:00:06.21800,1926.750,1
00:00:11.68700,1927.000,5
00:00:11.91400,1927.000,14
00:00:22.23800,1927.250,1
00:00:23.41700,1927.250,2
00:00:35.14800,1927.250,2
00:00:35.67500,1927.000,1
00:00:37.01500,1927.250,2
00:00:46.85900,1927.250,3
00:00:58.58900,1927.250,2
00:00:58.80800,1927.000,7
00:01:14.40200,1926.750,18
00:01:19.61700,1926.750,25
00:01:22.05400,1926.750,3
00:01:24.29200,1926.750,9
00:01:25.83900,1926.500,8
00:01:31.05400,1926.500,8
00:01:33.76500,1926.750,1
00:01:36.24600,1926.500,8
00:01:40.41000,1926.500,2
00:01:44.43700,1926.750,4
00:01:45.61300,1926.750,11
00:01:49.58900,1926.750,1
00:01:49.96400,1926.750,10
00:01:50.78900,1926.750,5
00:01:53.40200,1926.750,1
00:01:56.02300,1926.500,9
00:01:57.22600,1926.750,1
00:01:57.73400,1926.500,2
00:01:58.34700,1926.500,2
00:01:58.84700,1926.500,4
00:02:08.93700,1926.750,3
00:02:09.81200,1926.750,1
00:02:11.51900,1926.750,1
00:02:12.43700,1926.750,1
00:02:20.66700,1926.750,2
00:02:32.40200,1926.750,1
00:02:40.66000,1926.750,3
00:02:44.13600,1927.000,4
00:02:55.84300,1927.000,3
00:03:19.30800,1927.000,3
00:03:31.03900,1927.000,1
00:03:42.74600,1927.000,2
00:03:51.86700,1926.750,1
00:03:54.48000,1926.750,1
00:04:09.19500,1926.750,20
00:04:17.92100,1927.000,2
00:04:29.65200,1927.000,3
00:04:31.40600,1926.750,3
00:04:39.65600,1926.500,5
00:04:40.96000,1926.750,2
00:04:41.38600,1926.750,3
00:04:53.11700,1926.750,1
00:05:03.44100,1926.750,4
00:05:04.82800,1926.750,1
00:05:05.61300,1926.500,1
00:05:08.19500,1926.500,75
00:05:16.55800,1926.500,3
00:05:16.73000,1926.500,6
00:05:23.47600,1926.250,28
00:05:25.69900,1926.250,1
00:05:28.29200,1926.250,2
00:05:34.56600,1926.250,5
00:05:34.75000,1926.250,1
00:05:40.02300,1926.500,2
00:05:41.16400,1926.250,5
00:05:41.73000,1926.250,1
00:05:51.73400,1926.250,2
00:06:03.46400,1926.250,2
00:06:06.68300,1926.250,1
00:06:07.88600,1926.250,4
00:06:10.04200,1926.250,1
00:06:15.19900,1926.500,3
00:06:21.86300,1926.500,9
00:06:26.90600,1926.500,1
00:06:28.79200,1926.500,1
00:06:34.55400,1926.500,1
00:06:36.01500,1926.500,1
00:06:38.64000,1926.750,1
00:06:50.37100,1926.750,2
00:06:53.94500,1926.500,1
00:07:13.81200,1926.750,6
00:07:20.00300,1926.750,13
00:07:25.54600,1926.750,2
00:07:37.28100,1927.000,2
00:07:37.79200,1927.000,1
00:07:43.66400,1926.750,10
00:07:43.87800,1926.750,2
00:07:49.01100,1927.000,2
00:07:54.26900,1926.750,7
00:08:12.45300,1927.000,4
00:08:15.50300,1927.000,3
00:08:17.69900,1927.000,1
00:08:24.18300,1927.000,1
00:08:35.89400,1927.000,2
00:08:47.62500,1927.000,3
00:08:48.08500,1926.750,1
00:08:59.35900,1927.000,3
00:09:11.09300,1927.250,43
00:09:17.49200,1927.000,1
00:09:22.69900,1927.250,19
00:09:22.85500,1927.500,21
00:09:25.79200,1927.500,1
00:09:27.00700,1927.500,1
00:09:27.50300,1927.250,4
00:09:30.90200,1927.250,2
00:09:34.53500,1927.500,3
00:09:40.32000,1927.250,6
00:09:46.26500,1927.500,3
00:09:49.74600,1927.500,58
00:09:49.82800,1927.500,13
00:09:51.28900,1927.500,1
00:09:52.09300,1927.750,111
00:09:52.31600,1927.500,2
00:09:53.27300,1927.750,94
00:09:54.22600,1927.750,20
00:09:54.56600,1927.500,1
00:09:57.40200,1927.750,22
00:09:58.00000,1927.750,3
00:09:59.30800,1927.500,1
00:10:07.57400,1927.750,3
00:10:09.70700,1927.750,1
00:10:11.26900,1927.500,2
00:10:11.51500,1927.750,1
00:10:13.55800,1927.750,4
00:10:15.01900,1927.500,70
00:10:16.00700,1927.500,1
00:10:16.10100,1927.750,1
00:10:17.71000,1927.500,1
00:10:18.86300,1927.500,1
00:10:21.43700,1927.750,1
00:10:22.41000,1927.500,1
00:10:24.56600,1927.500,1
00:10:28.23800,1927.500,1
00:10:33.17100,1927.750,3
00:10:33.81200,1927.500,5
00:10:36.27700,1927.500,2
00:10:38.01100,1927.500,1
00:10:38.61300,1927.750,1
00:10:43.60900,1927.750,1
00:10:44.88200,1927.750,3
00:10:48.84700,1927.500,6
00:10:50.89800,1927.500,23
00:10:53.87800,1927.500,7
00:10:56.61300,1927.500,3
00:11:04.93700,1927.500,3
00:11:08.34700,1927.750,2
00:11:19.22600,1927.750,7
00:11:19.70700,1927.750,1
00:11:20.07800,1927.750,2
00:11:23.42500,1927.500,10
00:11:31.78500,1927.750,2
00:11:36.37500,1927.750,38
00:11:37.34700,1927.750,1
00:11:40.28100,1927.750,2
00:11:43.57800,1928.000,32
00:11:44.71800,1927.750,1
00:11:50.37100,1927.750,1
00:11:55.25300,1928.000,2
00:11:55.59300,1927.750,8
00:11:57.44500,1928.000,40
00:12:04.10500,1927.500,67
00:12:04.88600,1927.750,1
00:12:05.59700,1927.500,4
00:12:06.96000,1927.750,2
00:12:10.11300,1927.750,1
00:12:18.69100,1927.750,1
00:12:20.39000,1927.500,4
00:12:20.96800,1927.500,1
00:12:31.11700,1927.750,17
00:12:34.82000,1928.000,5
00:12:35.75300,1927.750,1
00:12:42.16000,1928.000,3
00:12:44.58500,1927.750,1
00:12:51.31600,1927.750,6
00:12:53.86700,1928.000,1
00:12:58.30000,1927.750,2
00:13:04.32400,1927.750,20
00:13:05.60100,1927.750,1
00:13:06.41700,1928.000,1
00:13:09.24200,1927.750,3
00:13:10.58900,1927.750,1
00:13:13.57800,1927.750,2
00:13:15.52700,1927.750,1
00:13:16.86300,1927.750,2
00:13:17.33200,1928.000,2
00:13:18.45700,1927.750,12
00:13:28.48000,1927.750,10
00:13:29.06600,1927.750,5
00:13:30.45300,1927.750,1
00:13:31.53100,1928.000,1
00:13:33.49200,1927.750,3
00:13:34.15600,1927.750,3
00:13:40.93300,1927.750,3
00:13:44.50000,1928.000,106
00:13:44.55800,1928.250,3
00:13:44.69500,1928.250,1
00:13:45.04200,1928.000,1
00:13:45.55800,1928.250,1
00:13:46.87800,1928.000,8
00:13:49.02700,1928.250,2
00:13:49.12100,1928.250,2
00:13:51.21400,1928.000,1
00:13:51.40200,1928.250,1
00:13:51.62500,1928.250,1
00:13:52.26500,1928.250,1
00:13:52.42100,1928.000,1
00:13:52.50700,1928.250,3
00:13:53.28100,1928.000,31
00:13:53.77300,1928.250,1
00:13:53.96000,1928.250,1
00:13:55.11300,1928.250,2
00:13:55.37100,1928.250,3
00:13:56.02700,1928.250,2
00:13:56.79200,1928.250,10
00:13:59.57800,1928.250,5
00:13:59.91000,1928.250,1
00:14:00.67900,1928.000,2
00:14:04.24200,1928.250,1
00:14:09.21800,1928.250,6
00:14:15.94900,1928.250,1
00:14:17.01900,1928.000,1
00:14:20.46000,1928.000,6
00:14:27.67900,1928.250,3
00:14:33.42100,1928.250,10
00:14:34.89000,1928.250,3
00:14:36.22600,1928.250,1
00:14:39.41400,1928.250,2
00:14:43.88200,1928.000,56
00:14:43.96000,1928.000,2
00:14:50.28900,1928.000,1
00:14:50.53900,1928.000,4
00:14:51.14400,1928.000,1
00:14:56.25300,1928.000,1
00:15:02.85500,1928.000,3
00:15:07.21400,1928.000,4
00:15:13.80400,1928.000,1
00:15:14.25700,1928.000,44
00:15:14.58900,1928.000,2
00:15:16.26900,1928.000,3
00:15:23.29200,1928.000,1
00:15:26.32000,1928.000,1
00:15:38.05400,1928.000,2
00:15:39.47600,1928.000,2
00:15:49.76100,1928.000,3
00:15:51.39000,1927.750,2
00:15:51.72600,1928.000,1
00:15:56.13200,1927.750,5
00:15:57.40200,1927.750,32
00:16:01.49200,1927.750,4
00:16:03.68300,1927.750,1
00:16:13.22600,1927.750,2
00:16:21.94900,1927.750,1
00:16:24.93700,1927.750,3
00:16:30.14400,1927.500,1
00:16:30.66700,1927.750,29
00:16:33.15600,1927.750,1
00:16:35.28100,1928.000,1
00:16:35.75000,1928.000,1
00:16:36.66700,1928.000,1
00:16:37.65200,1928.000,2
00:16:48.40200,1928.000,3
00:16:57.02700,1928.000,33
00:17:05.88200,1928.000,4
00:17:11.83900,1928.250,1
00:17:15.03900,1928.250,27
00:17:19.35900,1928.000,5
00:17:23.57400,1928.250,1
00:17:26.11300,1928.250,1
00:17:30.52700,1928.250,7
00:17:35.30800,1928.250,3
00:17:47.03900,1928.250,3
00:17:47.41400,1928.250,1
00:17:50.51900,1928.250,1
00:17:58.75000,1928.250,2
00:17:58.83200,1928.250,1
00:18:10.48000,1928.250,2
00:18:11.17100,1928.250,1
00:18:17.55000,1928.000,6
00:18:18.47200,1928.000,8
00:18:21.35100,1928.000,2
00:18:21.62100,1928.250,1
00:18:22.21000,1928.250,4
00:18:24.87500,1928.000,4
00:18:25.67900,1928.000,1
00:18:28.19900,1928.000,2
00:18:33.92100,1928.250,3
00:18:34.66700,1928.000,1
00:18:38.58200,1928.000,1
00:18:39.48400,1928.250,13
00:18:45.65600,1928.250,1
00:18:57.38600,1928.250,3
00:19:02.94100,1928.250,2
00:19:05.43300,1928.250,2
00:19:08.91000,1928.250,1
00:19:09.11700,1928.250,1
00:19:20.82800,1928.250,1
00:19:32.56200,1928.250,1
00:19:39.62800,1928.000,2
00:19:44.29600,1928.250,2
00:19:50.16400,1928.250,1
00:19:52.61300,1928.000,52
00:19:52.64800,1928.000,73
00:19:56.02700,1928.250,2
00:19:58.77300,1928.250,14
00:19:59.37800,1928.500,19
00:19:59.47200,1928.500,1
00:20:00.58900,1928.250,2
00:20:00.83200,1928.250,3
00:20:07.73400,1928.500,2
00:20:09.05000,1928.500,1
00:20:09.23800,1928.250,20
00:20:12.33500,1928.250,9
00:20:12.70700,1928.250,1
00:20:17.65600,1928.000,1
00:20:19.46800,1928.250,3
00:20:20.49600,1928.000,5
00:20:28.88200,1928.000,1
00:20:29.25700,1928.000,54
00:20:31.19900,1928.000,3
00:20:38.32000,1928.000,1
00:20:42.91000,1928.000,2
00:20:44.71000,1927.750,3
00:20:49.34300,1927.750,1
00:20:54.33500,1928.250,68
00:20:54.35100,1928.250,25
00:20:54.64400,1928.500,1
00:20:56.06200,1928.500,5
00:20:57.53500,1928.250,1
00:21:06.37500,1928.500,6
00:21:10.36300,1928.500,53
00:21:10.39000,1931.000,1329
00:21:10.39000,1931.000,15
00:21:10.39000,1931.000,27
00:21:11.46400,1929.000,1564
00:21:11.64000,1928.500,62
00:21:11.70300,1928.750,1
00:21:12.11300,1928.500,1
00:21:12.63600,1928.500,4
00:21:13.08900,1928.750,61
00:21:14.30000,1928.750,3
00:21:14.60900,1929.000,1
00:21:15.73800,1929.000,20
00:21:15.88200,1929.000,1
00:21:16.76100,1929.250,3
00:21:17.01900,1929.250,3
00:21:17.61700,1929.250,1
00:21:18.10500,1929.500,5
00:21:19.38600,1929.250,1
00:21:21.07400,1929.500,1
00:21:21.26900,1929.500,1
00:21:21.85900,1929.250,2
00:21:21.97200,1929.500,2
00:21:22.18300,1929.500,18
00:21:22.57000,1929.500,16
00:21:23.82000,1929.500,2
00:21:24.15200,1929.500,1
00:21:24.46400,1929.500,3
00:21:25.01900,1929.500,9
00:21:26.81200,1929.750,2
00:21:27.07000,1929.500,20
00:21:27.64400,1929.250,15
00:21:27.81200,1929.250,9
00:21:28.19500,1929.250,1
00:21:28.93300,1929.000,1
00:21:29.10500,1929.250,1
00:21:29.81600,1929.250,1
00:21:31.45300,1929.250,1
00:21:32.37100,1929.250,1
00:21:33.21000,1929.250,16
00:21:33.53900,1929.500,2
00:21:34.63200,1929.500,1
00:21:36.01100,1929.250,6
00:21:38.19500,1929.250,6
00:21:38.53100,1929.250,1
00:21:39.05000,1929.500,5
00:21:39.19500,1929.500,1
00:21:39.82000,1929.500,3
00:21:40.50700,1929.500,6
00:21:41.54600,1929.500,1
00:21:41.87500,1929.500,3
00:21:43.79600,1929.500,14
00:21:44.03500,1929.750,2
00:21:44.06600,1929.500,2
00:21:44.31200,1929.500,3
00:21:45.27300,1929.750,34
00:21:45.48400,1929.750,7
00:21:45.70300,1930.000,1
00:21:46.91400,1930.250,32
00:21:47.28100,1929.750,30
00:21:47.57400,1929.750,2
00:21:47.76100,1930.000,1
00:21:49.11700,1930.000,1
00:21:50.63600,1930.000,1
00:21:51.78100,1930.000,1
00:21:52.39000,1930.000,1
00:21:53.28100,1930.000,2
00:21:55.36700,1930.000,2
00:21:55.61700,1930.000,2
00:21:56.46400,1930.000,1
00:21:58.21400,1929.750,2
00:21:58.94900,1929.750,1
00:22:00.84300,1929.750,23
00:22:01.29600,1929.500,26
00:22:02.11700,1929.250,32
00:22:05.01100,1929.500,2
00:22:07.69500,1929.250,2
00:22:10.44100,1929.250,1
00:22:13.83500,1929.250,19
00:22:15.14400,1929.250,1
00:22:15.39800,1929.250,7
00:22:15.82400,1929.250,1
00:22:16.72200,1929.500,3
00:22:20.39800,1929.250,23
00:22:20.77300,1929.250,1
00:22:24.18300,1929.250,2
00:22:27.40200,1929.250,1
00:22:27.97200,1929.250,3
00:22:28.45700,1929.250,1
00:22:28.58200,1929.250,7
00:22:34.49600,1929.250,6
00:22:36.56600,1929.250,1
00:22:36.90200,1929.250,1
00:22:40.18700,1929.500,1
00:22:42.42900,1929.500,11
00:22:47.92900,1929.500,42
00:22:49.26900,1929.500,1
00:22:49.75700,1929.500,2
00:22:50.83900,1929.750,3
00:22:51.06600,1929.750,4
00:22:51.32800,1929.750,1
00:22:51.89400,1929.750,2
00:22:52.92500,1929.500,1
00:22:54.56600,1929.750,15
00:22:55.10100,1930.000,5
00:22:57.72200,1929.750,13
00:22:58.28500,1929.750,1
00:22:58.57000,1929.500,27
00:23:01.83900,1929.250,1
00:23:03.28900,1929.500,2
00:23:03.62800,1929.500,1
00:23:12.76100,1929.500,1
00:23:15.36300,1929.500,2
00:23:16.44100,1929.500,6
00:23:20.48400,1929.500,3
00:23:21.81600,1929.500,1
00:23:22.69900,1929.500,1
00:23:27.09300,1929.750,10
00:23:28.54200,1929.500,1
00:23:35.60500,1929.500,1
00:23:35.73400,1929.500,2
00:23:38.04200,1929.750,7
00:23:38.80400,1930.000,3
00:23:40.79200,1929.750,2
00:23:41.50000,1929.750,3
00:23:45.38200,1930.000,1
00:23:50.53500,1929.750,1
00:23:52.24200,1929.500,1
00:23:55.10100,1929.750,1
00:23:55.31600,1929.750,1
00:24:02.26900,1929.750,4
00:24:03.35100,1929.500,13
00:24:03.79200,1929.500,1
00:24:04.17900,1929.500,4
00:24:07.52300,1929.500,3
00:24:09.91000,1929.500,1
00:24:11.08900,1929.500,4
00:24:11.46400,1929.500,1
00:24:12.15600,1929.500,6
00:24:14.00000,1929.750,3
00:24:14.35900,1929.500,2
00:24:20.41400,1929.500,21
00:24:21.17500,1929.750,3
00:24:23.05800,1929.500,1
00:24:23.68300,1929.500,1
00:24:25.09300,1929.500,5
00:24:25.71000,1929.500,2
00:24:27.38200,1929.500,1
00:24:30.43700,1929.500,2
00:24:34.11700,1929.500,2
00:24:37.44500,1929.750,1
00:24:46.31200,1929.500,1
00:24:47.10900,1929.500,1
00:24:48.67100,1929.750,35
00:24:49.17500,1930.000,2
00:24:53.09700,1929.750,6
00:24:58.33900,1929.750,1
00:25:01.39000,1930.000,4
00:25:04.63600,1930.250,26
00:25:04.87500,1930.000,5
00:25:04.93700,1930.000,5
00:25:12.61700,1930.250,1
00:25:13.15200,1930.250,11
00:25:15.39000,1930.000,3
00:25:15.75700,1930.000,8
00:25:17.79600,1930.000,15
00:25:19.48800,1930.000,1
00:25:20.41000,1929.750,42
00:25:21.35500,1929.750,2
00:25:21.81200,1929.750,1
00:25:22.61700,1929.500,1
00:25:23.82000,1929.750,3
00:25:24.35100,1929.750,3
00:25:27.12500,1929.750,2
00:25:29.94100,1929.750,1
00:25:31.21800,1929.750,5
00:25:33.01100,1929.750,1
00:25:35.51500,1929.750,6
00:25:36.08200,1929.750,2
00:25:36.80400,1929.750,1
00:25:38.29200,1929.500,1
00:25:39.20700,1929.750,12
00:25:47.79200,1929.750,4
00:25:52.55000,1929.500,1
00:25:59.52700,1929.750,2
00:26:08.59300,1929.750,12
00:26:09.17900,1929.750,7
00:26:10.03900,1929.750,3
00:26:11.25700,1929.750,3
00:26:16.62100,1929.750,2
00:26:19.19100,1929.750,1
00:26:20.39000,1929.500,7
00:26:22.49200,1929.750,1
00:26:22.96800,1929.750,1
00:26:25.35500,1929.500,48
00:26:26.42500,1929.500,1
00:26:26.64000,1929.500,3
00:26:29.39800,1929.250,5
00:26:29.58900,1929.500,6
00:26:32.80800,1929.500,1
00:26:34.69900,1929.500,8
00:26:41.30800,1929.500,1
00:26:44.14000,1929.500,6
00:26:44.60900,1929.250,2
00:26:45.27300,1929.500,2
00:26:46.43300,1929.750,3
00:26:46.54200,1929.500,1
00:26:50.58900,1929.500,1
00:26:51.85500,1929.750,4
00:26:55.62100,1929.500,1
00:26:56.91700,1929.500,72
00:26:57.10100,1929.250,1
00:26:58.23800,1929.500,2
00:27:01.89400,1929.500,6
00:27:04.82800,1929.750,2
00:27:07.27300,1929.500,2
00:27:09.87500,1929.750,1
00:27:11.25700,1929.500,6
00:27:13.96400,1929.750,25
00:27:17.90600,1929.500,2
00:27:19.50000,1929.500,5
00:27:21.60500,1929.500,1
00:27:21.87100,1929.500,1
00:27:22.60500,1929.500,1
00:27:23.81600,1929.500,1
00:27:24.47200,1929.500,6
00:27:29.52700,1929.500,1
00:27:33.33900,1929.750,2
00:27:34.46000,1929.500,1
00:27:38.39400,1929.500,1
00:27:42.03500,1929.500,5
00:27:45.07000,1929.750,3
00:27:46.84700,1929.500,17
00:27:47.26900,1929.250,3
00:27:47.87100,1929.500,3
00:27:50.59700,1929.500,2
00:27:52.24200,1929.500,5
00:27:56.78100,1929.500,3
00:28:01.20700,1929.500,13
00:28:02.03900,1929.500,12
00:28:02.83900,1929.500,1
00:28:05.88600,1929.500,12
00:28:08.51100,1929.500,3
00:28:10.58200,1929.500,4
00:28:13.20300,1929.500,1
00:28:14.74600,1929.250,1
00:28:16.37500,1929.500,2
00:28:16.56200,1929.500,5
00:28:18.75000,1929.500,6
00:28:20.24600,1929.750,1
00:28:24.12500,1929.500,3
00:28:28.13600,1929.500,10
00:28:30.05800,1929.500,2
00:28:31.95700,1929.500,1
00:28:33.65200,1929.500,4
00:28:36.24200,1929.500,4
00:28:43.68700,1929.750,2
00:28:44.47600,1929.500,1
00:28:45.07000,1929.500,1
00:28:55.42100,1929.500,2
00:29:07.15600,1929.500,1
00:29:13.20700,1929.250,3
00:29:14.16700,1929.250,2
00:29:15.42900,1929.250,1
00:29:18.23000,1929.500,1
00:29:18.86300,1929.500,2
00:29:19.40200,1929.500,4
00:29:19.89400,1929.500,1
00:29:21.83900,1929.500,1
00:29:30.07000,1929.500,1
00:29:30.59300,1929.750,3
00:29:33.42100,1929.500,1
00:29:34.40200,1929.500,1
00:29:37.55000,1929.500,6
00:29:38.50700,1929.500,2
00:29:40.89000,1929.500,2
00:29:41.09700,1929.500,2
00:29:42.32800,1929.750,3
00:29:45.32400,1929.500,3
00:29:45.65600,1929.750,1
00:29:45.74200,1929.500,2
00:29:51.45300,1929.500,2
00:29:53.14400,1929.500,1
00:29:54.06200,1929.500,1
00:29:56.30800,1929.500,5
00:29:58.87500,1929.500,1
00:30:02.27700,1929.500,4
00:30:02.60500,1929.750,1
00:30:03.25000,1929.250,1
00:30:05.21400,1929.500,1
00:30:05.64000,1929.500,2
00:30:05.76900,1929.500,2
00:30:06.38600,1929.500,1
00:30:11.61300,1929.250,1
00:30:16.80000,1929.250,1
00:30:17.50300,1929.500,2
00:30:22.03500,1929.250,4
00:30:24.17500,1929.500,1
00:30:29.23400,1929.500,1
00:30:34.03900,1929.250,1
00:30:39.89400,1929.250,42
00:30:40.94100,1929.250,3
00:30:43.70300,1929.250,13
00:30:44.75000,1929.250,1
00:30:45.05800,1929.250,1
00:30:48.03500,1929.250,3
00:30:48.50700,1929.000,76
00:30:48.94900,1928.750,3
00:30:49.51100,1929.000,13
00:30:50.03900,1929.000,3
00:30:50.85500,1929.000,1
00:30:51.47200,1929.000,1
00:30:52.04200,1929.000,2
00:30:52.67500,1929.250,3
00:30:53.74200,1929.000,1
00:30:54.53500,1928.750,1
00:30:54.65200,1929.000,1
00:30:54.84700,1928.750,2
00:30:58.91400,1929.000,2
00:31:03.62800,1929.000,3
00:31:04.09300,1928.750,31
00:31:04.41000,1929.000,2
00:31:11.32800,1928.750,10
00:31:11.86700,1928.750,1
00:31:16.14000,1929.000,7
00:31:19.46000,1928.750,12
00:31:19.48400,1928.750,1
00:31:22.01900,1928.750,3
00:31:23.02700,1928.750,4
00:31:25.87500,1928.750,1
00:31:27.48400,1928.750,1
00:31:27.85100,1928.750,1
00:31:29.85100,1928.750,2
00:31:32.37500,1928.750,1
00:31:32.92900,1928.750,1
00:31:33.82000,1928.750,1
00:31:35.67500,1928.750,1
00:31:36.03100,1928.500,2
00:31:36.83900,1928.750,1
00:31:38.90600,1928.750,6
00:31:39.58200,1928.750,3
00:31:40.67100,1928.500,1
00:31:50.31200,1928.500,1
00:31:50.78900,1928.750,1
00:31:51.31600,1928.750,1
00:31:51.73400,1928.750,3
00:31:55.13600,1928.500,1
00:31:55.53900,1928.750,1
00:31:56.51900,1928.500,3
00:31:57.83500,1928.500,3
00:32:03.05000,1928.750,1
00:32:03.41000,1928.500,2
00:32:09.56600,1928.500,2
00:32:11.62500,1928.750,38
00:32:13.05400,1928.750,4
00:32:14.75700,1929.000,2
00:32:16.02300,1928.750,1
00:32:19.94900,1928.750,1
00:32:26.49200,1929.000,3
00:32:26.71800,1929.000,2
00:32:30.12500,1928.750,1
00:32:31.57000,1928.750,1
00:32:34.30800,1929.000,2
00:32:37.49200,1928.500,53
00:32:38.22200,1928.750,3
00:32:41.88600,1928.750,1
00:32:49.93300,1928.750,3
00:32:51.84300,1928.500,1
00:32:53.78900,1928.750,5
00:32:53.96000,1929.000,3
00:32:58.77700,1929.000,1
00:33:03.36700,1928.750,5
00:33:13.40200,1928.750,17
00:33:18.87800,1928.500,18
00:33:21.56200,1928.250,15
00:33:25.12800,1928.500,3
00:33:32.61700,1928.250,42
00:33:33.06600,1928.000,17
00:33:36.23400,1928.250,1
00:33:36.83900,1928.250,6
00:33:39.01900,1928.250,2
00:33:39.38600,1928.250,1
00:33:41.38200,1928.250,1
00:33:42.22200,1928.250,1
00:33:48.57000,1928.500,2
00:33:50.25300,1928.250,1
00:33:50.72200,1928.250,1
00:33:52.14800,1928.250,2
00:33:58.51500,1928.250,1
00:33:59.66700,1928.000,19
00:34:00.39400,1928.000,3
00:34:02.23800,1928.250,18
00:34:02.75000,1928.250,37
00:34:03.29600,1928.250,2
00:34:03.63200,1928.250,1
00:34:06.85900,1928.000,6
00:34:07.57400,1928.250,1
00:34:08.60900,1928.000,7
00:34:11.04200,1928.000,2
00:34:12.03500,1928.250,2
00:34:17.15200,1928.250,15
00:34:23.74600,1928.250,3
00:34:25.17100,1928.000,20
00:34:26.00000,1928.000,7
00:34:26.20700,1928.000,1
00:34:31.50700,1928.000,9
00:34:35.29600,1928.000,4
00:34:35.48000,1928.250,1
00:34:40.42900,1928.000,7
00:34:41.74200,1927.750,1
00:34:46.28500,1928.000,5
00:34:47.21000,1928.000,2
00:34:51.56200,1927.750,6
00:34:58.92100,1928.000,2
00:35:01.12100,1927.750,3
00:35:05.39800,1927.750,10
00:35:10.65600,1928.000,1
00:35:22.38600,1928.000,3
00:35:31.12800,1928.000,1
00:35:34.11700,1928.000,3
00:35:34.61700,1928.000,1
00:35:40.61700,1927.750,4
00:35:42.04600,1927.750,1
00:35:45.82800,1928.000,3
00:35:51.53500,1927.750,1
00:35:54.10900,1928.000,1
00:35:57.39400,1928.000,1
00:35:57.56200,1928.000,1
00:35:59.28500,1928.000,1
00:36:03.21400,1927.750,3
00:36:09.29200,1928.000,1
00:36:12.65600,1928.000,1
00:36:17.17500,1928.000,1
00:36:19.23400,1928.000,1
00:36:21.02700,1928.000,4
00:36:21.92900,1927.750,1
00:36:22.42500,1928.000,1
00:36:30.38600,1928.000,2
00:36:31.94500,1928.000,1
00:36:32.73400,1928.000,2
00:36:44.46800,1928.000,3
00:36:49.42500,1927.750,1
00:36:52.70700,1928.000,2
00:36:53.19500,1927.750,1
00:36:56.19900,1928.000,3
00:37:09.66700,1927.750,4
00:37:13.76900,1928.000,1
00:37:16.62500,1928.000,1
00:37:19.64000,1928.000,3
00:37:24.53500,1927.750,1
00:37:26.06600,1928.000,1
00:37:31.37500,1928.000,3
00:37:43.10900,1928.000,1
00:37:48.08200,1928.000,1
00:37:49.56200,1928.000,1
00:37:54.81600,1928.000,2
00:37:59.36300,1928.000,2
00:38:06.55000,1928.000,5
00:38:18.28100,1928.000,3
00:38:20.53100,1927.750,1
00:38:28.57400,1927.750,70
00:38:30.01500,1927.750,2
00:38:35.31200,1927.750,1
00:38:41.72200,1927.750,2
00:38:53.45700,1927.750,1
00:38:58.22600,1927.750,10
00:38:58.46000,1927.750,3
00:39:00.29200,1928.000,137
00:39:01.10100,1928.000,5
00:39:01.88200,1928.000,5
00:39:04.29600,1928.000,1
00:39:05.18700,1928.000,1
00:39:12.24200,1928.000,1
00:39:15.57400,1928.000,7
00:39:16.89800,1928.000,3
00:39:17.53900,1928.000,3
00:39:20.55800,1928.000,5
00:39:21.50300,1928.000,1
00:39:21.87500,1928.000,1
00:39:22.45700,1928.000,3
00:39:28.26900,1928.000,2
00:39:28.62800,1928.250,1
00:39:28.78900,1928.000,1
00:39:30.00700,1928.000,4
00:39:40.36300,1928.250,2
00:39:45.71400,1928.000,2
00:39:49.43700,1928.250,11
00:39:52.09700,1928.250,9
00:39:54.67900,1928.250,32
00:40:00.89400,1928.500,17
00:40:03.80400,1928.500,3
00:40:03.91000,1928.500,24
00:40:12.55800,1928.250,59
00:40:15.53500,1928.250,2
00:40:16.87500,1928.000,54
00:40:21.56600,1927.750,18
00:40:22.63200,1927.750,10
00:40:25.84700,1927.750,16
00:40:27.26900,1927.750,2
00:40:31.72600,1927.500,2
00:40:37.51900,1927.500,1
00:40:37.71800,1927.750,1
00:40:39.00300,1927.750,3
00:40:39.86700,1927.750,1
00:40:50.71000,1927.750,3
00:41:02.44500,1927.750,1
00:41:02.64000,1927.750,38
00:41:13.47600,1928.000,11
00:41:14.17900,1928.000,2
00:41:16.79200,1928.000,8
00:41:25.88600,1928.000,3
00:41:26.35500,1928.000,8
00:41:29.69900,1927.750,7
00:41:32.68700,1927.750,1
00:41:33.36700,1927.750,1
00:41:36.10900,1927.500,2
00:41:37.62100,1927.750,1
00:41:40.30800,1927.750,1
00:41:49.35100,1927.750,3
00:41:52.78100,1927.750,2
00:41:59.80800,1927.500,1
00:42:02.38600,1927.500,4
00:42:12.79200,1927.750,3
00:42:16.90600,1927.750,1
00:42:18.21000,1927.500,9
00:42:21.25000,1927.500,1
00:42:22.94900,1927.500,1
00:42:24.52300,1927.750,2
00:42:36.25700,1927.750,2
00:42:40.11300,1927.500,51
00:42:42.56200,1927.500,1
00:42:47.96800,1927.500,1
00:42:50.92900,1927.500,1
00:42:59.70300,1927.500,3
00:43:03.47600,1927.500,66
00:43:07.11700,1927.500,20
00:43:09.96800,1927.250,3
00:43:11.43300,1927.500,1
00:43:12.63200,1927.500,55
00:43:14.41700,1927.500,1
00:43:15.62500,1927.500,9
00:43:19.91700,1927.750,7
00:43:20.80000,1927.750,6
00:43:21.86300,1927.750,6
00:43:23.16400,1928.000,2
00:43:24.54600,1927.750,2
00:43:26.25300,1927.750,2
00:43:27.05000,1927.750,2
00:43:34.87500,1927.750,1
00:43:37.87800,1927.750,1
00:43:43.67100,1927.500,5
00:43:43.77300,1927.500,28
00:43:46.60900,1927.750,1
00:43:48.92100,1927.250,2
00:43:49.64000,1927.250,1
00:43:50.16700,1927.250,1
00:43:58.13600,1927.250,6
00:43:58.33900,1927.500,3
00:44:02.41000,1927.250,25
00:44:02.41000,1927.250,2
00:44:02.77300,1927.250,3
00:44:03.63200,1927.250,1
00:44:04.45700,1927.000,6
00:44:04.79600,1927.000,2
00:44:04.85900,1927.000,1
00:44:05.04200,1927.000,1
00:44:05.19900,1927.000,15
00:44:05.36300,1926.750,25
00:44:06.28500,1926.750,1
00:44:06.57000,1927.000,2
00:44:07.74200,1926.750,1
00:44:09.41700,1926.750,1
00:44:09.85100,1926.750,38
00:44:10.07400,1927.000,2
00:44:10.41400,1926.750,1
00:44:11.28900,1927.000,9
00:44:16.41400,1927.000,5
00:44:17.78500,1927.000,7
00:44:21.78100,1927.250,2
00:44:23.20300,1927.000,2
00:44:32.81600,1927.000,1
00:44:33.51500,1927.000,3
00:44:37.67100,1927.000,2
00:44:45.25000,1927.000,1
00:44:51.93300,1926.750,1
00:44:56.95700,1927.000,2
00:45:10.41400,1926.750,3
00:45:13.37100,1926.750,84
00:45:18.43700,1926.500,10
00:45:19.10900,1926.500,1
00:45:19.77300,1926.500,15
00:45:20.42100,1926.750,2
00:45:20.82000,1926.500,4
00:45:21.30800,1926.500,19
00:45:21.55000,1926.500,1
00:45:23.77700,1926.750,1
00:45:27.16000,1926.500,3
00:45:27.53100,1926.500,2
00:45:29.21800,1926.500,2
00:45:29.84700,1926.750,57
00:45:32.15200,1927.000,1
00:45:32.68700,1926.750,2
00:45:42.77300,1926.750,1
00:45:43.86300,1926.750,1
00:45:54.28100,1926.750,4
00:45:55.59700,1927.000,1
00:46:05.05400,1926.750,5
00:46:06.55800,1927.000,1
00:46:07.32800,1927.000,1
00:46:09.18300,1926.750,3
00:46:11.92100,1926.750,3
00:46:18.52300,1926.750,1
00:46:19.06200,1927.000,3
00:46:19.72200,1927.000,1
00:46:22.23400,1926.750,4
00:46:30.77300,1926.750,1
00:46:42.50300,1926.750,1
00:46:43.74200,1926.750,11
00:46:44.92100,1926.750,10
00:46:45.69900,1926.750,12
00:46:47.27300,1926.750,1
00:46:54.23400,1927.000,3
00:47:05.30400,1926.750,11
00:47:05.94500,1927.000,2
00:47:12.18300,1927.000,1
00:47:17.73400,1927.000,3
00:47:21.20300,1927.000,1
00:47:29.41000,1927.000,1
00:47:32.24200,1927.000,2
00:47:38.07000,1927.000,35
00:47:39.88600,1927.000,68
00:47:40.07400,1927.000,1
00:47:40.44100,1926.750,2
00:47:41.14000,1927.000,3
00:47:41.48400,1926.750,1
00:47:50.06600,1926.750,33
00:47:51.62800,1926.750,1
00:47:52.38200,1926.750,1
00:47:52.85100,1926.750,2
00:47:56.03900,1926.750,36
00:47:57.80800,1926.750,1
00:48:03.37100,1926.750,19
00:48:04.58500,1927.000,2
00:48:06.87800,1926.750,5
00:48:11.16700,1926.750,3
00:48:12.01100,1926.750,12
00:48:15.36700,1927.000,23
00:48:16.16700,1927.000,11
00:48:16.31600,1927.250,5
00:48:17.54600,1927.000,14
00:48:18.25700,1927.000,4
00:48:20.46000,1927.000,6
00:48:20.96400,1927.000,2
00:48:25.23400,1927.000,3
00:48:28.05000,1927.000,2
00:48:35.70300,1926.750,3
00:48:37.43700,1926.750,5
00:48:39.75700,1927.000,3
00:48:49.29600,1926.750,22
00:48:51.49200,1926.750,3
00:48:53.67900,1926.500,1
00:49:03.22200,1926.750,4
00:49:05.68300,1926.750,36
00:49:10.40600,1926.750,2
00:49:12.09700,1926.750,1
00:49:14.93300,1926.750,2
00:49:16.20300,1926.500,91
00:49:17.51500,1926.250,11
00:49:17.71000,1926.500,1
00:49:17.90200,1926.250,26
00:49:18.02700,1926.250,2
00:49:18.14800,1926.000,21
00:49:18.22600,1926.000,1
00:49:19.19900,1926.250,2
00:49:21.47200,1926.000,3
00:49:23.51100,1926.250,2
00:49:25.01100,1926.000,57
00:49:25.87500,1926.000,1
00:49:26.25700,1926.000,1
00:49:26.66400,1926.250,2
00:49:27.10100,1926.250,2
00:49:28.34300,1926.250,5
00:49:30.48400,1926.250,1
00:49:31.67100,1926.250,1
00:49:38.39800,1926.500,1
00:49:39.04200,1926.500,38
00:49:40.82400,1926.500,9
00:49:43.21400,1926.500,2
00:49:46.08500,1926.500,2
00:49:49.74600,1926.250,1
00:49:50.12800,1926.500,3
00:49:52.02700,1926.250,1
00:49:53.68300,1926.250,1
00:50:01.83900,1926.250,45
00:50:02.30800,1926.500,3
00:50:04.76100,1926.250,2
00:50:05.64400,1926.000,2
00:50:08.32000,1926.250,4
00:50:10.40600,1926.250,1
00:50:12.09700,1926.250,1
00:50:13.57400,1926.250,7
00:50:14.53100,1926.250,6
00:50:16.07000,1926.250,4
00:50:16.80400,1926.500,1
00:50:25.08500,1926.250,3
00:50:25.30400,1926.500,2
00:50:31.93700,1926.500,34
00:50:34.10100,1926.750,1
00:50:37.03500,1926.750,2
00:50:41.23000,1926.750,1
00:50:48.75000,1926.750,1
00:50:50.37800,1926.750,4
00:50:53.69100,1926.500,3
00:50:54.35500,1926.500,2
00:50:55.37100,1926.500,2
00:51:03.05000,1926.500,15
00:51:04.54600,1926.500,1
00:51:06.01500,1926.500,1
00:51:12.21000,1926.750,1
00:51:23.92900,1926.750,12
00:51:28.43700,1926.750,9
00:51:35.65200,1927.000,2
00:51:35.82400,1926.750,2
00:51:36.35500,1926.750,1
00:51:47.38600,1927.000,3
00:51:48.38600,1927.000,1
00:51:57.24200,1926.750,1
00:51:59.12100,1927.000,5
00:52:03.21000,1926.750,7
00:52:06.80800,1926.750,3
00:52:10.82800,1926.750,1
00:52:18.46000,1926.500,1
00:52:18.82400,1926.750,7
00:52:19.09300,1926.750,1
00:52:22.26900,1926.500,2
00:52:22.56200,1926.750,2
00:52:29.50700,1926.750,4
00:52:34.04600,1926.750,10
00:52:34.29200,1927.000,1
00:52:46.02700,1927.000,2
00:52:51.83500,1927.000,1
00:52:52.92900,1926.750,4
00:52:53.13200,1926.750,3
00:52:55.73800,1926.750,7
00:52:57.73400,1927.000,2
00:53:01.25700,1926.750,1
00:53:01.92500,1926.750,4
00:53:09.46800,1927.000,3
00:53:12.49600,1926.750,7
00:53:15.06600,1926.750,1
00:53:18.60100,1926.500,1
00:53:21.19900,1926.750,2
00:53:28.01100,1926.750,1
00:53:31.07400,1926.750,9
00:53:32.91000,1926.750,2
00:53:44.64000,1926.750,1
00:53:48.24600,1926.750,10
00:53:48.69900,1927.000,1
00:53:56.37500,1927.000,1
00:54:06.37800,1927.000,11
00:54:08.10900,1927.250,3
00:54:08.42500,1927.000,1
00:54:15.59700,1927.000,1
00:54:19.81600,1927.250,2
00:54:20.48000,1927.000,1
00:54:21.64000,1926.750,4
00:54:28.05000,1926.750,1
00:54:31.58500,1927.000,12
00:54:43.28100,1927.250,2
00:54:46.06600,1927.000,11
00:54:55.01100,1927.000,1
00:54:59.28100,1927.000,1
00:55:01.00300,1927.000,2
00:55:01.35900,1926.750,26
00:55:05.89000,1926.500,3
00:55:06.72600,1926.750,1
00:55:18.45700,1926.750,3
00:55:23.83500,1926.750,1
00:55:30.18700,1926.750,2
00:55:30.48800,1926.500,12
00:55:33.80800,1926.500,1
00:55:34.00000,1926.250,1
00:55:34.08500,1926.250,2
00:55:36.00300,1926.500,1
00:55:39.35900,1926.500,4
00:55:40.82400,1926.500,2
00:55:41.89800,1926.500,1
00:55:51.61300,1926.500,3
00:55:53.63200,1926.750,2
00:55:59.65200,1926.500,1
00:56:03.38200,1926.250,2
00:56:05.36300,1926.500,3
00:56:15.31200,1926.500,5
00:56:17.09700,1926.500,1
00:56:18.76900,1926.500,1
00:56:21.14000,1926.250,5
00:56:28.16000,1926.250,48
00:56:28.80400,1926.250,2
00:56:35.28500,1926.250,1
00:56:37.26900,1926.000,9
00:56:40.53900,1926.250,3
00:56:40.67500,1926.250,54
00:56:40.68700,1926.250,9
00:56:52.26900,1926.250,3
00:56:59.76500,1926.250,1
00:57:01.37500,1926.500,54
00:57:03.32800,1926.500,11
00:57:04.00000,1926.750,3
00:57:05.16700,1926.500,1
00:57:09.38600,1926.750,10
00:57:12.75300,1926.750,1
00:57:16.71000,1926.750,3
00:57:20.40200,1926.500,1
00:57:26.18300,1926.500,21
00:57:26.30000,1926.500,8
00:57:31.73000,1926.250,2
00:57:35.24600,1926.250,1
00:57:42.89800,1926.250,31
00:58:05.32000,1926.500,25
00:58:11.46400,1926.500,2
00:58:11.91700,1926.500,1
00:58:12.82000,1926.750,10
00:58:15.05000,1926.750,11
00:58:15.71800,1926.750,6
00:58:16.59300,1926.750,1
00:58:23.77700,1926.500,2
00:58:26.62800,1926.500,11
00:58:27.09700,1926.750,2
00:58:27.19900,1926.500,3
00:58:28.69100,1926.750,10
00:58:34.13200,1926.750,11
00:58:36.37800,1926.750,1
00:58:48.28500,1926.500,1
00:59:03.24200,1926.500,5
00:59:07.20300,1926.500,1
00:59:13.44500,1926.750,6
00:59:24.30400,1926.500,2
00:59:26.15600,1926.500,15
00:59:27.00000,1926.750,119
00:59:32.84300,1927.000,2
00:59:42.36700,1927.000,2
00:59:43.11300,1927.000,1
00:59:46.53100,1927.000,2
00:59:56.11700,1927.000,36
00:59:56.59300,1926.750,1
00:59:58.77300,1926.750,2
00:59:59.88200,1926.750,48
01:00:00.45700,1926.500,0
01:00:00.90200,1926.500,30
01:00:01.65200,1926.250,2
01:00:03.53900,1926.250,2
01:00:04.37800,1926.250,2
01:00:04.68700,1926.250,5
01:00:05.49600,1926.250,14
01:00:05.57000,1926.250,20
01:00:06.66700,1926.250,3
01:00:06.84700,1926.250,8
01:00:09.23400,1926.250,2
01:00:10.01900,1926.000,22
01:00:10.02300,1926.000,24
01:00:10.85500,1926.000,6
01:00:15.84300,1926.000,1
01:00:18.17900,1926.000,1
01:00:20.59300,1926.000,25
01:00:21.10100,1926.000,4
01:00:21.59300,1926.250,5
01:00:26.26100,1926.250,10
01:00:30.77700,1926.250,1
01:00:33.85900,1926.250,1
01:00:42.07400,1926.250,1
01:00:48.29600,1926.000,2
01:00:49.73400,1926.000,5
01:00:50.22200,1926.250,4
01:00:50.42100,1926.000,8
01:00:58.46800,1926.000,16
01:01:04.41400,1925.750,6
01:01:07.64400,1925.750,1
01:01:16.01900,1926.000,4
01:01:17.07800,1926.000,1
01:01:19.05000,1926.000,1
01:01:25.31200,1925.750,2
01:01:26.88200,1925.750,42
01:01:27.50700,1925.500,55
01:01:29.48400,1925.500,1
01:01:31.88600,1925.500,1
01:01:32.95700,1925.500,2
01:01:37.04600,1925.500,2
01:01:37.29600,1925.750,1
01:01:39.95700,1925.500,21
01:01:42.76900,1925.500,2
01:01:44.37100,1925.500,2
01:01:47.08500,1925.750,12
01:01:49.02300,1925.750,5
01:01:50.08900,1925.750,10
01:01:55.07800,1925.500,13
01:01:56.67500,1925.750,5
01:01:56.81200,1925.750,1
01:01:57.71000,1925.750,18
01:01:58.21800,1925.750,3
01:02:02.59300,1926.000,2
01:02:11.38200,1925.750,17
01:02:12.42500,1925.750,9
01:02:14.02300,1925.750,1
01:02:14.32800,1925.750,2
01:02:19.66700,1925.750,4
01:02:20.41400,1925.750,5
01:02:20.89400,1925.500,20
01:02:26.49200,1925.500,12
01:02:27.68300,1925.750,16
01:02:28.62100,1925.750,5
01:02:28.76500,1925.750,2
01:02:32.29600,1926.000,1
01:02:43.35100,1926.000,1
01:02:43.65200,1926.000,29
01:02:48.76900,1926.250,1
01:02:50.96000,1926.250,1
01:02:52.60900,1926.250,16
01:02:56.46400,1926.250,1
01:03:02.48800,1926.500,48
01:03:03.63600,1926.500,2
01:03:03.75000,1926.500,1
01:03:03.94100,1926.500,8
01:03:04.35100,1926.750,6
01:03:04.53900,1926.750,1
01:03:06.43700,1926.500,1
01:03:07.77300,1926.500,1
01:03:08.07800,1926.500,1
01:03:08.32800,1926.500,18
01:03:20.35500,1926.250,24
01:03:22.47600,1926.250,1
01:03:30.72600,1926.250,1
01:03:34.49200,1926.250,2
01:03:43.04200,1926.250,2
01:03:49.80400,1926.250,4
01:03:50.29600,1926.250,2
01:03:50.50700,1926.250,1
01:03:51.96000,1926.250,1
01:03:54.23800,1926.500,23
01:04:05.31200,1926.750,2
01:04:06.59300,1926.500,27
01:04:18.52700,1926.500,12
01:04:20.02700,1926.750,3
01:04:20.46800,1926.500,20
01:04:20.82400,1926.500,3
01:04:21.61300,1926.500,3
01:04:23.60900,1926.250,1
01:04:30.48400,1926.250,1
01:04:42.16400,1926.500,8
01:05:07.31200,1926.500,2
01:05:07.90600,1926.250,1
01:05:11.30400,1926.250,1
01:05:13.60100,1926.500,1
01:05:13.84300,1926.500,1
01:05:16.74200,1926.250,22
01:05:17.13200,1926.250,1
01:05:18.65600,1926.500,50
01:05:20.44900,1926.250,20
01:05:23.32800,1926.250,20
01:05:43.26100,1926.000,1
01:05:50.57800,1926.000,47
01:05:54.56600,1926.000,1
01:05:58.35900,1926.250,8
01:06:13.08200,1926.500,2
01:06:13.52300,1926.500,2
01:06:20.01900,1926.500,5
01:06:20.46000,1926.250,9
01:06:33.18300,1926.000,7
01:06:39.75700,1926.000,9
01:06:47.37500,1926.000,1
01:06:53.12100,1926.250,12
01:06:56.01100,1926.250,1
01:06:58.00700,1926.250,1
01:06:58.16000,1926.250,1
01:07:13.11300,1926.500,29
01:07:17.61300,1926.500,1
01:07:20.01500,1926.750,5
01:07:20.41400,1926.500,14
01:07:20.62500,1926.500,4
01:07:21.81200,1926.500,5
01:07:22.38600,1926.500,1
01:07:36.61300,1926.500,6
01:07:38.28500,1926.500,2
01:07:56.19100,1926.750,21
01:07:57.82400,1927.000,11
01:08:09.05800,1926.750,6
01:08:09.76500,1926.750,1
01:08:18.75700,1926.750,3
01:08:20.01500,1927.000,5
01:08:20.38600,1926.750,6
01:08:24.25000,1926.750,1
01:08:40.53100,1926.750,1
01:08:42.87100,1927.000,1
01:08:45.50000,1926.750,1
01:08:49.69100,1927.000,1
01:08:50.01500,1927.250,46
01:08:50.10100,1927.250,5
01:08:53.19500,1927.000,1
01:08:53.73000,1927.000,12
01:08:55.04600,1927.000,2
01:08:56.70300,1927.000,1
01:08:58.89000,1927.000,4
01:09:12.01500,1927.000,1
01:09:17.00000,1927.250,1
01:09:20.01100,1927.250,8
01:09:20.42900,1927.000,5
01:09:24.07400,1927.250,2
01:09:29.05400,1927.250,1
01:09:30.08200,1927.250,23
01:09:32.90600,1927.250,1
01:09:34.60500,1927.250,2
01:09:45.83500,1927.250,1
01:09:50.01500,1927.500,9
01:09:50.25000,1927.500,1
01:09:54.16700,1927.500,12
01:09:57.30400,1927.250,2
01:09:58.06600,1927.250,14
01:10:00.84300,1927.000,5
01:10:02.92100,1927.250,6
01:10:05.55400,1927.500,12
01:10:06.83900,1927.500,1
01:10:07.62500,1927.500,8
01:10:08.71000,1927.500,1
01:10:08.95700,1927.500,1
01:10:09.47600,1927.500,9
01:10:11.28900,1927.500,1
01:10:18.57800,1927.500,1
01:10:21.05800,1927.500,2
01:10:22.93300,1927.250,3
01:10:30.72600,1927.500,6
01:10:32.84300,1927.500,1
01:10:37.65200,1927.500,2
01:10:41.80800,1927.500,12
01:10:43.07000,1927.500,4
01:10:48.76100,1927.750,2
01:10:56.15600,1927.500,13
01:10:59.15600,1927.500,1
01:10:59.62800,1927.500,1
01:11:01.53500,1927.500,2
01:11:03.32400,1927.500,1
01:11:04.33200,1927.500,1
01:11:04.64000,1927.500,2
01:11:10.97200,1927.500,1
01:11:13.32800,1927.500,1
01:11:20.41400,1927.500,7
01:11:25.03500,1927.500,1
01:11:32.54600,1927.500,1
01:11:37.20700,1927.500,1
01:11:41.23400,1927.500,15
01:11:42.15200,1927.500,2
01:11:42.94500,1927.500,1
01:11:50.01500,1927.750,5
01:11:55.71800,1927.750,1
01:12:08.97200,1927.750,2
01:12:11.86300,1927.250,9
01:12:13.83500,1927.500,2
01:12:18.59300,1927.500,10
01:12:19.03900,1927.500,1
01:12:20.40600,1927.500,5
01:12:20.61700,1927.500,2
01:12:21.32400,1927.500,4
01:12:33.81600,1927.500,3
01:12:34.58500,1927.500,1
01:12:39.95700,1927.250,3
01:12:53.30000,1927.250,1
01:12:59.07400,1927.250,2
01:13:06.85900,1927.250,17
01:13:07.62100,1927.250,1
01:13:11.16700,1927.000,4
01:13:36.16400,1927.000,5
01:13:37.08500,1927.250,1
01:13:50.02300,1927.250,9
01:13:53.68300,1927.250,5
01:14:02.78900,1927.250,6
01:14:04.85500,1927.000,27
01:14:22.86300,1927.250,2
01:14:23.05800,1927.000,1
01:14:24.78500,1927.250,12
01:14:40.79600,1927.250,4
01:14:45.29200,1927.250,52
01:15:00.89400,1927.500,10
01:15:18.70700,1927.500,2
01:15:18.91000,1927.500,1
01:15:21.43300,1927.750,1
01:15:33.58900,1927.750,2
01:15:37.88600,1927.750,5
01:15:43.96000,1927.500,1
01:16:20.33200,1927.250,267
01:16:32.00700,1927.250,1
01:16:32.55000,1927.000,1
01:16:33.88600,1927.250,4
01:16:35.80400,1927.250,3
01:16:38.88600,1927.250,1
01:17:25.22200,1926.750,49
01:17:25.96800,1926.750,1
01:17:27.57400,1926.750,1
01:17:28.00700,1926.750,1
01:17:33.28100,1926.500,88
01:17:33.64400,1926.500,2
01:17:40.50300,1926.250,1
01:17:42.23800,1926.250,36
01:17:45.36300,1926.000,4
01:17:47.75700,1926.000,2
01:17:49.06600,1926.000,1
01:17:52.53900,1926.000,41
01:17:57.55000,1926.000,36
01:17:57.87800,1926.000,4
01:18:01.49600,1926.000,16
01:18:03.64400,1926.000,9
01:18:04.58200,1926.000,7
01:18:04.64000,1926.000,1
01:18:08.14000,1926.000,5
01:18:14.00000,1926.250,23
01:18:15.70700,1926.250,1
01:18:20.69500,1926.000,33
01:18:33.60500,1926.000,1
01:18:35.68300,1926.000,10
01:18:38.05800,1926.250,1
01:18:38.73400,1926.000,1
01:18:44.06600,1926.250,1
01:18:48.14800,1926.000,2
01:18:48.71000,1926.000,2
01:18:49.85900,1926.250,1
01:18:50.64000,1926.000,1
01:18:54.30000,1926.000,1
01:19:10.71400,1926.000,5
01:19:12.36300,1926.000,1
01:19:13.59700,1926.000,5
01:19:20.59300,1926.250,2
01:19:21.01900,1926.000,1
01:19:21.47600,1926.000,1
01:19:37.03900,1926.250,19
01:19:37.84700,1926.500,18
01:19:38.80000,1926.500,2
01:19:43.04600,1926.250,7
01:19:49.00700,1926.250,1
01:20:22.63600,1926.250,2
01:20:26.33900,1926.500,1
01:20:49.87100,1926.250,1
01:21:16.58900,1926.250,8
01:21:39.53100,1926.500,1
01:21:40.42500,1926.250,1
01:21:51.70300,1926.500,25
01:21:54.15200,1926.500,1
01:21:58.20300,1926.500,1
01:22:17.51500,1926.500,19
01:22:36.32000,1926.250,1
01:22:46.49600,1926.250,3
01:23:20.19900,1926.250,9
01:23:34.47200,1926.250,1
01:23:44.73000,1926.250,12
01:24:31.66400,1926.250,2
01:24:34.40600,1926.250,2
01:24:37.22200,1926.250,1
01:24:40.17500,1926.500,4
01:24:49.18700,1926.500,1
01:25:07.72600,1926.500,4
01:25:10.32000,1926.250,2
01:25:10.85500,1926.250,1
01:25:28.07800,1926.250,1
01:25:37.51500,1926.250,1
01:25:40.64000,1926.500,1
01:25:46.29200,1926.250,2
01:25:53.42500,1926.250,1
01:26:34.66000,1926.500,5
01:26:37.12100,1926.500,1
01:26:49.09300,1926.250,2
01:27:15.35500,1926.500,2
01:27:18.19500,1926.250,61
01:27:21.03500,1926.250,1
01:27:32.91700,1926.250,1
01:27:35.75000,1926.250,1
01:27:56.42100,1926.250,1
01:28:28.14000,1926.000,4
01:28:29.18700,1926.000,1
01:28:33.23800,1926.000,1
01:28:57.16400,1926.250,19
01:28:58.69500,1926.000,2
01:29:16.27300,1926.250,2
01:29:22.13600,1926.250,1
01:29:25.90200,1926.250,1
01:29:34.89400,1926.250,9
01:30:01.50700,1926.250,11
01:30:06.89800,1926.250,1
01:30:41.31200,1926.250,14
01:30:53.92900,1926.000,9
01:31:05.71400,1925.750,187
01:31:05.77300,1926.000,3
01:31:08.91700,1926.000,2
01:31:29.33200,1925.750,2
01:31:55.68300,1925.750,40
01:31:56.03900,1925.750,33
01:32:00.40600,1925.750,3
01:32:01.14800,1925.500,1
01:32:02.32400,1925.500,3
01:32:07.14400,1925.750,166
01:32:15.35100,1925.500,2
01:32:16.95700,1925.500,1
01:32:28.76500,1925.500,3
01:32:39.24600,1925.750,1
01:32:41.94100,1925.500,3
01:32:42.87100,1925.750,1
01:32:47.38600,1925.500,26
01:32:48.37800,1925.500,12
01:32:48.48000,1925.500,5
01:32:50.57400,1925.250,1
01:32:54.36300,1925.250,2
01:32:54.53900,1925.500,1
01:32:55.67900,1925.500,1
01:33:09.02300,1925.500,2
01:33:15.02300,1925.500,14
01:33:20.19100,1925.500,1
01:33:20.27300,1925.500,4
01:33:28.62100,1925.500,2
01:33:33.47600,1925.500,9
01:33:36.22200,1925.250,2
01:33:39.61700,1925.250,50
01:33:40.16700,1925.250,1
01:33:44.96800,1925.250,1
01:33:48.05000,1925.250,1
01:33:49.50000,1925.250,48
01:34:01.35900,1925.250,1
01:34:07.41700,1925.250,10
01:34:09.16700,1925.250,11
01:34:10.04200,1925.000,14
01:34:10.78100,1925.250,3
01:34:14.82000,1925.000,97
01:34:15.08200,1925.000,2
01:34:15.28500,1924.750,1
01:34:16.14400,1925.000,1
01:34:16.75000,1924.750,1
01:34:17.42500,1924.750,1
01:34:18.95300,1924.750,1
01:34:19.37800,1924.750,2
01:34:21.82000,1925.000,1
01:34:24.86700,1925.000,1
01:34:25.32400,1925.000,1
01:34:25.44500,1925.000,8
01:34:26.27300,1925.000,3
01:34:28.00700,1925.000,1
01:34:29.41400,1925.250,1
01:34:31.17900,1925.250,1
01:34:31.82000,1925.000,2
01:34:36.05000,1925.000,2
01:34:39.13600,1925.000,2
01:34:41.26100,1925.250,4
01:34:57.52700,1925.250,2
01:34:59.62100,1925.000,1
01:35:00.85500,1925.250,10
01:35:01.90200,1925.250,1
01:35:02.74600,1925.250,3
01:35:03.51500,1925.250,1
01:35:04.75700,1925.250,5
01:35:05.70700,1925.250,10
01:35:10.01500,1925.250,2
01:35:11.13200,1925.250,1
01:35:11.35900,1925.250,1
01:35:11.68700,1925.250,1
01:35:17.23400,1925.250,4
01:35:25.24600,1925.250,2
01:35:27.00000,1925.500,2
01:35:28.66400,1925.500,2
01:35:33.93300,1925.250,1
01:35:38.83500,1925.250,1
01:35:53.02700,1925.500,1
01:35:54.47600,1925.500,1
01:36:12.90600,1925.500,39
01:36:15.38200,1925.500,1
01:36:17.58200,1925.500,1
01:36:19.79600,1925.750,10
01:36:20.89400,1925.750,6
01:36:25.16400,1925.750,1
01:36:25.52700,1925.750,3
01:36:29.80800,1925.750,3
01:36:34.31200,1925.750,1
01:36:37.05000,1925.750,1
01:36:39.25300,1925.750,1
01:36:42.24200,1926.000,2
01:36:59.96000,1925.500,50
01:37:37.26900,1925.750,61
01:37:38.20300,1925.750,1
01:37:51.74200,1925.500,1
01:37:58.21400,1925.750,11
01:38:03.96000,1925.500,8
01:38:05.91400,1925.500,1
01:38:12.72600,1925.750,2
01:38:52.05800,1925.500,2
01:38:52.57800,1925.500,4
01:38:54.87500,1925.500,1
01:38:55.75000,1925.500,1
01:39:47.13600,1925.500,39
01:40:15.15600,1925.500,21
01:40:15.73400,1925.500,1
01:40:34.92100,1925.750,3
01:41:03.01100,1925.500,11
01:41:13.43300,1925.500,2
01:41:15.37500,1925.500,1
01:41:17.12800,1925.500,2
01:41:17.86700,1925.500,1
01:41:19.54600,1925.500,1
01:41:33.33900,1925.500,1
01:41:39.09700,1925.500,13
01:41:53.52300,1925.500,4
01:41:57.85900,1925.750,1
01:42:19.06600,1925.500,3
01:42:31.64000,1925.750,33
01:42:34.00700,1925.750,4
01:42:41.05400,1925.750,1
01:43:03.08900,1925.750,3
01:43:03.81200,1925.750,10
01:43:15.08500,1925.750,1
01:43:28.95300,1926.000,17
01:43:29.24600,1926.000,1
01:43:45.53500,1926.000,1
01:43:50.37500,1926.000,1
01:43:56.80800,1926.000,2
01:44:09.70300,1925.500,58
01:44:11.31200,1925.500,1
01:44:12.17900,1925.500,5
01:44:13.93700,1925.750,1
01:44:20.41700,1925.500,4
01:44:23.06600,1925.500,1
01:44:30.11700,1925.500,1
01:44:35.94100,1925.500,17
01:44:46.80800,1925.500,13
01:44:53.47600,1925.500,7
01:45:04.04200,1925.500,30
01:45:07.67900,1925.500,2
01:45:08.96400,1925.500,1
01:45:09.80000,1925.750,34
01:45:19.36700,1925.500,12
01:45:24.13600,1925.750,2
01:45:34.80400,1925.750,40
01:45:37.44500,1925.750,1
01:46:11.32000,1926.000,7
01:46:12.13200,1925.750,8
01:46:14.36700,1925.500,1
01:46:20.62500,1925.750,2
01:46:22.05800,1925.500,2
01:47:08.67500,1925.750,11
01:47:37.01100,1925.750,1
01:47:48.10900,1925.750,2
01:47:57.93300,1925.750,1
01:47:58.87500,1925.750,5
01:48:18.15600,1925.500,15
01:48:25.40600,1925.500,44
01:48:34.34300,1925.500,43
01:48:40.40600,1925.500,1
01:48:50.03500,1925.500,23
01:49:00.64400,1925.500,5
01:49:14.14800,1925.250,1
01:49:14.53900,1925.500,1
01:49:14.87500,1925.250,45
01:49:16.04200,1925.000,3
01:49:20.02300,1925.000,2
01:49:21.51100,1925.250,7
01:49:33.11300,1925.250,31
01:49:34.74200,1925.000,2
01:49:57.64800,1925.000,1
01:50:21.71400,1925.250,2
01:50:24.01100,1925.250,1
01:50:55.33500,1925.250,1
01:51:22.16700,1925.250,7
01:51:27.95700,1925.250,1
01:51:36.68300,1925.250,1
01:51:54.22200,1925.250,6
01:53:10.65200,1925.500,19
01:53:20.01100,1925.750,5
01:53:25.39800,1925.750,1
01:53:31.18300,1925.500,1
01:53:32.41000,1925.500,1
01:53:45.19900,1925.750,19
01:53:46.37100,1925.750,1
01:53:50.01100,1925.750,5
01:53:56.86300,1925.750,5
01:54:06.60500,1925.500,2
01:54:07.40600,1925.500,1
01:54:11.60500,1925.500,1
01:54:12.38200,1925.500,1
01:54:13.52700,1925.500,40
01:54:20.02700,1925.750,1
01:54:22.75300,1925.500,5
01:54:25.07400,1925.500,39
01:54:32.02700,1925.500,1
01:55:15.09300,1925.000,25
01:55:18.40600,1925.000,22
01:55:24.38200,1925.000,30
01:55:31.38600,1925.000,1
01:55:35.23800,1925.000,1
01:55:41.14000,1925.000,2
01:55:41.82400,1925.000,3
01:55:44.14000,1925.250,1
01:55:45.27300,1925.000,1
01:55:47.70300,1925.000,1
01:55:48.56200,1925.000,15
01:55:50.12100,1924.750,3
01:55:51.43700,1924.750,1
01:55:51.66000,1924.750,6
01:55:54.44100,1925.000,2
01:55:57.18700,1925.000,3
01:56:02.76500,1925.000,6
01:56:11.69900,1924.750,2
01:56:18.85500,1924.750,1
01:56:25.18700,1925.000,1
01:56:27.19500,1925.000,6
01:56:28.08500,1925.000,1
01:56:28.38200,1924.750,1
01:56:30.44900,1925.000,1
01:56:39.00700,1925.000,1
01:56:40.83500,1925.000,1
01:56:50.01500,1925.000,15
01:56:51.07800,1925.000,4
01:57:11.07000,1925.000,30
01:57:20.23800,1925.250,3
01:57:21.69900,1925.000,4
01:57:25.77300,1925.000,1
01:57:33.93700,1925.000,10
01:57:35.19900,1925.000,3
01:57:47.39400,1925.000,1
01:57:50.47200,1925.000,6
01:57:57.49600,1925.000,1
01:58:07.53900,1924.750,2
01:58:15.23400,1924.750,1
01:58:21.43300,1925.000,1
01:58:23.11700,1925.000,2
01:58:28.51100,1924.750,8
01:58:41.16400,1924.750,1
01:58:45.79200,1924.750,1
01:58:48.38200,1924.750,2
01:58:49.01900,1924.750,1
01:58:56.61700,1925.000,23
01:59:30.12100,1924.750,4
01:59:42.92100,1924.750,1
01:59:44.07000,1924.750,1
01:59:44.29200,1924.750,6
01:59:44.75700,1925.000,1
01:59:48.93300,1925.000,1
01:59:50.02700,1925.000,7
01:59:51.48800,1924.750,1
02:00:00.54600,1924.750,0
02:00:01.41400,1924.750,20
02:00:01.54600,1924.500,86
02:00:01.63600,1924.500,2
02:00:01.82800,1924.500,3
02:00:01.89400,1924.500,2
02:00:02.06200,1924.500,31
02:00:03.27300,1924.750,1
02:00:03.60100,1924.500,1
02:00:03.97200,1924.500,3
02:00:04.15600,1924.750,1
02:00:04.73000,1924.500,92
02:00:05.11300,1924.500,10
02:00:05.82800,1924.250,15
02:00:06.27700,1924.250,1
02:00:06.51100,1924.250,1
02:00:06.74200,1924.250,2
02:00:07.03900,1924.250,60
02:00:07.42100,1924.250,17
02:00:07.67100,1924.250,1
02:00:07.85100,1924.250,12
02:00:09.16000,1924.250,1
02:00:09.49200,1924.250,3
02:00:09.57000,1924.250,5
02:00:09.67500,1924.250,2
02:00:09.92500,1924.250,2
02:00:10.85500,1924.250,2
02:00:11.23800,1924.250,24
02:00:12.21000,1924.250,7
02:00:12.84300,1924.250,4
02:00:13.35100,1924.250,6
02:00:13.62500,1924.250,1
02:00:14.61700,1924.250,2
02:00:14.83900,1924.250,16
02:00:15.07800,1924.250,1
02:00:15.69900,1924.250,5
02:00:16.71000,1924.250,8
02:00:20.87100,1924.250,1
02:00:23.19100,1924.250,46
02:00:23.50700,1924.000,66
02:00:23.85900,1924.000,5
02:00:25.00700,1924.000,2
02:00:25.58900,1924.000,1
02:00:25.76900,1924.000,2
02:00:25.93300,1924.000,1
02:00:26.19900,1924.000,1
02:00:26.53900,1924.000,3
02:00:31.01900,1924.000,2
02:00:31.82800,1924.000,2
02:00:32.73000,1924.000,1
02:00:33.32000,1924.250,1
02:00:34.21400,1924.000,1
02:00:34.56200,1924.000,4
02:00:36.35500,1924.250,1
02:00:42.85500,1924.000,1
02:00:47.46800,1924.250,1
02:00:51.36300,1924.000,1
02:00:51.82000,1924.250,12
02:00:53.91700,1924.250,1
02:00:56.39000,1924.250,1
02:00:57.26500,1924.000,4
02:00:58.17900,1924.000,2
02:00:59.19900,1924.250,2
02:00:59.30400,1924.000,1
02:01:00.87100,1924.500,66
02:01:01.06600,1924.250,17
02:01:01.48000,1924.250,3
02:01:02.28500,1924.250,1
02:01:03.00300,1924.000,1
02:01:03.06600,1924.000,7
02:01:04.28900,1924.250,1
02:01:05.11300,1924.000,2
02:01:06.83900,1924.000,5
02:01:07.87100,1924.250,1
02:01:08.58500,1924.250,1
02:01:11.65600,1924.250,36
02:01:12.01500,1924.250,13
02:01:12.11700,1924.250,1
02:01:16.13200,1924.250,3
02:01:20.03500,1924.500,35
02:01:20.23800,1924.250,1
02:01:20.75300,1924.500,10
02:01:21.91000,1924.500,18
02:01:24.27700,1924.500,16
02:01:24.42100,1924.500,39
02:01:24.51500,1924.500,16
02:01:25.80400,1924.500,6
02:01:26.08500,1924.250,1
02:01:26.56200,1924.500,1
02:01:28.03500,1924.500,18
02:01:29.32400,1924.500,1
02:01:30.33200,1924.500,1
02:01:33.94100,1924.500,34
02:01:34.57800,1924.500,1
02:01:42.43300,1924.500,1
02:01:44.88200,1924.250,1
02:01:46.64000,1924.250,35
02:01:47.18300,1924.250,1
02:01:47.28100,1924.250,1
02:01:49.82400,1924.250,1
02:01:50.59300,1924.250,1
02:01:51.17900,1924.250,1
02:01:58.17900,1924.500,54
02:01:58.41700,1924.500,3
02:01:59.93700,1924.250,1
02:02:04.25700,1924.500,2
02:02:06.22200,1924.500,7
02:02:11.31200,1924.500,24
02:02:13.33200,1924.500,70
02:02:14.69500,1924.250,2
02:02:14.96800,1924.250,5
02:02:14.96800,1924.250,2
02:02:16.31200,1924.250,5
02:02:16.48800,1924.000,2
02:02:18.88600,1924.250,1
02:02:20.47200,1924.250,22
02:02:20.59300,1924.250,4
02:02:22.20700,1924.250,3
02:02:22.37500,1924.250,4
02:02:24.46000,1924.250,30
02:02:24.64400,1924.000,8
02:02:24.82400,1924.250,5
02:02:30.50700,1924.250,1
02:02:34.56600,1924.500,44
02:02:34.77300,1924.500,1
02:02:34.89000,1924.500,2
02:02:35.93300,1924.500,12
02:02:39.62500,1924.500,12
02:02:44.27300,1924.500,1
02:02:46.26900,1924.500,10
02:02:47.37500,1924.750,48
02:02:48.96400,1925.000,2
02:02:50.06600,1924.750,6
02:02:51.07000,1924.500,5
02:02:53.65200,1924.750,6
02:02:54.41400,1924.500,1
02:03:05.64400,1925.000,116
02:03:06.26100,1924.750,5
02:03:08.37500,1924.750,4
02:03:13.83900,1925.000,47
02:03:15.76100,1925.000,26
02:03:20.88200,1925.000,1
02:03:21.64000,1925.000,3
02:03:21.92100,1925.250,1
02:03:24.25700,1925.250,18
02:03:24.45700,1925.000,1
02:03:27.63200,1925.000,181
02:03:28.78500,1925.000,1
02:03:34.84300,1925.000,20
02:03:40.51100,1925.000,2
02:03:43.28500,1925.000,5
02:03:44.54600,1925.000,29
02:03:46.16700,1925.000,1
02:03:47.83500,1925.000,2
02:03:50.21800,1925.000,20
02:03:51.57400,1925.000,10
02:03:54.36700,1925.000,1
02:03:54.44500,1925.000,8
02:04:03.23800,1925.000,9
02:04:07.67100,1925.000,2
02:04:08.51900,1925.000,1
02:04:10.43700,1925.000,4
02:04:16.29600,1925.000,1
02:04:17.78500,1925.000,8
02:04:22.77300,1925.000,2
02:04:23.51900,1925.000,1
02:04:29.27300,1925.000,4
02:04:36.45700,1924.750,5
02:04:36.87500,1924.750,3
02:04:38.39000,1924.750,2
02:04:42.05800,1924.750,4
02:04:42.15200,1924.750,2
02:04:42.66000,1924.750,38
02:04:44.92500,1924.750,30
02:04:58.55000,1925.000,11
02:04:58.55000,1925.000,2
02:05:02.64800,1924.750,12
02:05:12.56200,1924.750,1
02:05:12.93300,1924.750,1
02:05:14.81600,1924.750,31
02:05:19.86700,1924.500,31
02:05:20.46000,1924.500,1
02:05:20.89000,1924.500,27
02:05:21.23000,1924.500,2
02:05:24.67100,1924.500,21
02:05:29.58900,1924.500,5
02:05:30.37100,1924.500,2
02:05:31.19100,1924.750,1
02:05:31.95700,1924.500,11
02:05:43.75300,1924.250,1
02:05:44.26500,1924.500,10
02:05:49.40200,1924.500,5
02:05:58.12800,1924.500,5
02:06:01.24600,1924.500,34
02:06:01.89400,1924.500,9
02:06:01.95700,1924.250,8
02:06:02.83500,1924.500,1
02:06:04.46800,1924.250,22
02:06:07.84700,1924.250,8
02:06:10.06200,1924.000,2
02:06:13.46000,1924.000,10
02:06:14.57400,1924.000,1
02:06:17.50700,1924.000,182
02:06:17.54600,1923.750,16
02:06:17.77700,1923.750,1
02:06:18.79600,1923.750,3
02:06:19.06200,1924.000,39
02:06:20.30400,1924.000,22
02:06:20.60900,1924.000,11
02:06:23.73800,1924.000,6
02:06:29.25700,1923.750,1
02:06:31.85900,1923.750,3
02:06:32.02300,1924.000,20
02:06:33.84700,1924.000,2
02:06:35.50700,1923.750,5
02:06:37.50000,1924.000,7
02:06:37.64800,1924.000,9
02:06:38.42100,1924.000,9
02:06:39.80800,1923.750,50
02:06:40.31200,1923.750,4
02:06:40.89000,1923.500,25
02:06:40.96400,1923.500,1
02:06:42.39800,1923.750,1
02:06:45.37800,1923.500,1
02:06:49.12100,1923.750,1
02:06:50.04600,1923.500,2
02:06:52.75000,1923.500,26
02:06:52.91400,1923.500,4
02:06:53.50300,1923.500,1
02:06:56.85100,1923.500,1
02:06:57.16700,1923.500,4
02:06:57.49200,1923.750,3
02:07:00.57800,1923.750,132
02:07:00.91400,1923.750,1
02:07:01.57000,1923.500,12
02:07:01.60500,1923.500,1
02:07:01.80400,1923.500,1
02:07:03.03900,1923.500,2
02:07:03.33900,1923.750,2
02:07:03.58200,1923.750,20
02:07:04.08900,1923.750,5
02:07:05.97200,1923.750,1
02:07:07.10500,1924.000,1
02:07:07.14000,1923.750,3
02:07:07.95300,1923.750,6
02:07:10.16700,1923.750,1
02:07:16.21400,1923.750,52
02:07:16.95700,1923.750,10
02:07:17.36300,1923.750,2
02:07:17.75000,1923.750,1
02:07:18.39800,1923.750,3
02:07:18.58900,1923.750,6
02:07:20.06600,1923.750,3
02:07:20.28900,1924.000,3
02:07:21.87100,1923.750,21
02:07:23.44500,1923.500,6
02:07:24.71800,1923.750,1
02:07:25.35500,1923.750,13
02:07:28.21800,1923.750,1
02:07:31.78500,1923.750,4
02:07:33.44900,1923.750,5
02:07:36.39000,1923.500,44
02:07:37.44100,1923.500,1
02:07:40.77300,1923.500,1
02:07:42.06200,1923.500,1
02:07:47.01100,1923.500,1
02:07:53.94100,1923.500,2
02:07:58.12800,1923.750,1
02:08:01.83200,1923.500,20
02:08:12.84700,1923.750,10
02:08:17.80400,1923.750,1
02:08:18.76100,1923.750,20
02:08:20.69900,1923.750,13
02:08:26.16000,1923.750,2
02:08:26.67500,1923.750,1
02:08:29.77300,1923.750,7
02:08:31.71800,1923.750,1
02:08:34.69900,1923.750,8
02:08:35.62800,1923.750,4
02:08:36.56200,1923.750,5
02:08:45.44100,1923.750,4
02:08:48.62100,1923.750,1
02:08:52.31200,1924.000,1
02:08:52.46400,1924.000,1
02:08:56.79200,1923.750,4
02:08:58.66400,1924.000,1
02:09:06.14400,1924.000,7
02:09:06.74600,1924.000,43
02:09:07.87100,1924.000,1
02:09:12.08500,1924.250,3
02:09:15.07400,1924.250,33
02:09:15.33500,1924.000,2
02:09:17.29200,1924.000,11
02:09:20.73800,1924.000,1
02:09:28.77700,1924.250,21
02:09:29.46000,1924.250,2
02:09:30.67500,1924.500,1
02:09:31.39000,1924.250,1
02:09:34.07800,1924.250,7
02:09:39.17900,1924.250,19
02:09:41.06200,1924.000,4
02:09:43.62100,1924.000,10
02:09:47.19500,1924.000,16
02:09:48.08200,1924.000,1
02:09:50.24600,1923.750,1
02:09:51.59700,1924.000,17
02:09:51.72600,1924.000,2
02:09:54.32400,1924.250,1
02:09:57.79200,1924.000,1
02:10:02.79600,1924.250,2
02:10:03.85500,1924.250,1
02:10:05.92100,1924.250,2
02:10:07.20300,1924.000,5
02:10:11.55800,1924.000,5
02:10:12.94900,1924.000,4
02:10:17.01500,1924.000,2
02:10:19.29600,1924.000,2
02:10:19.42500,1924.000,2
02:10:19.58900,1924.250,42
02:10:21.90200,1924.250,1
02:10:31.54200,1924.250,20
02:10:33.53500,1924.250,3
02:10:33.69500,1924.000,1
02:10:34.25000,1924.250,1
02:10:37.00300,1924.250,10
02:10:39.10500,1924.250,1
02:10:39.62100,1924.250,13
02:10:48.84300,1924.500,5
02:11:01.83500,1924.500,2
02:11:02.00700,1924.500,38
02:11:02.00700,1924.500,12
02:11:04.10100,1924.500,1
02:11:06.44500,1924.500,19
02:11:06.77700,1924.500,1
02:11:09.06600,1924.500,7
02:11:13.30800,1924.750,5
02:11:15.66000,1924.250,2
02:11:16.34700,1924.250,1
02:11:16.73000,1924.500,1
02:11:18.69900,1924.500,7
02:11:24.44900,1924.500,8
02:11:26.62500,1924.750,1
02:11:28.59700,1924.500,1
02:11:32.95300,1924.500,17
02:11:40.76900,1924.500,13
02:11:43.43700,1924.500,1
02:11:44.14000,1924.500,7
02:11:49.40200,1924.750,1
02:11:51.93300,1924.500,4
02:11:55.03500,1924.500,1
02:12:18.09700,1924.500,2
02:12:20.92900,1924.500,1
02:12:23.93700,1924.500,10
02:12:24.68300,1924.500,1
02:12:29.60900,1924.750,61
02:12:30.12800,1925.000,4
02:12:32.54600,1925.000,1
02:12:34.94100,1924.750,61
02:12:35.00300,1924.750,7
02:12:35.12500,1924.750,2
02:12:37.72200,1925.000,2
02:12:40.03500,1925.000,3
02:12:42.68700,1924.750,9
02:12:42.81600,1924.750,9
02:12:43.09300,1924.750,10
02:12:44.49200,1924.750,2
02:12:44.61700,1924.750,2
02:13:03.89800,1924.500,40
02:13:04.23400,1924.750,1
02:13:13.90200,1925.000,120
02:13:17.12100,1925.250,1
02:13:19.37800,1925.250,5
02:13:20.56600,1925.000,2
02:13:22.43300,1925.250,30
02:13:23.03900,1925.250,4
02:13:25.29600,1925.750,49
02:13:26.34700,1925.750,2
02:13:28.32800,1925.750,1
02:13:29.74600,1925.750,37
02:13:31.32400,1926.000,7
02:13:31.42500,1926.000,34
02:13:31.80800,1926.000,66
02:13:32.28100,1926.000,11
02:13:32.50700,1926.000,2
02:13:33.52700,1926.000,1
02:13:33.90200,1926.000,6
02:13:38.30000,1926.250,6
02:13:38.69100,1926.250,1
02:13:40.45300,1926.250,1
02:13:41.26900,1926.000,2
02:13:44.11300,1926.000,2
02:13:45.87800,1926.000,1
02:13:48.40600,1925.750,75
02:13:48.58900,1925.750,6
02:13:49.53900,1925.750,28
02:13:50.44100,1925.750,32
02:13:50.88200,1925.500,2
02:13:52.57400,1925.750,19
02:13:52.57400,1925.750,2
02:13:54.08900,1925.750,1
02:13:55.44900,1925.500,2
02:13:56.41400,1925.750,19
02:13:57.10500,1925.750,11
02:13:58.21800,1925.750,5
02:13:59.33500,1925.750,9
02:14:00.12500,1925.750,8
02:14:02.76500,1926.000,1
02:14:04.15600,1925.750,2
02:14:04.89400,1926.250,57
02:14:06.00700,1926.000,1
02:14:10.22200,1926.250,7
02:14:10.69900,1926.250,2
02:14:11.07400,1926.250,20
02:14:12.56600,1926.250,1
02:14:12.97200,1926.000,2
02:14:15.41700,1926.250,1
02:14:19.70300,1926.000,12
02:14:20.22200,1926.000,3
02:14:20.43300,1926.000,2
02:14:21.03500,1926.000,1
02:14:21.23400,1926.000,1
02:14:21.78900,1926.000,33
02:14:28.55800,1926.000,10
02:14:30.83500,1926.000,1
02:14:35.31200,1926.000,3
02:14:37.26100,1925.750,1
02:14:39.45300,1925.750,1
02:14:42.15200,1925.750,23
02:14:43.31600,1925.500,30
02:14:47.46800,1925.750,1
02:14:49.07400,1925.750,1
02:14:50.56600,1925.750,3
02:14:52.80400,1925.750,29
02:14:52.89000,1925.500,3
02:14:53.10900,1925.750,2
02:14:53.35900,1925.750,3
02:14:55.51100,1925.750,7
02:14:57.09700,1925.750,1
02:14:59.90200,1926.000,4
02:15:00.40200,1925.750,7
02:15:02.01900,1925.750,2
02:15:03.08500,1925.750,8
02:15:07.65600,1925.500,1
02:15:09.22600,1925.500,52
02:15:09.29200,1925.500,15
02:15:16.71800,1925.250,1
02:15:19.08200,1925.250,43
02:15:22.89800,1925.250,42
02:15:27.19500,1925.500,4
02:15:32.96000,1925.250,4
02:15:34.51100,1925.500,7
02:15:34.85500,1925.250,5
02:15:39.68700,1925.250,1
02:15:41.71800,1925.250,2
02:15:41.83500,1925.250,19
02:15:43.13200,1925.250,12
02:15:44.77700,1925.250,23
02:15:45.04600,1925.250,1
02:15:47.12100,1925.500,27
02:15:47.23800,1925.500,6
02:15:48.31600,1925.500,13
02:15:48.76500,1925.500,12
02:15:53.80000,1925.500,6
02:15:54.35900,1925.750,1
02:15:56.09300,1925.750,23
02:16:17.00000,1926.000,1
02:16:20.84300,1925.500,100
02:16:23.96000,1925.750,74
02:16:31.03100,1925.750,1
02:16:31.16000,1925.750,20
02:16:31.46800,1925.750,15
02:16:33.58900,1925.750,12
02:16:35.01500,1925.750,3
02:16:44.17500,1925.500,26
02:16:44.80000,1925.500,13
02:16:44.97200,1925.500,3
02:16:46.11300,1925.750,3
02:16:51.54600,1925.500,1
02:16:55.37800,1925.500,6
02:16:57.32800,1925.250,1
02:16:57.75000,1925.250,1
02:16:58.03900,1925.250,41
02:16:58.05000,1925.250,3
02:17:05.69500,1925.500,32
02:17:08.44500,1925.500,5
02:17:20.79200,1925.500,38
02:17:20.89400,1925.750,2
02:17:24.19100,1925.750,74
02:17:24.48000,1925.750,6
02:17:27.08900,1925.750,2
02:17:32.19100,1925.750,5
02:17:45.51100,1926.000,49
02:17:47.91000,1926.250,2
02:17:49.12800,1926.250,1
02:17:51.14000,1926.250,2
02:17:51.64400,1926.250,28
02:17:52.04600,1926.250,1
02:17:53.00300,1926.250,6
02:17:54.39800,1926.250,3
02:17:57.31200,1926.250,11
02:17:58.29600,1926.250,11
02:17:58.68700,1926.250,1
02:18:01.96000,1926.000,15
02:18:07.32800,1926.000,2
02:18:10.08900,1926.000,11
02:18:12.75700,1926.000,7
02:18:16.53500,1926.000,15
02:18:26.21000,1925.750,5
02:18:26.30800,1926.000,7
02:18:31.78900,1925.750,12
02:18:32.29600,1925.750,1
02:18:33.60100,1925.750,1
02:18:40.84700,1926.000,28
02:18:41.75300,1926.250,15
02:18:42.89400,1926.250,2
02:18:48.70300,1926.000,1
02:19:07.49600,1926.250,7
02:19:10.58200,1926.250,44
02:19:13.71800,1926.000,1
02:19:33.75700,1926.000,1
02:19:39.52300,1926.000,3
02:19:43.40200,1926.000,4
02:19:55.73400,1926.000,1
02:19:56.44100,1926.250,1
02:20:10.35900,1926.500,27
02:20:11.01500,1926.500,1
02:20:11.75300,1926.500,42
02:20:16.66400,1926.500,1
02:20:17.37800,1926.500,24
02:20:20.10100,1926.500,8
02:20:23.85900,1926.500,2
02:20:25.80400,1926.500,1
02:20:27.70300,1926.500,3
02:20:29.71000,1926.750,17
02:20:29.82800,1926.750,1
02:20:29.93700,1926.750,1
02:20:41.66000,1926.750,62
02:20:42.21000,1926.750,3
02:20:42.92900,1926.750,1
02:20:43.20300,1926.750,10
02:20:44.78100,1926.750,10
02:20:45.50700,1926.500,31
02:20:45.87500,1926.500,1
02:20:48.64000,1926.500,4
02:20:48.96400,1926.500,7
02:20:49.17500,1926.250,1
02:20:50.78100,1926.250,1
02:20:53.08900,1926.250,1
02:20:54.56600,1926.500,2
02:20:55.46800,1926.500,17
02:20:55.60100,1926.250,1
02:20:56.19100,1926.500,3
02:20:56.42900,1926.500,23
02:20:56.48400,1926.500,2
02:20:58.49600,1926.250,1
02:20:58.79200,1926.500,2
02:20:59.75000,1926.500,2
02:21:05.88600,1926.500,40
02:21:10.53100,1926.500,4
02:21:15.06600,1926.750,102
02:21:18.24600,1926.750,1
02:21:23.01900,1926.750,1
02:21:23.32400,1926.750,6
02:21:24.21800,1926.750,16
02:21:25.46000,1926.500,31
02:21:29.06600,1926.500,2
02:21:30.66000,1926.500,1
02:21:32.05000,1926.250,78
02:21:37.17900,1926.500,1
02:21:38.29200,1926.250,28
02:21:38.50700,1926.250,93
02:21:40.51100,1926.250,6
02:21:42.64000,1926.000,34
02:21:42.91000,1926.250,3
02:21:47.81200,1926.000,2
02:21:48.85100,1926.000,1
02:21:51.69900,1925.500,169
02:21:51.82800,1925.750,4
02:21:51.92900,1925.750,3
02:21:52.00000,1925.750,29
02:21:56.26100,1925.750,1
02:22:03.07400,1925.750,23
02:22:04.16700,1925.500,22
02:22:06.25300,1925.750,6
02:22:22.80800,1925.750,18
02:22:27.77700,1925.750,1
02:22:28.36700,1926.000,9
02:22:29.33200,1926.000,10
02:22:30.88600,1926.000,30
02:22:32.66700,1926.000,4
02:22:33.95300,1925.750,59
02:22:34.06200,1926.000,1
02:22:41.89800,1925.750,17
02:22:42.67500,1925.750,7
02:22:48.27700,1925.500,19
02:22:51.07400,1925.500,23
02:22:55.17500,1925.250,5
02:23:02.27700,1925.500,2
02:23:10.70300,1925.500,19
02:23:29.42100,1925.500,37
02:23:32.36300,1925.500,10
02:23:33.51900,1925.500,1
02:23:36.08900,1925.500,1
02:23:36.60500,1925.500,2
02:23:46.18700,1925.500,2
02:23:53.77700,1925.750,7
02:24:15.17900,1926.000,24
02:24:16.07800,1926.000,28
02:24:19.26500,1925.750,5
02:24:19.96400,1925.750,1
02:24:27.31200,1926.000,30
02:24:37.13600,1926.000,1
02:24:45.53100,1926.000,3
02:24:49.85900,1925.750,3
02:24:50.68700,1926.000,5
02:24:51.94900,1926.250,217
02:25:07.22600,1926.250,1
02:25:09.74600,1926.000,55
02:25:12.92500,1926.000,10
02:25:18.11300,1925.750,2
02:25:23.73800,1926.000,3
02:25:27.72200,1926.000,2
02:25:29.38200,1926.000,1
02:25:38.07800,1926.000,7
02:25:55.14400,1926.250,4
02:25:56.28100,1926.250,11
02:25:57.10900,1926.250,15
02:25:57.62100,1926.000,1
02:25:59.47600,1926.000,57
02:26:10.28900,1926.000,18
02:26:17.00700,1926.000,21
02:26:28.32400,1926.000,6
02:26:29.57400,1925.750,24
02:26:37.08200,1925.750,5
02:26:38.42900,1925.750,2
02:26:43.76100,1925.750,8
02:26:46.77300,1925.500,2
02:26:57.28900,1925.500,1
02:27:18.85500,1925.500,39
02:27:20.54600,1925.500,10
02:27:23.85900,1925.500,15
02:27:25.24200,1925.500,8
02:27:27.09300,1925.500,33
02:27:37.19500,1925.500,1
02:27:41.19100,1925.500,1
02:27:43.20700,1925.750,27
02:27:46.12500,1925.750,1
02:27:48.22600,1925.750,3
02:27:49.26500,1925.750,53
02:27:50.57000,1925.750,9
02:27:51.18300,1925.750,10
02:27:51.45300,1925.750,2
02:28:21.01100,1925.500,5
02:28:25.67500,1925.750,10
02:28:26.13200,1925.750,8
02:28:58.19900,1925.750,34
02:29:26.57400,1925.750,43
02:29:28.57000,1925.750,1
02:29:36.52300,1925.750,30
02:29:59.67900,1925.750,1
02:30:00.83200,1925.500,63
02:30:01.94100,1925.500,8
02:30:05.81200,1925.500,2
02:30:06.53900,1925.500,3
02:30:06.76900,1925.500,3
02:30:06.79600,1925.500,3
02:30:10.37500,1925.500,10
02:30:13.83900,1925.250,36
02:30:14.06600,1925.250,21
02:30:14.19900,1925.250,4
02:30:18.15600,1925.250,6
02:30:19.04200,1925.250,6
02:30:20.00000,1925.250,6
02:30:20.13600,1925.250,6
02:30:20.24200,1925.250,3
02:30:20.37100,1925.250,1
02:30:21.55000,1925.250,5
02:30:22.06200,1925.250,5
02:30:22.55400,1925.250,1
02:30:22.89800,1925.500,1
02:30:31.43300,1925.500,1
02:30:55.40600,1925.500,43
02:30:56.82000,1925.500,8
02:31:10.56200,1925.500,5
02:31:12.52300,1925.500,1
02:31:14.12800,1925.500,1
02:31:15.08200,1925.500,10
02:31:15.56200,1925.750,28
02:31:15.80400,1925.750,12
02:31:16.87500,1925.750,1
02:31:26.85500,1925.750,16
02:31:27.25700,1925.750,6
02:31:30.51500,1925.750,36
02:31:32.89000,1925.750,6
02:31:38.26900,1925.750,13
02:31:43.81200,1925.750,1
02:31:49.31600,1926.000,46
02:31:50.00700,1926.000,19
02:31:55.02700,1926.000,24
02:32:09.48400,1925.750,18
02:32:13.63600,1925.750,27
02:32:15.55400,1926.000,97
02:32:15.68300,1926.000,5
02:32:15.89400,1926.000,11
02:32:16.21400,1926.000,10
02:32:28.67100,1926.000,14
02:32:30.71800,1926.000,1
02:32:33.02300,1926.000,22
02:32:34.39000,1926.000,5
02:32:58.33900,1926.000,26
02:33:22.74600,1925.750,44
02:33:42.88600,1925.500,38
02:33:50.36700,1925.500,15
02:33:50.64000,1925.500,31
02:33:50.76900,1925.500,8
02:33:52.45300,1925.500,4
02:34:02.68700,1925.500,9
02:34:02.89400,1925.500,2
02:34:17.04600,1925.500,1
02:34:18.07000,1925.500,1
02:34:36.39800,1925.500,24
02:34:38.78900,1925.250,3
02:34:39.03900,1925.500,1
02:34:40.37500,1925.250,5
02:34:46.66000,1925.250,11
02:34:48.44100,1925.250,5
02:35:00.70300,1925.250,22
02:35:00.82400,1925.250,5
02:35:03.03500,1925.250,1
02:35:05.30400,1925.250,2
02:35:06.37500,1925.250,8
02:35:08.50300,1925.250,10
02:35:11.47600,1925.250,17
02:35:11.69500,1925.500,1
02:35:13.84700,1925.500,40
02:35:16.28500,1925.750,38
02:35:21.11700,1925.750,3
02:35:21.26500,1925.750,31
02:35:22.16400,1925.500,11
02:35:26.26100,1925.750,62
02:35:26.62500,1926.000,47
02:35:27.61700,1926.000,4
02:35:29.62500,1926.000,10
02:35:31.12500,1926.000,1
02:35:33.73000,1926.000,1
02:35:37.79600,1926.000,4
02:35:40.24600,1926.000,40
02:35:40.33500,1926.000,2
02:35:40.85900,1925.750,1
02:35:49.45700,1925.750,2
02:35:55.60500,1925.750,10
02:35:57.65200,1926.000,7
02:36:05.69900,1926.000,7
02:36:05.87100,1926.000,2
02:36:08.55000,1926.500,56
02:36:08.78100,1926.250,3
02:36:08.94900,1926.500,1
02:36:13.75700,1926.500,92
02:36:13.91400,1926.500,7
02:36:14.51500,1926.500,4
02:36:15.77700,1926.500,10
02:36:15.92500,1926.500,6
02:36:17.81600,1926.500,6
02:36:18.70300,1926.500,1
02:36:20.41000,1926.500,8
02:36:21.59700,1926.750,24
02:36:21.75300,1926.750,17
02:36:22.26100,1927.000,7
02:36:23.68700,1927.000,1
02:36:24.56600,1926.750,10
02:36:24.78500,1927.000,1
02:36:27.41400,1927.000,1
02:36:32.49200,1927.000,2
02:36:33.04600,1926.750,2
02:36:42.60900,1926.750,1
02:36:47.28900,1927.000,60
02:36:50.52700,1926.750,126
02:36:50.77300,1926.500,51
02:36:51.11300,1926.500,10
02:36:51.43700,1926.500,8
02:36:53.18700,1926.500,9
02:36:53.81200,1926.500,4
02:36:54.69900,1926.500,1
02:36:55.01500,1926.500,4
02:36:55.37800,1926.500,3
02:36:56.62100,1926.500,3
02:36:59.62500,1926.750,13
02:36:59.95300,1926.750,1
02:37:05.92500,1926.500,70
02:37:09.56600,1926.500,1
02:37:14.04600,1926.750,2
02:37:35.91000,1926.750,1
02:37:37.19500,1926.500,3
02:37:37.85500,1926.750,38
02:37:39.09700,1926.750,13
02:37:41.37800,1926.750,26
02:37:44.94900,1926.750,1
02:37:47.69500,1926.750,2
02:37:56.44100,1927.000,88
02:37:57.96400,1927.000,12
02:37:59.30000,1927.000,2
02:38:01.23400,1927.250,17
02:38:01.31600,1927.250,5
02:38:02.89800,1927.000,6
02:38:03.29200,1927.250,3
02:38:03.75000,1927.000,1
02:38:06.83200,1927.000,1
02:38:07.79600,1926.750,19
02:38:08.55800,1927.250,1
02:38:13.69900,1927.000,6
02:38:14.84700,1927.000,3
02:38:15.20700,1927.000,5
02:38:16.38600,1927.000,15
02:38:18.96800,1927.000,1
02:38:21.95700,1927.000,6
02:38:32.82400,1926.750,1
02:38:41.42900,1927.000,81
02:38:42.25700,1927.000,12
02:38:43.16700,1927.000,1
02:38:49.07400,1927.000,17
02:38:49.31600,1927.000,17
02:38:49.88600,1927.000,10
02:38:50.39800,1927.000,2
02:39:08.22200,1927.250,88
02:39:11.12800,1927.250,15
02:39:13.76900,1927.250,1
02:39:16.51100,1927.250,1
02:39:20.64000,1927.000,71
02:39:21.92100,1927.000,1
02:39:29.30000,1927.000,4
02:39:34.87800,1927.000,1
02:39:37.76500,1926.750,30
02:39:39.05000,1926.750,12
02:39:39.57000,1926.750,18
02:39:53.68300,1926.750,25
02:39:54.47600,1927.000,1
02:40:01.27300,1926.750,37
02:40:01.76900,1926.500,3
02:40:06.85900,1926.500,43
02:40:08.17500,1926.250,6
02:40:09.36700,1926.500,1
02:40:09.83500,1926.250,10
02:40:13.20700,1926.750,36
02:40:13.61300,1926.750,4
02:40:16.83500,1926.750,5
02:40:19.52700,1926.750,4
02:40:24.84300,1926.750,19
02:40:33.53100,1926.750,26
02:40:33.94900,1926.750,1
02:40:34.28900,1926.750,13
02:40:34.64800,1926.750,1
02:40:37.97200,1926.750,6
02:40:38.67500,1926.750,21
02:40:42.53100,1927.000,13
02:40:43.46400,1927.000,18
02:40:53.33500,1927.000,33
02:40:53.80800,1927.000,2
02:40:56.67500,1927.000,12
02:40:58.16000,1927.000,6
02:40:58.75300,1927.000,1
02:41:12.42900,1927.250,20
02:41:14.33900,1927.250,1
02:41:15.87800,1927.500,97
02:41:19.36300,1927.500,2
02:41:20.94100,1927.750,1
02:41:23.92100,1927.750,1
02:41:24.75700,1927.750,54
02:41:26.03900,1928.000,29
02:41:26.38200,1928.000,1
02:41:28.71000,1927.750,1
02:41:28.92100,1927.750,15
02:41:29.50300,1927.750,2
02:41:30.88200,1927.750,5
02:41:31.49200,1927.750,14
02:41:31.77700,1927.750,6
02:41:32.10500,1927.750,2
02:41:33.02300,1927.750,2
02:41:34.85100,1927.750,11
02:41:36.08200,1928.000,2
02:41:37.07800,1927.750,9
02:41:37.28500,1927.500,4
02:41:37.50300,1927.750,1
02:41:38.35900,1927.750,18
02:41:40.47600,1927.750,1
02:41:43.41000,1927.750,3
02:41:47.04200,1927.750,8
02:41:47.39800,1927.750,1
02:41:47.65600,1928.000,1
02:41:47.95300,1928.000,2
02:41:51.45300,1928.000,10
02:41:53.68700,1928.000,3
02:41:56.78500,1928.000,1
02:41:58.46000,1927.750,12
02:41:58.91400,1927.750,7
02:42:11.71000,1927.750,11
02:42:14.64800,1927.750,6
02:42:25.24200,1927.500,1
02:42:28.35500,1927.750,27
02:42:29.23000,1927.750,5
02:42:33.18300,1927.750,55
02:42:36.27700,1927.750,1
02:42:42.28900,1927.500,34
02:42:42.52700,1927.500,1
02:42:42.76900,1927.500,45
02:42:43.48000,1927.250,4
02:42:43.60900,1927.250,2
02:42:43.68700,1927.250,16
02:42:43.71000,1927.000,28
02:42:44.05000,1927.250,20
02:42:45.26900,1927.250,1
02:42:46.89000,1927.250,1
02:42:47.16400,1927.250,1
02:42:48.14800,1927.250,9
02:42:51.07800,1927.250,7
02:42:53.32800,1927.250,5
02:42:53.57000,1927.000,5
02:42:59.38200,1927.000,1
02:42:59.56600,1927.000,32
02:42:59.63600,1927.000,15
02:42:59.77700,1927.000,32
02:43:00.69500,1927.250,107
02:43:01.11300,1927.250,4
02:43:03.17100,1927.250,29
02:43:04.78100,1927.250,5
02:43:05.64000,1927.250,5
02:43:10.73800,1927.250,12
02:43:11.87500,1927.250,5
02:43:12.19100,1927.250,4
02:43:13.05800,1927.250,6
02:43:13.22200,1927.500,29
02:43:15.39800,1927.750,8
02:43:18.38600,1927.500,3
02:43:21.33500,1927.500,1
02:43:25.20700,1927.250,252
02:43:25.65600,1927.250,23
02:43:33.97200,1927.250,6
02:43:44.26500,1927.250,3
02:43:47.55400,1927.750,194
02:43:57.40200,1927.500,42
02:44:06.30400,1927.500,7
02:44:06.83200,1927.500,9
02:44:09.00000,1927.250,1
02:44:11.70700,1927.500,1
02:44:12.28900,1927.000,49
02:44:12.74200,1927.000,13
02:44:14.24200,1927.000,1
02:44:14.39000,1927.000,1
02:44:14.70300,1926.750,1
02:44:19.69900,1927.000,10
02:44:22.55400,1927.000,9
02:44:23.35500,1927.000,17
02:44:23.79600,1927.000,1
02:44:25.29600,1927.000,1
02:44:26.30400,1927.000,4
02:44:27.75300,1927.000,6
02:44:37.47600,1926.750,3
02:44:39.55000,1927.000,6
02:44:40.69500,1926.750,1
02:44:45.37800,1926.750,1
02:44:47.08200,1926.750,1
02:45:05.13600,1926.500,53
02:45:05.82400,1926.500,1
02:45:11.39000,1926.500,56
02:45:11.72600,1926.500,23
02:45:15.10900,1926.750,10
02:45:15.17100,1926.500,4
02:45:17.59300,1926.750,29
02:45:20.69100,1927.000,15
02:45:21.53100,1927.000,1
02:45:35.58200,1927.250,78
02:45:39.27300,1927.250,1
02:46:04.02700,1927.250,42
02:46:13.02300,1927.000,22
02:46:15.69900,1927.250,25
02:46:21.64400,1927.250,1
02:46:22.22200,1927.000,12
02:46:23.12800,1927.000,5
02:46:23.81200,1927.000,32
02:46:25.23000,1927.000,1
02:46:32.84700,1927.000,1
02:46:38.82400,1927.500,85
02:46:41.68700,1927.250,1
02:46:47.42900,1927.500,32
02:46:49.83500,1927.750,12
02:46:51.08200,1927.750,45
02:46:51.44500,1927.750,5
02:46:53.09300,1927.750,1
02:46:57.64400,1928.000,18
02:47:02.28100,1928.000,2
02:47:03.02300,1927.750,9
02:47:03.66400,1928.000,115
02:47:12.89000,1928.000,26
02:47:13.47200,1928.000,6
02:47:13.54600,1928.000,1
02:47:13.66000,1928.000,1
02:47:14.29600,1928.000,1
02:47:15.18300,1928.000,24
02:47:16.59700,1928.000,1
02:47:17.11300,1928.000,1
02:47:18.03100,1928.000,10
02:47:18.42900,1928.000,27
02:47:18.54600,1928.000,1
02:47:22.28500,1928.000,1
02:47:22.53900,1928.250,9
02:47:23.00300,1928.250,25
02:47:23.10900,1928.250,1
02:47:25.30000,1928.500,9
02:47:25.39000,1928.500,3
02:47:25.67900,1928.250,2
02:47:27.07000,1928.500,106
02:47:29.42500,1928.750,67
02:47:29.78900,1929.000,33
02:47:29.81600,1929.000,6
02:47:30.37800,1929.000,2
02:47:32.19500,1928.750,83
02:47:32.28100,1928.750,12
02:47:32.58900,1928.500,8
02:47:33.11700,1928.250,52
02:47:33.69900,1928.250,2
02:47:34.84300,1928.500,1
02:47:41.06200,1928.250,2
02:47:41.89400,1928.500,1
02:47:44.35500,1928.250,33
02:47:45.41400,1928.250,25
02:47:46.26100,1928.250,17
02:47:47.79200,1928.500,7
02:47:48.52700,1928.250,14
02:47:49.46800,1928.250,4
02:47:50.82400,1928.250,1
02:47:51.77300,1928.250,21
02:47:55.77300,1928.250,5
02:48:00.82800,1928.250,81
02:48:01.28900,1928.250,11
02:48:01.36300,1928.250,1
02:48:04.07000,1928.250,36
02:48:04.66000,1928.250,1
02:48:04.80800,1928.250,6
02:48:07.31200,1928.250,12
02:48:07.66000,1928.000,1
02:48:10.22600,1928.250,76
02:48:10.39000,1928.000,1
02:48:10.52700,1928.250,7
02:48:11.63200,1928.250,4
02:48:12.32400,1928.250,8
02:48:12.69900,1928.250,1
02:48:14.35100,1928.250,1
02:48:16.92500,1928.250,16
02:48:22.11300,1928.250,24
02:48:22.30000,1928.250,1
02:48:22.32800,1928.250,10
02:48:22.50300,1928.500,1
02:48:22.69500,1928.250,5
02:48:25.43700,1928.250,21
02:48:25.51100,1928.250,5
02:48:25.89800,1928.000,10
02:48:29.51500,1928.000,1
02:48:30.68300,1928.250,46
02:48:30.68300,1928.250,9
02:48:35.29200,1928.250,23
02:48:40.17100,1928.000,37
02:48:47.78500,1928.000,8
02:48:49.91400,1928.000,3
02:48:50.91400,1928.000,5
02:48:51.10100,1928.000,3
02:48:51.77300,1928.000,2
02:48:55.13200,1928.000,18
02:48:59.40600,1928.000,1
02:49:12.33200,1927.750,2
02:49:15.74600,1927.500,102
02:49:17.05000,1927.500,113
02:49:22.26500,1927.750,50
02:49:22.84300,1927.750,17
02:49:31.60500,1927.500,71
02:49:31.66700,1927.500,5
02:49:31.82000,1927.500,5
02:49:34.32800,1927.500,13
02:49:34.41700,1927.500,8
02:49:36.76100,1927.250,40
02:49:38.95300,1927.500,16
02:49:41.62500,1927.500,12
02:49:42.32400,1927.500,8
02:49:42.55800,1927.250,1
02:49:44.36700,1927.250,9
02:49:46.38600,1927.250,1
02:49:49.76100,1927.250,4
02:49:54.01100,1927.250,1
02:49:56.06600,1927.000,47
02:49:56.61300,1927.000,1
02:49:57.16000,1927.250,45
02:49:59.89800,1927.000,15
02:50:00.63600,1927.250,4
02:50:05.73000,1927.250,28
02:50:08.48800,1927.250,4
02:50:09.82800,1927.000,2
02:50:14.46800,1927.250,7
02:50:15.05400,1927.250,14
02:50:15.51500,1927.250,5
02:50:18.55800,1927.250,1
02:50:22.31200,1927.250,18
02:50:22.48400,1927.250,12
02:50:23.11700,1927.250,11
02:50:27.35900,1927.500,26
02:50:28.00000,1927.500,14
02:50:29.31200,1927.500,9
02:50:29.70300,1927.500,5
02:50:30.94100,1927.250,20
02:50:31.03100,1927.250,4
02:50:35.19500,1927.000,82
02:50:40.24600,1927.250,7
02:50:41.28100,1927.250,8
02:50:45.46000,1927.250,8
02:50:48.38600,1927.250,1
02:50:49.19500,1927.250,5
02:50:50.00700,1927.250,6
02:50:59.55000,1927.250,1
02:51:02.94500,1927.500,26
02:51:06.28100,1927.500,5
02:51:12.50700,1927.750,35
02:51:13.24600,1927.500,5
02:51:19.31600,1927.750,1
02:51:20.02300,1927.750,13
02:51:23.71800,1927.750,2
02:51:30.26500,1927.750,5
02:51:31.05400,1927.750,4
02:51:34.24200,1927.500,13
02:51:43.03500,1927.500,15
02:51:46.41700,1927.750,1
02:51:47.10100,1927.500,2
02:51:48.80000,1927.750,1
02:52:13.91000,1927.500,55
02:52:23.16700,1927.250,17
02:52:27.46000,1927.500,6
02:52:28.14000,1927.250,12
02:52:34.84300,1927.250,1
02:52:37.51500,1927.000,144
02:52:37.88200,1927.250,3
02:52:40.41700,1927.250,3
02:52:45.28500,1927.250,12
02:52:45.91000,1927.250,1
02:52:54.79600,1927.250,1
02:53:05.48400,1927.250,4
02:53:09.57800,1927.250,2
02:53:14.33500,1927.250,4
02:53:15.43700,1927.250,5
02:53:15.69500,1927.250,5
02:53:17.60500,1927.250,12
02:53:20.01100,1927.500,5
02:53:23.76100,1927.250,14
02:53:26.26500,1927.250,1
02:53:29.25300,1927.000,10
02:53:32.28500,1927.000,30
02:53:33.86700,1927.000,1
02:53:38.16700,1927.000,1
02:53:41.12500,1927.000,2
02:53:47.04600,1927.000,1
02:54:09.61300,1926.750,66
02:54:10.04200,1926.750,5
02:54:24.63600,1926.750,7
02:54:26.07000,1926.750,16
02:54:29.35100,1926.500,19
02:54:32.54600,1926.500,1
02:54:36.91700,1926.500,74
02:54:37.66000,1926.500,1
02:54:40.14000,1926.500,9
02:54:51.91700,1926.500,7
02:54:52.13600,1926.500,11
02:54:52.81600,1926.250,15
02:54:52.93300,1926.500,2
02:54:53.25300,1926.500,7
02:54:57.30400,1926.500,1
02:55:03.23800,1926.500,10
02:55:03.66000,1926.500,2
02:55:03.78100,1926.500,4
02:55:03.91000,1926.500,4
02:55:04.06200,1926.500,2
02:55:05.10900,1926.500,4
02:55:11.27300,1926.500,1
02:55:12.14400,1926.500,1
02:55:12.47600,1926.750,2
02:55:12.54600,1926.750,19
02:55:13.16700,1926.750,20
02:55:19.34700,1926.750,1
02:55:21.27300,1926.750,15
02:55:21.35100,1926.750,1
02:55:24.76100,1927.250,50
02:55:25.42100,1927.250,2
02:55:29.94100,1927.250,1
02:55:30.85500,1927.500,17
02:55:31.20300,1927.250,12
02:55:34.51500,1927.000,25
02:55:39.16000,1927.000,1
02:55:40.96800,1927.000,1
02:55:43.34700,1927.250,47
02:55:44.26500,1927.250,9
02:55:46.23800,1927.250,1
02:55:48.69500,1927.500,11
02:55:50.01100,1927.500,9
02:55:50.37100,1927.500,6
02:55:50.66000,1927.500,3
02:55:56.67500,1927.500,1
02:55:57.19900,1927.750,25
02:55:58.19100,1927.750,7
02:56:03.00300,1927.750,54
02:56:06.64400,1927.500,18
02:56:07.10500,1927.500,5
02:56:07.20700,1927.500,3
02:56:07.72600,1927.750,2
02:56:08.19500,1927.750,52
02:56:08.70700,1927.750,5
02:56:09.37500,1927.750,6
02:56:11.11300,1927.750,5
02:56:13.50300,1927.500,1
02:56:14.41000,1927.750,1
02:56:14.61300,1927.750,3
02:56:14.68300,1927.750,2
02:56:15.58900,1927.750,14
02:56:17.04600,1927.750,1
02:56:17.40200,1927.750,5
02:56:18.27300,1927.750,31
02:56:20.34300,1927.750,7
02:56:20.64000,1927.750,2
02:56:23.64000,1927.750,1
02:56:23.79200,1927.750,1
02:56:26.51100,1928.000,5
02:56:27.64000,1928.000,2
02:56:28.24200,1928.000,8
02:56:31.41700,1928.000,20
02:56:33.19900,1927.750,4
02:56:33.35100,1927.750,2
02:56:33.52300,1928.000,27
02:56:34.14000,1927.750,12
02:56:38.30400,1927.750,4
02:56:44.42500,1927.750,37
02:56:49.22600,1927.750,2
02:56:49.78900,1927.500,13
02:56:51.75300,1927.500,25
02:56:56.67500,1927.500,8
02:56:56.81600,1927.500,4
02:56:56.92100,1927.500,5
02:57:00.22200,1927.500,1
02:57:00.49600,1927.500,2
02:57:03.84700,1927.500,15
02:57:04.56600,1927.500,26
02:57:07.16000,1927.500,5
02:57:14.72200,1927.750,4
02:57:20.01100,1927.750,5
02:57:38.64800,1928.000,69
02:57:50.01100,1928.000,5
02:57:50.67100,1928.000,1
02:57:57.93300,1927.750,17
02:58:05.26900,1927.500,30
02:58:15.72600,1927.500,8
02:58:16.01900,1927.500,2
02:58:17.55000,1927.500,1
02:58:20.00700,1927.500,2
02:58:24.11700,1927.500,9
02:58:27.25700,1927.500,4
02:58:28.19900,1927.500,4
02:58:28.94500,1927.500,7
02:58:45.67100,1927.750,4
02:58:50.01100,1928.000,5
02:58:50.56600,1927.750,1
02:58:51.37800,1927.750,7
02:59:02.54600,1927.750,2
02:59:08.07800,1927.750,2
02:59:09.97200,1927.500,7
02:59:10.62800,1927.500,4
02:59:13.21400,1927.750,1
02:59:14.46800,1927.500,1
02:59:15.07400,1927.750,9
02:59:20.00700,1927.750,5
02:59:22.16400,1927.750,2
02:59:24.81200,1927.750,26
02:59:27.17500,1927.750,2
02:59:32.14800,1928.000,1
02:59:33.05400,1928.000,79
02:59:33.30000,1928.000,4
02:59:37.33900,1928.000,5
02:59:37.66000,1928.250,33
02:59:38.12800,1928.250,2
02:59:40.14000,1928.500,11
02:59:41.53900,1928.250,1
02:59:42.97200,1928.500,3
02:59:45.67500,1928.500,1
02:59:47.80400,1928.250,25
02:59:49.81600,1928.250,1
02:59:50.00700,1928.500,2
02:59:50.17900,1928.250,6
02:59:50.32800,1928.250,8
02:59:50.74200,1928.250,13
02:59:51.90600,1928.250,30
02:59:53.26100,1928.000,3
02:59:53.39400,1928.000,3
02:59:54.39800,1928.250,1
02:59:55.69100,1928.250,10
02:59:55.91000,1928.000,1
02:59:56.25700,1928.000,1
02:59:57.80800,1928.000,1
02:59:58.43700,1928.250,8
02:59:59.08200,1928.250,5
