13:00:00.01900,1918.000,0
13:00:00.08200,1917.750,45
13:00:00.30400,1917.750,16
13:00:00.51100,1917.750,4
13:00:00.64400,1917.750,1
13:00:00.92100,1918.000,41
13:00:01.52700,1917.750,1
13:00:01.59700,1917.750,1
13:00:01.96400,1917.750,2
13:00:02.28900,1917.750,2
13:00:03.05400,1918.000,7
13:00:03.75000,1917.750,10
13:00:04.43700,1918.000,2
13:00:04.73400,1917.750,1
13:00:05.14000,1918.000,1
13:00:05.28500,1917.750,1
13:00:05.83500,1918.000,1
13:00:06.02300,1917.750,1
13:00:06.26900,1917.750,15
13:00:06.79200,1917.750,3
13:00:07.28100,1917.500,122
13:00:07.60900,1917.500,4
13:00:08.69100,1917.500,1
13:00:09.17100,1917.500,5
13:00:09.53100,1917.500,1
13:00:10.58900,1917.750,2
13:00:10.92500,1917.500,2
13:00:11.16700,1917.750,4
13:00:11.32800,1917.750,125
13:00:12.76900,1917.750,4
13:00:13.61300,1917.750,1
13:00:14.21800,1918.000,14
13:00:14.73000,1917.750,2
13:00:15.78500,1917.750,1
13:00:17.85100,1917.750,1
13:00:18.08500,1917.750,40
13:00:18.58200,1918.000,8
13:00:22.18300,1917.750,2
13:00:22.74600,1918.000,1
13:00:23.19900,1917.750,3
13:00:23.44100,1917.750,1
13:00:23.84300,1918.000,1
13:00:24.83200,1917.750,25
13:00:25.66700,1917.750,1
13:00:25.91000,1918.000,5
13:00:27.54600,1917.750,5
13:00:28.04200,1918.000,5
13:00:31.39400,1917.750,3
13:00:31.57800,1917.750,1
13:00:32.14800,1918.000,3
13:00:32.37100,1918.000,256
13:00:33.29200,1918.250,1
13:00:34.06600,1918.250,10
13:00:34.68300,1918.000,1
13:00:35.67500,1918.000,1
13:00:37.05400,1918.250,2
13:00:38.10900,1918.250,31
13:00:38.32800,1918.000,1
13:00:38.56600,1918.000,1
13:00:38.76100,1918.250,1
13:00:39.25300,1918.250,1
13:00:40.29200,1918.250,27
13:00:41.46400,1918.250,1
13:00:41.76900,1918.000,1
13:00:42.73000,1918.250,1
13:00:42.85900,1918.250,20
13:00:43.37800,1918.250,2
13:00:44.03900,1918.250,1
13:00:45.24200,1918.250,10
13:00:45.51900,1918.000,40
13:00:45.84300,1918.250,22
13:00:46.52300,1918.250,1
13:00:46.91400,1918.000,20
13:00:47.58500,1918.250,14
13:00:49.21000,1918.250,1
13:00:51.72600,1918.250,1
13:00:52.00700,1918.250,2
13:00:52.88200,1918.000,1
13:00:53.57800,1918.000,1
13:00:54.83200,1918.250,2
13:00:55.35100,1918.250,67
13:00:56.20300,1918.500,22
13:00:57.05000,1918.250,4
13:00:57.94900,1918.500,1
13:00:58.91000,1918.500,5
13:01:01.15600,1918.000,133
13:01:01.69100,1918.250,14
13:01:01.69500,1918.250,17
13:01:03.23000,1918.250,1
13:01:03.72200,1918.250,21
13:01:05.42900,1918.250,19
13:01:07.57000,1918.250,10
13:01:08.96400,1918.250,1
13:01:10.86300,1918.500,2
13:01:12.62800,1918.500,3
13:01:17.87800,1918.250,37
13:01:18.19500,1918.250,17
13:01:18.44500,1918.250,1
13:01:20.08900,1918.000,1
13:01:22.55800,1918.250,6
13:01:25.59700,1918.250,1
13:01:25.71800,1918.250,1
13:01:26.32400,1918.000,1
13:01:26.59700,1918.000,1
13:01:27.00000,1918.000,5
13:01:28.48400,1918.000,1
13:01:29.00700,1918.000,1
13:01:31.16400,1918.000,1
13:01:33.54200,1918.250,1
13:01:33.81200,1918.000,1
13:01:34.15200,1918.000,1
13:01:34.64800,1918.000,130
13:01:36.03500,1918.000,1
13:01:45.05800,1918.250,85
13:01:45.25300,1918.250,112
13:01:45.41000,1918.250,8
13:01:45.62800,1918.250,7
13:01:47.26100,1918.500,172
13:01:49.07000,1918.750,116
13:01:49.17900,1918.750,9
13:01:49.37500,1918.750,37
13:01:49.53900,1918.750,8
13:01:50.82000,1918.750,1
13:01:51.20700,1918.750,9
13:01:51.33200,1918.750,5
13:01:51.88600,1918.750,5
13:01:53.07000,1918.500,1
13:01:53.48400,1918.750,1
13:01:55.97200,1918.750,12
13:01:58.10900,1918.750,2
13:01:58.17500,1918.750,2
13:01:58.74200,1918.500,12
13:01:59.81600,1918.750,1
13:02:01.86300,1918.750,2
13:02:02.72200,1918.750,1
13:02:03.55800,1918.750,12
13:02:04.41400,1918.750,1
13:02:05.21800,1918.750,1
13:02:05.62100,1918.750,29
13:02:05.75300,1918.750,3
13:02:05.86300,1918.750,1
13:02:06.16400,1918.750,1
13:02:06.44100,1918.750,1
13:02:07.90200,1918.500,45
13:02:08.50000,1918.500,89
13:02:08.62800,1918.500,5
13:02:09.23800,1918.500,4
13:02:10.00300,1918.500,1
13:02:10.65600,1918.500,22
13:02:11.26100,1918.250,1
13:02:12.96800,1918.250,108
13:02:15.95300,1918.250,1
13:02:16.75000,1918.000,2
13:02:17.57400,1918.000,2
13:02:18.17900,1918.000,2
13:02:19.76100,1918.250,10
13:02:20.03100,1918.250,1
13:02:21.80000,1918.250,74
13:02:22.30400,1918.250,1
13:02:22.53900,1918.250,10
13:02:25.43700,1918.500,51
13:02:25.78500,1918.250,1
13:02:27.07000,1918.500,102
13:02:27.18700,1918.750,16
13:02:27.91700,1918.500,4
13:02:28.85900,1918.500,1
13:02:31.77700,1918.500,194
13:02:33.23000,1918.500,47
13:02:34.78500,1918.500,1
13:02:36.18700,1918.500,5
13:02:37.10500,1918.500,37
13:02:37.34700,1918.500,7
13:02:37.41700,1918.250,42
13:02:37.82800,1918.500,2
13:02:39.10100,1918.500,65
13:02:39.75700,1918.500,8
13:02:40.26100,1918.500,2
13:02:41.19100,1918.500,55
13:02:41.71000,1918.500,3
13:02:42.52300,1918.500,7
13:02:42.67100,1918.500,3
13:02:43.16700,1918.500,13
13:02:43.56200,1918.250,16
13:02:43.68300,1918.500,1
13:02:44.14800,1918.750,90
13:02:44.20300,1918.750,2
13:02:44.54600,1918.750,2
13:02:46.57800,1919.000,7
13:02:46.77300,1919.000,10
13:02:47.13600,1919.000,152
13:02:47.17900,1919.000,5
13:02:47.23800,1919.000,5
13:02:47.41400,1919.000,4
13:02:48.19100,1919.250,5
13:02:48.32000,1919.250,114
13:02:48.44500,1919.250,4
13:02:48.77700,1919.250,29
13:02:49.13600,1919.000,1
13:02:49.57400,1919.250,1
13:02:50.71400,1919.000,89
13:02:51.14800,1919.000,1
13:02:51.23800,1918.750,1
13:02:51.76100,1919.000,20
13:02:52.10100,1919.000,4
13:02:52.74200,1919.000,59
13:02:52.91400,1919.000,16
13:02:53.05400,1919.000,18
13:02:53.16000,1919.250,1
13:02:53.26100,1919.250,1
13:02:54.30800,1919.250,5
13:02:56.55000,1919.250,1
13:02:56.95700,1919.250,130
13:02:57.34700,1919.250,3
13:02:57.41400,1919.250,15
13:02:58.28500,1919.250,2
13:02:59.11700,1919.250,21
13:03:00.16700,1919.250,6
13:03:01.73400,1919.250,1
13:03:01.93300,1919.000,4
13:03:02.09300,1919.250,2
13:03:03.02300,1919.250,1
13:03:04.70300,1919.250,1
13:03:05.04600,1919.000,2
13:03:05.66400,1919.250,21
13:03:05.90600,1919.000,62
13:03:05.90600,1919.000,9
13:03:06.44900,1919.000,1
13:03:06.64400,1919.000,50
13:03:06.88200,1918.750,2
13:03:07.93700,1919.000,1
13:03:09.25300,1919.000,44
13:03:09.47200,1919.000,27
13:03:10.78900,1919.000,33
13:03:11.13600,1919.000,14
13:03:11.73400,1919.000,15
13:03:12.01500,1919.000,3
13:03:12.31200,1919.000,17
13:03:13.05400,1919.250,1
13:03:15.46800,1919.000,1
13:03:17.62100,1919.250,2
13:03:18.92900,1919.250,95
13:03:19.23400,1919.250,1
13:03:19.31600,1919.250,2
13:03:19.46000,1919.500,5
13:03:19.59700,1919.500,3
13:03:19.71800,1919.250,55
13:03:20.39400,1919.500,1
13:03:20.67100,1919.500,2
13:03:21.41400,1919.250,20
13:03:21.87500,1919.500,1
13:03:22.43700,1919.500,103
13:03:23.62100,1919.500,1
13:03:24.19100,1919.500,1
13:03:24.72200,1919.500,10
13:03:25.38600,1919.500,3
13:03:25.62500,1919.500,6
13:03:26.24600,1919.250,2
13:03:27.02300,1919.500,1
13:03:29.07800,1919.500,47
13:03:29.25700,1919.500,9
13:03:29.94100,1919.500,35
13:03:30.14400,1919.500,1
13:03:31.44500,1919.750,79
13:03:31.58200,1919.750,6
13:03:31.75700,1919.500,1
13:03:32.76500,1919.750,1
13:03:35.41400,1919.500,1
13:03:36.15600,1919.750,29
13:03:37.57000,1919.750,4
13:03:38.16000,1919.750,102
13:03:38.30800,1919.750,25
13:03:39.23400,1919.750,10
13:03:40.04200,1919.500,1
13:03:40.71800,1919.750,1
13:03:41.33500,1919.500,6
13:03:41.64400,1919.750,1
13:03:43.72200,1919.750,3
13:03:44.08900,1919.750,1
13:03:44.26900,1919.750,57
13:03:44.27300,1919.750,26
13:03:44.35900,1919.750,15
13:03:44.88200,1919.500,21
13:03:45.18300,1919.500,80
13:03:45.27300,1919.500,1
13:03:45.84300,1919.750,1
13:03:48.12500,1919.500,2
13:03:48.50300,1919.750,1
13:03:49.07000,1919.750,2
13:03:49.45300,1919.750,1
13:03:50.51100,1919.500,1
13:03:51.68300,1919.750,1
13:03:52.67500,1919.750,1
13:03:52.83900,1919.750,2
13:03:53.07400,1919.750,8
13:03:53.39000,1919.500,1
13:03:54.04600,1919.500,42
13:03:54.09700,1919.500,26
13:03:54.82400,1919.500,31
13:03:55.16000,1919.500,6
13:03:55.26900,1919.500,4
13:03:55.80400,1919.250,1
13:03:56.97200,1919.500,66
13:03:59.07400,1919.500,3
13:03:59.57400,1919.500,6
13:04:00.28500,1919.500,1
13:04:00.62500,1919.500,10
13:04:04.16000,1919.500,1
13:04:05.36700,1919.500,1
13:04:05.61300,1919.500,1
13:04:07.89400,1919.500,2
13:04:09.82000,1919.500,81
13:04:10.59700,1919.500,6
13:04:10.65600,1919.500,8
13:04:12.82000,1919.500,8
13:04:13.86700,1919.500,1
13:04:15.53900,1919.500,1
13:04:16.19500,1919.250,2
13:04:17.94900,1919.250,1
13:04:18.48000,1919.250,8
13:04:19.25300,1919.250,78
13:04:19.86700,1919.250,21
13:04:20.31200,1919.250,1
13:04:22.08500,1919.250,2
13:04:26.88600,1919.500,4
13:04:30.00300,1919.250,1
13:04:30.40200,1919.500,49
13:04:30.42100,1919.500,80
13:04:30.58200,1919.500,1
13:04:32.85500,1919.500,264
13:04:34.84300,1919.250,7
13:04:35.87100,1919.500,4
13:04:36.63200,1919.500,42
13:04:39.67100,1919.500,5
13:04:42.03900,1919.000,236
13:04:44.72200,1919.000,1
13:04:45.79600,1919.000,1
13:04:46.39000,1919.000,1
13:04:46.66700,1918.750,61
13:04:48.74600,1918.750,1
13:04:48.93700,1918.750,4
13:04:50.19900,1919.000,71
13:04:50.19900,1919.000,10
13:04:51.73800,1919.000,84
13:04:52.16400,1919.250,1
13:04:52.58900,1919.000,6
13:04:53.30400,1919.000,36
13:04:54.17500,1919.250,3
13:04:55.66000,1919.000,113
13:04:56.48800,1919.250,2
13:04:58.01900,1919.000,1
13:04:58.32400,1919.250,56
13:04:58.34300,1919.250,6
13:04:58.44900,1919.250,2
13:04:58.71400,1919.250,2
13:05:01.29600,1919.250,5
13:05:02.30400,1919.250,1
13:05:03.30000,1919.250,35
13:05:03.30000,1919.250,25
13:05:03.96000,1919.250,1
13:05:05.22200,1919.250,20
13:05:05.24600,1919.250,41
13:05:05.37100,1919.250,3
13:05:05.46400,1919.250,23
13:05:09.95300,1919.000,80
13:05:10.26900,1919.000,5
13:05:10.74200,1919.000,5
13:05:11.03500,1919.000,1
13:05:11.91400,1919.000,12
13:05:12.56600,1919.000,81
13:05:14.34300,1919.000,1
13:05:14.69100,1919.000,1
13:05:15.07800,1919.000,28
13:05:15.33500,1919.000,1
13:05:16.51500,1919.000,1
13:05:17.01100,1918.750,68
13:05:18.02700,1918.500,2
13:05:18.61300,1918.750,1
13:05:19.80800,1918.500,2
13:05:22.79200,1918.750,107
13:05:23.01500,1918.750,3
13:05:23.14000,1918.750,1
13:05:24.18300,1918.750,1
13:05:25.53100,1918.750,5
13:05:25.75700,1918.750,8
13:05:25.93300,1918.750,4
13:05:26.48400,1918.750,1
13:05:27.87500,1918.750,1
13:05:28.58200,1918.750,1
13:05:28.84700,1918.750,43
13:05:28.94500,1918.750,3
13:05:29.66400,1918.750,26
13:05:30.32000,1918.500,119
13:05:30.52700,1918.500,39
13:05:31.46400,1918.500,2
13:05:33.01500,1918.750,49
13:05:33.27700,1918.750,3
13:05:34.17500,1918.500,56
13:05:34.27700,1918.500,2
13:05:34.51500,1918.750,2
13:05:35.42900,1918.750,75
13:05:35.84300,1918.750,2
13:05:38.84300,1918.750,3
13:05:40.64400,1918.750,1
13:05:41.22200,1918.750,2
13:05:41.73800,1918.750,20
13:05:43.47600,1919.000,3
13:05:43.74200,1919.000,4
13:05:44.85100,1918.750,1
13:05:48.57000,1919.000,52
13:05:49.33900,1919.250,1
13:05:53.52700,1919.000,1
13:05:54.19500,1919.000,1
13:05:55.92900,1919.250,1
13:05:56.44900,1919.000,35
13:05:58.94500,1919.000,1
13:05:59.44900,1919.250,1
13:06:04.96400,1919.000,36
13:06:07.08500,1918.750,5
13:06:08.06600,1919.000,231
13:06:09.88200,1919.000,1
13:06:10.10900,1919.000,1
13:06:11.32400,1918.750,41
13:06:11.83900,1918.500,6
13:06:12.14800,1918.500,95
13:06:12.28900,1918.500,2
13:06:13.79600,1918.500,20
13:06:13.96400,1918.500,1
13:06:14.18700,1918.500,1
13:06:14.89000,1918.500,33
13:06:15.37500,1918.250,4
13:06:15.56200,1918.500,5
13:06:16.42900,1918.500,5
13:06:16.59300,1918.250,5
13:06:17.83200,1918.250,5
13:06:17.96800,1918.250,5
13:06:18.35100,1918.250,4
13:06:20.28900,1918.250,97
13:06:24.97200,1918.250,1
13:06:26.05800,1918.500,6
13:06:26.33500,1918.500,80
13:06:26.45300,1918.500,6
13:06:27.12800,1918.500,4
13:06:31.11700,1918.500,3
13:06:32.17100,1918.500,1
13:06:33.45300,1918.750,4
13:06:36.17500,1918.750,33
13:06:36.50000,1919.000,1
13:06:37.03900,1918.750,49
13:06:37.14400,1918.750,6
13:06:38.51100,1918.750,5
13:06:41.63600,1919.000,5
13:06:43.16000,1919.000,2
13:06:44.56200,1918.750,42
13:06:47.07400,1918.750,9
13:06:50.88200,1918.750,102
13:06:54.14800,1918.750,1
13:06:56.10900,1918.750,1
13:06:58.94500,1918.750,1
13:06:59.37800,1918.750,13
13:07:02.36700,1918.750,9
13:07:02.57800,1918.750,1
13:07:04.70300,1918.750,67
13:07:04.79600,1919.000,144
13:07:06.63200,1919.250,93
13:07:06.84700,1919.250,2
13:07:07.32400,1919.500,1
13:07:08.04600,1919.500,1
13:07:08.86300,1919.500,2
13:07:09.31200,1919.250,1
13:07:10.49600,1919.500,4
13:07:11.15200,1919.250,59
13:07:11.47600,1919.250,38
13:07:12.31600,1919.250,4
13:07:14.51900,1919.250,1
13:07:14.85900,1919.250,37
13:07:14.91700,1919.500,50
13:07:16.05800,1919.250,1
13:07:16.96400,1919.250,2
13:07:17.90600,1919.250,1
13:07:18.69500,1919.250,1
13:07:18.87100,1919.500,304
13:07:21.18300,1919.250,1
13:07:22.54200,1919.250,1
13:07:22.87500,1919.250,107
13:07:25.84700,1919.250,2
13:07:27.07000,1919.250,50
13:07:27.18700,1919.500,6
13:07:27.64400,1919.250,2
13:07:29.47600,1919.500,1
13:07:29.62800,1919.250,1
13:07:30.69900,1919.250,5
13:07:35.75700,1919.250,1
13:07:36.95300,1919.250,2
13:07:37.44500,1919.250,5
13:07:37.53500,1919.250,1
13:07:39.27700,1919.250,122
13:07:40.53100,1919.250,2
13:07:40.78500,1919.250,46
13:07:41.47200,1919.250,7
13:07:41.91400,1919.250,1
13:07:46.79200,1919.500,1
13:07:48.08200,1919.500,162
13:07:48.26900,1919.500,2
13:07:49.01900,1919.500,14
13:07:49.38600,1919.750,10
13:07:50.93300,1919.500,1
13:07:51.35500,1919.500,94
13:07:52.20700,1919.500,1
13:07:54.47600,1919.500,20
13:07:55.52300,1919.500,1
13:07:56.16400,1919.500,3
13:07:56.81600,1919.500,21
13:07:57.50700,1919.500,107
13:07:58.13200,1919.250,1
13:07:59.08200,1919.250,1
13:08:02.24200,1919.500,13
13:08:03.82800,1919.250,1
13:08:05.46000,1919.250,1
13:08:06.05800,1919.500,1
13:08:07.42900,1919.500,1
13:08:10.80800,1919.500,10
13:08:11.35500,1919.500,165
13:08:11.80400,1919.500,3
13:08:12.01900,1919.500,1
13:08:12.90600,1919.250,2
13:08:14.23400,1919.500,1
13:08:14.91000,1919.250,2
13:08:15.89400,1919.500,1
13:08:20.48400,1919.500,42
13:08:22.11700,1919.500,95
13:08:24.69100,1919.500,1
13:08:25.32400,1919.250,5
13:08:26.27300,1919.250,64
13:08:26.55400,1919.250,1
13:08:26.68300,1919.250,1
13:08:27.21000,1919.250,1
13:08:30.29200,1919.250,5
13:08:32.31200,1919.250,1
13:08:32.71400,1919.250,78
13:08:36.78100,1919.250,1
13:08:39.74600,1919.250,41
13:08:44.82800,1919.250,2
13:08:48.45700,1919.500,117
13:08:48.51900,1919.500,5
13:08:48.93700,1919.750,5
13:08:50.65600,1919.500,129
13:08:51.30800,1919.500,46
13:08:51.58500,1919.500,23
13:08:52.33900,1919.250,2
13:08:52.77300,1919.500,1
13:08:55.45300,1919.500,1
13:08:56.63600,1919.500,1
13:09:03.77700,1919.250,68
13:09:04.93300,1919.000,4
13:09:05.31600,1919.000,3
13:09:08.39000,1919.250,1
13:09:08.58500,1919.250,5
13:09:09.83900,1919.250,37
13:09:10.84700,1919.000,1
13:09:11.14800,1919.250,21
13:09:13.83200,1919.250,1
13:09:15.71800,1919.500,170
13:09:15.84700,1919.750,1
13:09:16.03100,1919.750,2
13:09:16.46000,1919.750,197
13:09:18.40200,1919.750,1
13:09:19.07800,1919.750,17
13:09:19.80800,1919.750,2
13:09:21.10100,1920.000,72
13:09:21.19100,1920.250,309
13:09:21.28500,1920.250,77
13:09:21.32800,1920.250,1
13:09:21.46000,1920.250,1
13:09:22.00300,1920.000,96
13:09:22.23000,1920.000,5
13:09:22.64400,1920.000,1
13:09:22.75300,1920.000,5
13:09:22.87100,1920.000,43
13:09:23.46400,1920.250,1
13:09:24.74600,1920.000,3
13:09:25.35900,1920.250,2
13:09:25.92100,1920.000,1
13:09:27.10900,1920.250,2
13:09:27.18700,1920.250,1
13:09:28.11300,1920.250,2
13:09:28.35100,1920.000,1
13:09:28.48800,1920.250,44
13:09:29.50000,1920.250,4
13:09:29.71800,1920.250,1
13:09:29.84700,1920.250,5
13:09:30.59300,1920.250,1
13:09:31.92500,1920.250,2
13:09:32.61700,1920.250,35
13:09:32.61700,1920.250,75
13:09:32.85900,1920.250,166
13:09:32.92500,1920.000,1
13:09:33.72600,1920.250,1
13:09:35.48400,1920.250,62
13:09:35.74200,1920.250,18
13:09:35.89000,1920.500,16
13:09:36.09700,1920.500,1
13:09:36.22600,1920.250,1
13:09:37.26500,1920.500,5
13:09:38.38200,1920.500,5
13:09:38.88200,1920.250,8
13:09:39.79200,1920.250,1
13:09:39.91700,1920.250,1
13:09:40.21400,1920.500,2
13:09:40.64000,1920.250,78
13:09:40.74600,1920.250,4
13:09:41.12100,1920.250,1
13:09:41.57000,1920.250,3
13:09:42.97200,1920.250,4
13:09:43.79600,1920.250,2
13:09:44.26900,1920.250,5
13:09:45.14000,1920.000,3
13:09:45.36700,1920.250,1
13:09:45.51100,1920.000,134
13:09:45.65600,1920.250,62
13:09:46.65600,1920.000,99
13:09:46.76100,1920.000,1
13:09:46.87800,1920.000,10
13:09:47.37100,1920.250,1
13:09:48.39400,1920.000,68
13:09:48.48800,1920.000,6
13:09:48.87800,1920.250,1
13:09:49.07000,1920.000,4
13:09:49.90600,1919.750,151
13:09:50.61700,1919.750,3
13:09:51.02700,1919.500,142
13:09:51.35500,1919.750,61
13:09:52.10900,1919.750,46
13:09:52.11300,1919.750,35
13:09:52.75300,1919.750,19
13:09:53.78900,1919.750,46
13:09:54.12100,1919.750,14
13:09:55.26100,1919.500,2
13:09:56.87100,1919.750,1
13:09:57.12100,1919.500,186
13:09:59.33200,1919.500,1
13:09:59.77700,1919.750,3
13:10:02.42500,1919.500,46
13:10:02.50300,1919.750,3
13:10:02.63200,1919.500,1
13:10:04.04600,1919.500,2
13:10:05.44100,1919.500,68
13:10:05.51500,1919.500,19
13:10:05.63200,1919.500,7
13:10:06.30400,1919.500,1
13:10:06.76500,1919.500,9
13:10:07.66000,1919.500,27
13:10:07.94500,1919.500,4
13:10:08.10500,1919.500,22
13:10:08.16700,1919.500,18
13:10:08.48000,1919.500,62
13:10:08.65600,1919.500,10
13:10:08.89000,1919.500,1
13:10:12.01100,1919.500,58
13:10:12.18300,1919.500,11
13:10:12.32000,1919.500,9
13:10:12.74600,1919.500,1
13:10:13.14800,1919.000,97
13:10:13.40200,1919.000,73
13:10:14.02700,1919.000,2
13:10:19.33900,1919.000,61
13:10:20.90600,1918.750,4
13:10:21.87800,1918.750,1
13:10:23.42100,1919.000,1
13:10:23.84700,1919.000,1
13:10:24.57000,1918.750,1
13:10:25.15200,1919.000,70
13:10:26.34300,1918.750,1
13:10:27.11700,1918.750,1
13:10:28.71000,1919.000,18
13:10:28.76100,1919.250,2
13:10:28.84300,1919.250,1
13:10:29.33500,1919.000,3
13:10:30.88600,1919.000,2
13:10:32.58500,1919.000,1
13:10:32.80800,1919.250,6
13:10:35.02300,1919.250,1
13:10:36.04600,1919.250,1
13:10:37.09700,1919.000,2
13:10:39.88600,1919.250,92
13:10:40.23800,1919.250,1
13:10:43.23800,1919.250,1
13:10:48.79200,1919.000,6
13:10:49.84300,1919.000,130
13:10:50.41000,1919.000,3
13:10:51.37100,1919.250,74
13:10:55.68300,1919.500,1
13:11:03.00700,1919.500,25
13:11:04.94900,1919.250,58
13:11:05.84700,1919.500,1
13:11:08.37800,1919.250,17
13:11:10.51100,1919.000,93
13:11:11.21800,1919.000,82
13:11:11.46400,1919.000,92
13:11:13.26100,1919.250,88
13:11:13.46400,1919.000,2
13:11:14.65200,1919.000,2
13:11:14.90600,1919.000,2
13:11:16.10900,1919.000,2
13:11:17.03100,1919.250,1
13:11:17.47200,1919.000,101
13:11:19.12100,1919.250,1
13:11:22.23800,1919.250,55
13:11:24.05000,1919.250,5
13:11:24.57000,1919.250,5
13:11:27.42100,1919.500,2
13:11:29.40200,1919.500,1
13:11:30.43300,1919.500,1
13:11:31.40200,1919.750,84
13:11:33.39400,1919.500,1
13:11:33.72200,1919.750,65
13:11:34.33200,1919.750,42
13:11:35.48400,1919.500,1
13:11:36.37800,1919.750,1
13:11:36.58900,1919.750,13
13:11:36.94900,1919.750,43
13:11:37.37500,1919.500,2
13:11:37.76100,1919.750,33
13:11:40.59300,1919.500,1
13:11:41.82000,1919.750,37
13:11:43.90200,1919.750,23
13:11:44.05800,1919.750,2
13:11:45.39400,1919.750,5
13:11:47.47200,1920.000,12
13:11:47.75300,1919.750,34
13:11:48.33200,1919.750,1
13:11:49.03100,1919.750,2
13:11:50.09700,1919.750,1
13:11:52.90200,1919.750,1
13:11:53.76100,1919.750,21
13:11:54.31200,1919.500,157
13:11:54.53500,1919.750,59
13:11:55.07400,1919.500,1
13:11:57.47200,1919.750,1
13:11:59.95700,1919.500,1
13:12:01.26900,1919.500,57
13:12:01.48400,1919.500,1
13:12:01.76100,1919.250,2
13:12:01.96400,1919.250,56
13:12:03.54200,1919.500,5
13:12:07.08200,1919.250,1
13:12:09.09700,1919.250,1
13:12:09.73800,1919.500,69
13:12:12.55800,1919.500,1
13:12:20.41400,1919.500,6
13:12:21.51900,1919.250,37
13:12:21.64800,1919.250,100
13:12:23.14400,1919.250,34
13:12:23.60900,1919.250,2
13:12:27.31600,1919.500,2
13:12:27.45700,1919.500,72
13:12:36.91400,1919.500,1
13:12:38.43700,1919.500,30
13:12:38.62500,1919.500,9
13:12:39.02300,1919.250,5
13:12:39.89000,1919.500,82
13:12:40.47600,1919.500,1
13:12:41.74600,1919.250,6
13:12:42.35500,1919.250,2
13:12:44.15600,1919.250,1
13:12:45.87100,1919.250,10
13:12:49.08500,1919.500,1
13:12:50.36300,1919.250,130
13:12:50.44900,1919.250,16
13:12:50.80800,1919.250,18
13:12:51.42900,1919.000,1
13:12:52.52700,1919.250,29
13:12:52.66400,1919.250,9
13:12:54.95300,1919.250,1
13:12:55.18700,1919.250,1
13:12:55.85900,1919.500,125
13:12:57.87100,1919.500,56
13:12:58.53900,1919.500,1
13:13:00.68300,1919.250,7
13:13:04.61300,1919.250,54
13:13:04.67500,1919.250,1
13:13:06.39800,1919.250,2
13:13:07.01900,1919.250,15
13:13:09.82800,1919.250,396
13:13:09.96000,1919.250,2
13:13:10.28100,1919.250,86
13:13:11.08500,1919.250,75
13:13:12.06600,1919.250,31
13:13:13.09300,1919.250,2
13:13:13.32400,1919.250,1
13:13:17.69900,1919.250,1
13:13:20.22200,1919.500,4
13:13:22.91400,1919.500,1
13:13:23.11700,1919.250,1
13:13:24.79200,1919.500,174
13:13:25.20300,1919.500,1
13:13:26.97200,1919.500,32
13:13:31.78900,1919.250,47
13:13:33.49600,1919.500,1
13:13:34.36300,1919.250,36
13:13:34.36300,1919.250,10
13:13:35.08200,1919.250,5
13:13:35.55400,1919.000,235
13:13:37.23800,1919.000,185
13:13:37.92900,1919.250,2
13:13:38.54200,1919.250,2
13:13:38.89800,1919.250,16
13:13:41.89800,1919.000,71
13:13:41.97200,1919.000,5
13:13:43.10100,1919.000,1
13:13:44.45700,1919.000,3
13:13:46.03500,1919.000,11
13:13:47.57400,1919.000,1
13:13:50.11700,1918.750,101
13:13:51.81200,1918.500,6
13:13:52.24200,1918.500,1
13:13:53.32400,1918.500,1
13:13:54.16700,1918.750,15
13:13:54.38200,1918.750,36
13:13:54.56600,1918.750,60
13:13:54.60900,1918.750,1
13:13:54.70700,1918.750,2
13:13:55.11700,1918.750,1
13:13:56.28100,1918.750,67
13:13:56.39800,1918.750,12
13:14:00.46400,1918.750,52
13:14:02.23800,1919.000,20
13:14:02.84300,1918.750,5
13:14:05.67900,1919.000,1
13:14:07.23000,1919.000,2
13:14:08.15200,1918.750,1
13:14:09.59700,1918.750,30
13:14:11.82800,1918.500,1
13:14:13.10100,1918.250,131
13:14:15.22200,1918.250,1
13:14:16.27700,1918.250,2
13:14:17.64400,1918.500,5
13:14:18.01900,1918.500,37
13:14:18.71800,1918.750,1
13:14:18.93700,1918.500,1
13:14:20.17900,1918.500,1
13:14:20.50000,1918.500,1
13:14:21.07800,1918.500,24
13:14:21.21400,1918.500,1
13:14:22.06200,1918.500,4
13:14:22.25000,1918.500,3
13:14:22.92900,1918.500,21
13:14:23.11300,1918.500,13
13:14:23.26500,1918.500,15
13:14:23.50300,1918.500,19
13:14:23.78100,1918.500,5
13:14:23.85100,1918.500,6
13:14:23.92100,1918.500,3
13:14:25.26900,1918.500,1
13:14:28.23000,1918.500,1
13:14:28.80000,1918.750,76
13:14:30.35100,1918.750,1
13:14:31.10900,1918.750,1
13:14:31.55400,1918.750,2
13:14:32.35100,1918.500,1
13:14:34.19100,1918.500,1
13:14:35.49600,1918.750,3
13:14:38.10900,1918.750,91
13:14:38.73000,1918.750,37
13:14:38.75000,1918.750,1
13:14:39.72600,1919.000,316
13:14:40.29200,1919.000,3
13:14:40.85900,1918.750,25
13:14:41.42900,1919.000,2
13:14:41.77300,1919.000,2
13:14:42.66700,1918.750,1
13:14:45.85500,1919.000,1
13:14:47.67900,1919.000,2
13:14:47.78900,1919.000,49
13:14:49.56600,1918.750,1
13:14:51.39000,1918.750,1
13:14:52.14000,1918.750,66
13:14:54.63200,1918.250,665
13:14:54.66400,1918.250,16
13:14:54.94900,1918.000,55
13:14:55.19500,1918.250,4
13:14:56.47200,1918.250,56
13:14:57.62100,1918.500,1
13:14:59.34700,1918.250,1
13:15:00.92500,1918.250,109
13:15:01.24200,1918.250,2
13:15:02.05000,1918.250,1
13:15:03.71400,1918.250,67
13:15:03.93300,1918.250,3
13:15:05.41700,1918.250,11
13:15:05.41700,1918.250,1
13:15:05.76100,1918.000,1
13:15:05.95300,1918.000,1
13:15:06.17100,1918.000,5
13:15:07.56200,1918.000,2
13:15:08.34300,1918.250,57
13:15:08.49600,1918.000,38
13:15:08.77700,1918.250,1
13:15:09.08200,1918.000,13
13:15:09.92900,1918.250,3
13:15:10.19100,1918.000,15
13:15:10.55000,1918.250,67
13:15:11.29600,1918.250,2
13:15:13.77300,1918.250,1
13:15:13.97200,1918.250,15
13:15:15.22200,1918.500,6
13:15:16.08900,1918.250,15
13:15:17.05800,1918.250,1
13:15:19.92500,1918.250,4
13:15:25.66000,1918.500,1
13:15:26.83900,1918.250,1
13:15:29.32800,1918.500,2
13:15:30.76500,1918.250,1
13:15:31.67100,1918.500,1
13:15:32.77300,1918.750,232
13:15:34.88600,1918.500,198
13:15:35.91000,1918.250,15
13:15:37.44500,1918.500,10
13:15:37.76500,1918.250,1
13:15:47.02700,1918.250,4
13:15:47.44900,1918.250,121
13:15:50.20700,1918.500,129
13:15:50.80400,1918.250,5
13:15:53.83200,1918.250,1
13:15:59.23000,1918.500,21
13:16:00.05000,1918.500,1
13:16:01.14400,1918.250,117
13:16:01.50700,1918.250,7
13:16:02.94900,1918.250,25
13:16:04.50700,1918.250,26
13:16:06.54600,1918.500,2
13:16:07.06600,1918.500,38
13:16:13.16400,1918.250,5
13:16:13.61300,1918.500,1
13:16:17.35500,1918.250,1
13:16:17.50700,1918.250,1
13:16:18.16700,1918.500,1
13:16:19.44100,1918.500,1
13:16:20.61700,1918.250,1
13:16:21.87500,1918.250,80
13:16:22.56200,1918.000,114
13:16:22.73000,1918.000,120
13:16:23.51500,1917.750,19
13:16:24.30400,1917.750,1
13:16:24.47200,1917.750,1
13:16:24.52700,1918.000,1
13:16:24.85100,1917.750,1
13:16:25.45300,1917.750,1
13:16:26.17900,1918.000,89
13:16:26.56200,1918.000,1
13:16:29.03500,1918.000,85
13:16:30.08200,1918.000,36
13:16:32.21400,1918.000,1
13:16:32.62500,1918.000,1
13:16:35.49600,1918.000,2
13:16:35.67100,1918.000,17
13:16:35.85500,1918.000,1
13:16:35.92900,1918.000,26
13:16:36.11300,1918.000,21
13:16:36.29200,1918.000,12
13:16:36.39800,1918.000,7
13:16:37.33500,1918.000,22
13:16:39.13600,1917.750,5
13:16:39.60900,1918.000,9
13:16:39.69500,1918.000,26
13:16:39.85900,1917.750,1
13:16:41.25700,1918.000,19
13:16:42.01500,1917.750,42
13:16:42.25300,1918.000,1
13:16:42.86700,1917.750,7
13:16:43.37800,1918.000,4
13:16:43.79600,1917.750,85
13:16:44.30000,1918.000,82
13:16:44.51500,1918.000,2
13:16:44.92100,1917.750,1
13:16:45.69900,1917.750,1
13:16:45.95700,1917.750,151
13:16:46.19500,1917.750,1
13:16:46.88200,1917.750,1
13:16:47.28100,1917.750,58
13:16:47.61700,1917.750,65
13:16:47.71000,1917.750,1
13:16:48.30000,1917.750,2
13:16:50.32400,1917.500,12
13:16:50.52700,1917.500,4
13:16:50.88600,1917.500,1
13:16:51.17900,1917.750,351
13:16:52.10100,1917.500,3
13:16:52.86300,1917.500,69
13:16:53.10100,1917.500,7
13:16:55.19100,1917.500,6
13:16:55.43300,1917.500,3
13:16:55.60900,1917.750,1
13:16:55.87500,1917.750,1
13:16:56.12800,1917.500,2
13:16:56.25700,1917.750,60
13:16:56.46400,1917.500,62
13:16:57.01500,1917.750,5
13:16:57.27300,1917.500,20
13:16:57.51900,1917.750,1
13:16:57.63600,1917.750,4
13:16:58.90400,1917.500,9
13:16:59.19900,1917.750,2
13:16:59.66700,1917.750,1
13:17:01.88200,1917.500,184
13:17:02.01500,1917.500,77
13:17:02.19100,1917.500,1
13:17:03.00300,1917.500,8
13:17:03.72200,1917.500,1
13:17:03.94500,1917.750,46
13:17:05.16400,1917.750,28
13:17:05.23000,1917.750,70
13:17:05.54200,1917.750,24
13:17:05.72600,1917.750,13
13:17:05.72600,1917.750,2
13:17:06.49200,1917.500,2
13:17:06.97200,1917.500,1
13:17:07.54600,1917.500,56
13:17:07.82400,1917.500,23
13:17:08.42900,1917.500,10
13:17:08.71400,1917.500,3
13:17:09.08200,1917.750,1
13:17:09.22600,1917.500,12
13:17:09.51100,1917.500,5
13:17:10.78100,1917.250,50
13:17:10.85900,1917.000,290
13:17:11.10900,1917.000,35
13:17:11.30400,1917.250,4
13:17:11.44100,1917.000,10
13:17:11.63600,1917.000,8
13:17:11.71400,1917.000,1
13:17:12.07800,1917.000,51
13:17:12.09300,1917.000,86
13:17:12.51100,1916.750,35
13:17:12.68300,1916.750,3
13:17:13.03500,1917.000,7
13:17:13.36700,1916.750,2
13:17:13.60500,1917.000,79
13:17:13.84700,1917.250,13
13:17:14.00300,1917.000,1
13:17:14.24200,1917.000,1
13:17:14.53100,1917.000,2
13:17:15.14000,1917.000,11
13:17:16.08900,1917.000,1
13:17:16.28500,1917.000,1
13:17:16.62100,1917.250,1
13:17:16.80400,1917.000,1
13:17:17.11300,1917.000,1
13:17:17.25000,1917.000,1
13:17:17.87100,1917.000,1
13:17:18.37100,1917.000,2
13:17:18.50700,1917.000,50
13:17:18.72600,1917.250,1
13:17:19.59700,1917.250,2
13:17:19.91000,1917.000,1
13:17:20.15600,1917.000,5
13:17:21.14800,1917.000,4
13:17:21.23800,1917.000,10
13:17:21.94100,1917.000,3
13:17:22.10900,1917.000,5
13:17:22.39800,1917.000,3
13:17:22.57400,1917.000,1
13:17:22.74200,1917.000,1
13:17:23.30800,1917.000,1
13:17:23.48400,1917.000,1
13:17:24.66000,1917.250,84
13:17:25.33900,1917.500,2
13:17:25.63200,1917.250,2
13:17:26.12500,1917.500,67
13:17:26.59700,1917.500,3
13:17:27.00300,1917.500,5
13:17:27.64000,1917.500,1
13:17:28.04200,1917.500,6
13:17:29.37100,1917.500,4
13:17:30.69100,1917.250,66
13:17:30.70300,1917.000,143
13:17:30.93700,1917.250,1
13:17:31.76100,1917.000,65
13:17:32.41700,1917.000,2
13:17:32.91000,1916.750,1
13:17:33.90600,1916.750,2
13:17:34.29200,1916.750,4
13:17:34.74600,1917.000,2
13:17:34.80000,1917.000,1
13:17:35.01100,1916.750,1
13:17:35.30400,1916.750,1
13:17:35.80800,1916.750,2
13:17:36.97200,1916.750,2
13:17:37.10500,1917.000,1
13:17:37.29600,1917.000,1
13:17:37.41000,1916.750,1
13:17:37.67500,1917.000,120
13:17:37.68700,1917.000,14
13:17:38.35500,1916.750,458
13:17:38.64400,1916.750,4
13:17:40.00000,1916.750,7
13:17:40.89400,1916.750,40
13:17:41.09700,1916.750,1
13:17:41.60100,1917.000,2
13:17:41.93700,1917.000,1
13:17:42.30000,1916.750,36
13:17:42.58900,1916.750,1
13:17:43.14400,1916.750,6
13:17:43.39400,1917.000,43
13:17:43.39800,1916.750,1
13:17:43.68300,1917.000,1
13:17:44.35900,1916.750,5
13:17:44.63200,1917.000,3
13:17:44.84700,1917.000,20
13:17:45.35900,1917.000,1
13:17:46.70300,1916.750,56
13:17:47.25300,1916.750,1
13:17:47.65200,1917.000,1
13:17:47.72200,1917.000,2
13:17:47.92900,1916.750,2
13:17:49.64000,1917.000,8
13:17:50.60100,1916.750,72
13:17:51.02700,1916.500,8
13:17:51.87100,1916.500,1
13:17:52.15600,1916.500,1
13:17:52.51100,1916.750,16
13:17:53.11300,1916.500,11
13:17:53.90200,1916.500,1
13:17:54.17100,1916.500,30
13:17:54.85900,1916.500,1
13:17:55.04600,1916.500,67
13:17:55.04600,1916.500,36
13:17:55.06600,1916.500,82
13:17:55.41700,1916.500,3
13:17:56.20700,1916.500,12
13:17:56.52700,1916.500,4
13:17:56.80400,1916.500,22
13:17:56.95700,1916.500,14
13:17:57.41700,1916.500,1
13:17:57.91700,1916.500,1
13:17:58.60100,1916.750,25
13:17:59.14000,1916.500,2
13:17:59.68700,1916.500,70
13:17:59.73400,1916.250,11
13:17:59.87800,1916.250,5
13:17:59.89400,1916.250,2
13:18:00.06200,1916.500,11
13:18:00.38600,1916.500,54
13:18:00.51900,1916.250,4
13:18:00.92500,1916.500,2
13:18:01.39000,1916.250,96
13:18:01.54200,1916.500,11
13:18:01.62800,1916.500,14
13:18:02.10900,1916.250,6
13:18:02.25700,1916.250,1
13:18:02.80800,1916.250,1
13:18:03.00300,1916.250,137
13:18:03.06600,1916.250,73
13:18:03.12100,1916.250,2
13:18:03.26500,1916.250,1
13:18:03.44900,1916.000,37
13:18:03.48000,1916.000,1
13:18:03.67100,1916.250,2
13:18:03.78900,1916.000,3
13:18:04.19100,1916.250,1
13:18:04.71800,1916.000,10
13:18:04.85500,1916.250,1
13:18:05.16000,1916.000,359
13:18:05.33200,1916.250,2
13:18:05.47600,1916.000,1
13:18:05.74600,1916.000,1
13:18:06.33500,1916.000,34
13:18:06.44100,1916.000,1
13:18:06.57000,1916.000,1
13:18:06.85900,1916.000,7
13:18:07.14000,1916.250,2
13:18:07.35900,1916.250,4
13:18:07.91400,1916.000,43
13:18:08.16700,1916.000,5
13:18:08.39000,1916.000,3
13:18:08.82400,1916.000,23
13:18:08.90600,1915.750,6
13:18:09.36300,1915.750,18
13:18:09.54600,1916.000,1
13:18:10.09700,1915.750,61
13:18:10.17500,1915.750,5
13:18:10.35500,1915.750,46
13:18:10.46800,1916.000,49
13:18:10.66700,1915.750,11
13:18:10.83900,1915.750,1
13:18:11.67900,1915.750,7
13:18:12.36700,1916.000,7
13:18:12.56200,1915.750,2
13:18:13.13200,1916.000,1
13:18:13.46400,1915.750,14
13:18:14.01100,1916.000,2
13:18:14.19900,1916.000,1
13:18:14.40200,1915.750,1
13:18:14.45300,1916.000,1
13:18:14.62500,1915.750,3
13:18:14.70700,1915.750,1
13:18:15.17900,1915.750,1
13:18:15.53900,1915.750,3
13:18:15.76500,1915.750,1
13:18:16.42500,1915.750,3
13:18:16.60500,1915.750,2
13:18:16.87800,1916.000,4
13:18:17.01500,1916.000,279
13:18:17.16000,1915.750,2
13:18:17.20300,1915.750,2
13:18:17.58900,1915.750,2
13:18:17.81200,1915.750,2
13:18:18.20300,1915.750,1
13:18:18.77700,1916.000,2
13:18:19.60100,1916.000,3
13:18:20.03500,1915.750,2
13:18:20.37500,1915.750,1
13:18:21.05000,1916.000,1
13:18:21.47200,1916.000,1
13:18:22.04600,1916.000,47
13:18:22.20300,1916.000,12
13:18:22.36700,1916.000,61
13:18:22.50000,1916.000,36
13:18:22.73000,1916.000,3
13:18:23.09300,1915.750,90
13:18:23.27700,1916.000,1
13:18:23.46800,1916.000,1
13:18:24.69500,1916.000,1
13:18:25.51500,1916.000,95
13:18:25.66400,1915.750,3
13:18:25.85900,1916.250,9
13:18:26.03100,1916.000,26
13:18:26.12800,1916.000,5
13:18:26.27300,1916.000,3
13:18:27.10900,1916.250,5
13:18:27.57000,1916.250,2
13:18:27.75000,1916.250,1
13:18:28.34700,1916.250,2
13:18:29.13600,1916.250,1
13:18:29.23000,1916.000,2
13:18:29.57800,1916.000,2
13:18:30.41000,1916.250,1
13:18:30.62100,1916.250,1
13:18:30.79200,1916.000,1
13:18:31.31600,1916.000,2
13:18:31.34700,1916.000,4
13:18:31.90600,1916.250,1
13:18:33.03100,1916.250,123
13:18:33.26500,1916.250,7
13:18:33.45300,1916.500,1
13:18:33.68700,1916.250,1
13:18:34.12500,1916.500,3
13:18:34.39000,1916.500,2
13:18:35.23400,1916.500,1
13:18:35.45700,1916.500,1
13:18:36.33900,1916.500,46
13:18:36.51500,1916.250,5
13:18:37.17500,1916.250,1
13:18:37.39000,1916.500,1
13:18:38.08500,1916.250,1
13:18:38.80400,1916.250,3
13:18:39.14000,1916.250,1
13:18:39.92500,1916.500,132
13:18:40.92100,1916.250,1
13:18:41.68300,1916.500,6
13:18:43.19900,1916.500,1
13:18:43.27700,1916.250,6
13:18:43.68700,1916.500,2
13:18:44.20700,1916.500,2
13:18:45.46800,1916.250,12
13:18:45.92500,1916.500,5
13:18:46.09700,1916.250,1
13:18:46.37800,1916.500,21
13:18:46.70700,1916.250,1
13:18:47.03900,1916.500,2
13:18:47.68700,1916.500,2
13:18:48.11300,1916.500,1
13:18:49.72600,1916.750,168
13:18:50.77700,1916.750,1
13:18:51.26900,1916.750,1
13:18:52.21800,1916.750,15
13:18:52.57400,1916.500,25
13:18:53.37500,1916.750,15
13:18:53.64800,1916.500,2
13:18:54.96400,1916.750,1
13:18:55.11700,1916.500,5
13:18:55.25700,1916.750,2
13:18:56.75700,1916.500,39
13:18:58.54200,1916.250,1
13:18:58.86700,1916.250,2
13:19:00.26100,1916.500,109
13:19:01.22200,1916.500,1
13:19:04.57000,1916.500,71
13:19:06.49600,1916.500,3
13:19:07.90600,1916.500,4
13:19:08.28500,1916.500,89
13:19:09.35900,1916.500,6
13:19:10.34700,1916.500,5
13:19:10.71000,1916.500,5
13:19:11.58200,1916.500,1
13:19:13.55800,1916.750,6
13:19:14.03100,1916.750,1
13:19:14.47200,1916.500,2
13:19:18.70700,1916.750,1
13:19:19.14800,1916.750,1
13:19:21.50000,1916.500,1
13:19:21.50700,1916.750,57
13:19:21.55800,1916.750,5
13:19:21.69500,1916.750,1
13:19:21.85900,1916.750,1
13:19:22.10100,1917.000,8
13:19:23.05800,1916.750,1
13:19:24.17500,1916.750,1
13:19:24.46800,1916.750,6
13:19:25.11300,1916.750,52
13:19:27.65600,1916.500,1
13:19:28.28500,1916.750,55
13:19:29.90200,1916.500,1
13:19:31.30000,1916.500,1
13:19:32.18300,1916.750,99
13:19:34.07800,1916.750,60
13:19:34.13200,1916.750,41
13:19:34.46800,1916.500,48
13:19:36.72200,1916.750,4
13:19:40.82400,1916.750,2
13:19:41.51900,1916.750,1
13:19:41.75700,1916.750,3
13:19:43.02700,1916.750,2
13:19:43.29600,1916.750,1
13:19:43.52300,1916.500,5
13:19:43.61700,1916.500,5
13:19:43.83200,1916.500,1
13:19:45.45300,1916.750,26
13:19:46.58200,1916.750,46
13:19:49.26100,1917.000,6
13:19:51.36700,1916.750,1
13:19:51.70700,1916.750,91
13:19:53.26500,1917.000,1
13:19:54.47200,1917.000,2
13:19:55.38200,1916.750,3
13:19:58.86700,1917.250,140
13:19:59.17500,1917.250,1
13:19:59.37800,1917.250,161
13:19:59.71800,1917.250,61
13:19:59.89400,1917.250,5
13:20:00.51100,1917.000,36
13:20:01.55400,1917.250,1
13:20:01.72200,1917.000,1
13:20:02.34700,1917.250,5
13:20:02.96000,1917.000,1
13:20:03.42900,1917.000,167
13:20:04.32400,1917.250,2
13:20:04.46000,1917.250,2
13:20:05.10500,1917.000,10
13:20:06.50700,1917.000,5
13:20:07.92500,1917.000,2
13:20:08.16400,1917.000,48
13:20:08.18300,1917.000,35
13:20:08.29600,1917.000,10
13:20:08.42500,1917.000,1
13:20:08.77700,1917.000,1
13:20:09.04200,1917.000,1
13:20:09.28900,1917.000,1
13:20:09.53100,1917.000,1
13:20:09.79200,1917.000,30
13:20:09.93700,1916.750,2
13:20:10.33900,1916.750,1
13:20:11.87500,1917.000,5
13:20:13.91700,1916.750,10
13:20:14.22200,1917.000,1
13:20:14.65600,1916.750,1
13:20:15.85900,1917.000,1
13:20:16.23000,1916.750,79
13:20:16.93300,1916.750,37
13:20:17.03100,1916.750,1
13:20:19.37100,1916.750,1
13:20:19.83200,1916.750,68
13:20:19.83200,1916.750,19
13:20:19.94100,1916.750,17
13:20:21.45700,1916.750,4
13:20:22.25300,1916.750,26
13:20:22.60900,1916.750,1
13:20:23.50300,1916.750,13
13:20:23.62800,1916.750,14
13:20:23.62800,1916.750,15
13:20:24.61300,1916.750,51
13:20:26.33900,1916.500,3
13:20:26.46800,1916.500,2
13:20:29.90600,1916.500,3
13:20:32.36700,1916.750,5
13:20:32.85900,1916.500,1
13:20:33.81600,1916.500,1
13:20:33.94900,1916.500,277
13:20:34.54600,1916.500,2
13:20:35.93700,1916.250,149
13:20:39.06200,1916.250,5
13:20:39.35500,1916.250,1
13:20:40.70300,1915.750,711
13:20:41.42500,1916.000,267
13:20:41.50300,1916.250,1
13:20:41.54600,1916.250,5
13:20:41.82800,1916.250,1
13:20:42.40600,1916.000,1
13:20:42.89800,1916.000,2
13:20:43.91400,1916.250,59
13:20:45.70700,1916.250,181
13:20:46.39000,1916.250,1
13:20:46.95300,1916.250,187
13:20:47.71400,1916.250,90
13:20:48.50300,1916.250,1
13:20:48.80800,1916.000,82
13:20:50.25700,1916.000,1
13:20:51.18300,1916.000,13
13:20:51.32400,1916.000,1
13:20:51.92500,1916.000,2
13:20:52.19900,1916.000,1
13:20:52.92500,1916.000,1
13:20:53.62500,1916.250,2
13:20:56.56200,1916.000,5
13:20:57.02700,1916.000,1
13:20:58.67500,1916.250,1
13:20:59.48800,1916.250,158
13:20:59.96800,1916.250,142
13:21:00.82400,1916.000,64
13:21:01.56200,1916.250,4
13:21:02.57800,1916.000,1
13:21:03.06600,1916.000,3
13:21:03.38200,1916.250,66
13:21:03.55400,1916.000,5
13:21:04.26500,1916.250,1
13:21:04.66400,1916.250,1
13:21:04.85900,1916.250,43
13:21:04.94900,1916.500,1
13:21:05.19900,1916.250,82
13:21:06.03100,1916.000,4
13:21:06.16700,1916.000,1
13:21:08.79200,1916.250,1
13:21:09.05800,1916.250,89
13:21:09.95700,1916.250,1
13:21:10.80400,1916.250,1
13:21:11.97200,1916.500,6
13:21:13.30800,1916.250,5
13:21:13.96000,1916.500,38
13:21:14.52700,1916.750,2
13:21:15.16400,1916.500,17
13:21:15.33900,1916.500,1
13:21:15.54200,1916.500,30
13:21:18.41400,1916.250,204
13:21:18.42100,1916.250,308
13:21:18.54600,1916.500,270
13:21:19.09300,1916.500,191
13:21:20.31600,1916.500,113
13:21:20.42500,1916.500,2
13:21:20.83200,1916.250,1
13:21:21.89000,1916.250,50
13:21:22.26900,1916.250,1
13:21:22.56200,1916.250,2
13:21:22.94100,1916.250,83
13:21:23.81200,1916.250,1
13:21:24.62500,1916.000,2
13:21:26.26100,1916.000,6
13:21:28.82800,1916.000,1
13:21:29.68300,1916.000,1
13:21:34.05800,1916.250,2
13:21:34.83200,1916.000,176
13:21:34.91000,1916.000,1
13:21:35.65200,1916.000,5
13:21:35.78900,1916.000,1
13:21:36.82400,1916.000,1
13:21:37.77300,1915.750,227
13:21:38.03500,1915.500,37
13:21:38.23800,1915.500,5
13:21:38.48000,1915.750,14
13:21:39.18700,1915.500,4
13:21:40.27300,1915.750,2
13:21:40.55400,1915.500,7
13:21:41.00700,1915.500,3
13:21:41.48400,1915.500,1
13:21:42.62500,1915.500,2
13:21:44.14000,1915.750,2
13:21:44.81600,1915.750,1
13:21:45.40600,1915.750,2
13:21:45.52300,1915.500,1
13:21:45.68300,1915.500,1
13:21:46.21000,1915.500,10
13:21:47.64000,1915.500,1
13:21:48.15600,1915.500,1
13:21:48.44100,1915.750,1
13:21:48.58900,1915.500,2
13:21:49.10100,1915.500,1
13:21:49.51500,1915.500,1
13:21:49.82800,1915.750,5
13:21:50.10900,1915.500,4
13:21:50.84300,1915.750,2
13:21:51.59700,1915.500,1
13:21:52.83200,1915.750,1
13:21:53.00000,1915.500,12
13:21:53.28100,1915.500,2
13:21:53.37800,1915.500,1
13:21:54.04200,1915.500,1
13:21:54.43700,1915.750,96
13:21:54.47200,1915.750,140
13:21:57.57400,1915.750,1
13:21:57.79600,1915.750,1
13:21:59.63600,1915.750,7
13:22:00.51100,1916.000,2
13:22:01.01500,1915.750,1
13:22:01.68300,1915.750,73
13:22:01.88200,1915.750,19
13:22:02.10100,1916.000,1
13:22:02.70700,1915.750,21
13:22:03.41700,1916.000,8
13:22:03.64400,1915.750,1
13:22:03.68700,1915.750,3
13:22:05.11300,1915.750,1
13:22:05.85900,1916.000,3
13:22:06.16700,1915.750,44
13:22:06.62100,1915.750,15
13:22:06.84700,1915.750,1
13:22:07.00300,1915.750,3
13:22:07.44100,1915.750,42
13:22:07.44100,1915.750,66
13:22:08.80400,1915.750,1
13:22:09.92100,1915.750,111
13:22:10.29600,1915.750,4
13:22:10.64800,1915.750,1
13:22:11.94100,1915.750,1
13:22:12.23800,1915.750,1
13:22:12.48400,1915.750,6
13:22:13.03500,1915.750,1
13:22:13.75700,1915.750,2
13:22:15.03100,1915.750,146
13:22:15.89000,1915.500,387
13:22:16.10100,1916.000,445
13:22:17.15600,1915.750,1
13:22:17.39000,1915.750,1
13:22:18.03500,1915.750,1
13:22:18.76500,1915.750,3
13:22:19.53500,1915.750,10
13:22:20.03500,1915.750,1
13:22:21.33500,1916.000,46
13:22:21.33900,1916.000,111
13:22:21.56600,1916.000,1
13:22:21.73800,1915.750,100
13:22:23.40600,1916.000,10
13:22:23.74600,1916.000,11
13:22:24.17900,1916.000,1
13:22:24.53900,1916.000,1
13:22:25.19100,1916.000,10
13:22:27.49600,1916.250,1
13:22:31.45700,1916.250,2
13:22:31.75000,1916.250,26
13:22:32.60900,1916.250,2
13:22:32.91000,1916.250,164
13:22:33.59700,1916.000,9
13:22:34.47200,1916.250,1
13:22:36.36700,1916.000,1
13:22:36.47600,1916.250,2
13:22:36.73800,1916.250,1
13:22:37.21400,1916.250,2
13:22:37.42500,1916.250,38
13:22:37.48800,1916.250,83
13:22:38.10100,1916.250,2
13:22:38.28900,1916.250,5
13:22:38.53900,1916.250,1
13:22:39.29200,1916.250,1
13:22:40.19500,1916.250,2
13:22:40.89400,1916.250,1
13:22:42.75700,1916.250,1
13:22:43.82800,1916.000,2
13:22:45.25000,1916.250,1
13:22:46.22600,1916.250,1
13:22:50.76900,1916.000,109
13:22:50.77700,1916.000,32
13:22:51.16700,1916.000,1
13:22:51.48400,1916.000,2
13:22:52.04600,1916.250,60
13:22:52.12500,1916.250,22
13:22:55.07400,1916.000,2
13:22:57.69900,1916.000,35
13:23:00.21400,1916.000,5
13:23:00.53500,1916.000,16
13:23:01.02700,1916.000,4
13:23:01.30800,1916.250,1
13:23:02.60900,1916.000,1
13:23:02.68700,1916.000,25
13:23:06.51100,1916.250,28
13:23:08.42100,1916.000,1
13:23:10.82800,1916.250,1
13:23:16.33200,1916.250,1
13:23:16.95300,1916.250,1
13:23:17.65200,1915.750,619
13:23:21.19100,1916.000,165
13:23:21.67100,1915.750,1
13:23:23.88600,1915.750,1
13:23:27.20300,1915.750,77
13:23:27.73000,1915.750,2
13:23:29.04200,1916.000,1
13:23:30.39800,1915.750,1
13:23:30.70300,1915.750,1
13:23:31.38600,1915.750,1
13:23:31.87500,1915.750,1
13:23:33.05000,1916.000,1
13:23:33.89400,1915.750,1
13:23:34.47200,1915.750,2
13:23:37.16400,1915.750,195
13:23:37.43300,1915.750,2
13:23:37.63600,1915.750,68
13:23:38.19500,1915.500,74
13:23:39.26500,1915.500,1
13:23:39.35500,1915.750,1
13:23:39.47200,1915.750,2
13:23:40.39800,1915.750,45
13:23:40.94500,1915.750,63
13:23:41.65200,1915.750,21
13:23:44.00000,1915.750,6
13:23:44.64800,1915.500,89
13:23:45.57000,1915.500,119
13:23:45.80800,1915.750,21
13:23:47.09300,1915.500,25
13:23:47.19500,1915.500,7
13:23:47.19500,1915.500,31
13:23:47.19900,1915.500,65
13:23:48.50000,1915.500,2
13:23:50.33900,1915.500,544
13:23:50.34700,1915.250,196
13:23:50.85100,1915.250,326
13:23:51.36700,1915.250,2
13:23:51.91000,1915.500,2
13:23:52.23800,1915.250,4
13:23:52.81600,1915.500,1
13:23:53.71000,1915.500,2
13:23:54.12800,1915.250,2
13:23:54.40600,1915.250,1
13:23:54.81200,1915.250,2
13:23:55.56600,1915.250,511
13:23:56.56200,1915.500,319
13:23:57.41000,1915.500,2
13:23:58.01100,1915.500,10
13:24:01.11700,1915.250,169
13:24:01.50300,1915.250,46
13:24:01.60100,1915.250,24
13:24:01.69900,1915.250,62
13:24:01.89400,1915.250,54
13:24:03.26900,1915.250,1
13:24:03.93300,1915.250,55
13:24:04.95300,1915.250,7
13:24:05.40200,1915.250,3
13:24:05.63200,1915.000,6
13:24:05.89800,1915.000,5
13:24:06.39400,1915.250,2
13:24:06.94100,1915.250,64
13:24:07.31200,1915.250,2
13:24:07.93300,1915.250,1
13:24:08.52300,1915.250,99
13:24:09.30000,1915.000,1
13:24:09.52700,1915.250,1
13:24:09.62100,1915.250,1
13:24:09.81600,1915.250,1
13:24:10.23400,1915.250,108
13:24:10.28900,1915.000,2
13:24:10.44500,1915.250,18
13:24:12.18300,1915.000,169
13:24:12.47600,1915.000,3
13:24:12.95300,1915.250,29
13:24:13.15200,1915.250,29
13:24:13.33900,1915.250,34
13:24:14.23800,1915.250,59
13:24:15.50300,1915.250,49
13:24:16.06600,1915.250,32
13:24:16.39000,1915.250,1
13:24:16.71400,1915.500,5
13:24:17.35500,1915.250,1
13:24:17.73800,1915.250,1
13:24:17.89800,1915.250,1
13:24:18.49600,1915.500,1
13:24:18.90600,1915.500,1
13:24:19.15600,1915.500,2
13:24:19.58200,1915.500,282
13:24:19.71000,1915.500,55
13:24:19.76500,1915.500,16
13:24:19.85100,1915.500,10
13:24:20.04600,1915.500,12
13:24:20.16700,1915.500,13
13:24:21.37800,1915.500,4
13:24:21.44500,1915.750,1
13:24:21.69100,1915.750,1
13:24:22.11300,1915.750,1
13:24:22.42900,1915.750,1
13:24:22.67500,1915.500,67
13:24:22.89800,1915.500,8
13:24:23.82800,1915.500,18
13:24:24.08500,1915.500,1
13:24:24.45300,1915.250,25
13:24:24.93700,1915.250,1
13:24:25.13600,1915.250,1
13:24:25.31600,1915.500,1
13:24:28.00000,1915.500,9
13:24:28.80000,1915.500,60
13:24:28.82400,1915.500,5
13:24:30.28100,1915.500,1
13:24:31.92100,1915.500,5
13:24:35.49200,1915.500,3
13:24:36.38200,1915.500,1
13:24:37.95700,1915.500,2
13:24:38.73000,1915.500,69
13:24:39.71000,1915.250,2
13:24:41.14800,1915.500,4
13:24:43.03500,1915.500,2
13:24:43.83900,1915.500,1
13:24:44.02700,1915.500,23
13:24:44.22200,1915.500,1
13:24:44.60100,1915.500,20
13:24:46.32400,1915.750,5
13:24:47.09300,1915.750,5
13:24:47.41400,1915.750,1
13:24:48.23000,1915.500,1
13:24:49.52700,1915.750,124
13:24:49.53500,1915.750,19
13:24:51.69500,1915.500,1
13:24:59.73800,1915.750,5
13:24:59.90600,1915.500,2
13:25:00.57800,1915.750,33
13:25:00.67500,1915.750,1
13:25:01.01100,1915.750,31
13:25:01.10500,1915.750,1
13:25:02.67500,1916.000,197
13:25:02.75000,1916.000,58
13:25:04.28900,1916.000,20
13:25:04.85900,1916.250,8
13:25:05.53500,1916.250,3
13:25:06.08200,1916.000,14
13:25:07.50300,1916.250,1
13:25:07.75300,1916.250,2
13:25:07.92100,1916.000,1
13:25:08.30400,1916.000,1
13:25:08.49600,1916.250,2
13:25:08.65600,1916.250,4
13:25:09.02700,1916.250,6
13:25:09.39000,1916.250,2
13:25:09.60500,1916.250,5
13:25:09.93700,1916.250,1
13:25:11.05000,1916.250,2
13:25:11.21400,1916.250,117
13:25:11.25300,1916.250,3
13:25:12.19900,1916.250,35
13:25:12.60500,1916.250,73
13:25:12.72200,1916.250,1
13:25:13.19100,1916.250,1
13:25:13.78500,1916.250,5
13:25:14.49200,1916.250,1
13:25:14.79600,1916.000,148
13:25:15.23800,1916.000,1
13:25:17.03900,1916.250,2
13:25:19.14000,1916.250,2
13:25:20.68300,1916.000,1
13:25:21.56200,1916.000,46
13:25:23.53500,1915.750,69
13:25:25.47600,1915.750,57
13:25:25.94500,1915.750,7
13:25:26.35900,1915.750,18
13:25:26.85900,1915.750,3
13:25:27.91000,1915.750,40
13:25:28.25000,1915.750,12
13:25:29.44500,1915.750,1
13:25:29.91700,1915.750,10
13:25:29.97200,1915.500,4
13:25:30.41700,1915.750,1
13:25:30.60500,1915.500,1
13:25:30.75700,1915.750,56
13:25:31.49600,1915.750,1
13:25:31.60500,1915.750,13
13:25:31.80000,1915.750,1
13:25:32.00000,1915.750,1
13:25:33.24600,1915.750,45
13:25:35.52700,1916.000,5
13:25:36.55000,1916.000,7
13:25:37.88600,1915.750,5
13:25:40.37100,1916.000,6
13:25:40.51100,1916.000,1
13:25:42.00300,1916.000,1
13:25:44.71800,1916.000,41
13:25:45.62500,1916.000,3
13:25:45.86300,1916.000,1
13:25:46.21000,1916.000,113
13:25:46.95300,1916.000,1
13:25:49.95300,1916.000,4
13:25:51.04200,1916.000,1
13:25:55.12100,1916.000,159
13:25:55.74600,1916.000,1
13:25:59.62100,1916.000,1
13:26:02.67900,1916.000,111
13:26:08.10500,1916.000,2
13:26:08.19100,1915.750,11
13:26:08.87100,1916.000,89
13:26:10.37500,1916.250,2
13:26:11.73800,1916.250,3
13:26:12.07000,1916.250,1
13:26:12.56600,1916.250,3
13:26:13.79200,1916.250,1
13:26:17.88200,1916.250,50
13:26:18.62800,1916.250,1
13:26:19.29600,1916.000,103
13:26:19.64400,1916.000,12
13:26:20.35900,1916.000,4
13:26:23.57000,1916.000,1
13:26:23.66700,1916.000,1
13:26:24.86300,1916.000,2
13:26:27.92100,1916.000,1
13:26:28.33200,1915.750,70
13:26:32.54200,1915.750,46
13:26:33.93300,1915.750,2
13:26:34.50300,1915.500,2
13:26:35.03100,1915.500,1
13:26:35.93300,1915.500,2
13:26:36.26900,1915.750,1
13:26:36.48000,1915.750,1
13:26:36.69500,1915.750,1
13:26:37.00000,1915.750,1
13:26:38.36300,1915.500,1
13:26:39.09300,1915.500,1
13:26:42.27300,1915.750,51
13:26:42.45700,1915.500,1
13:26:42.72200,1915.500,88
13:26:42.75300,1915.500,2
13:26:42.86300,1915.250,2
13:26:43.28100,1915.500,138
13:26:44.89400,1915.500,64
13:26:45.03100,1915.750,2
13:26:45.03100,1915.500,16
13:26:45.03100,1915.500,30
13:26:45.15600,1915.500,14
13:26:45.45300,1915.500,6
13:26:45.72200,1915.500,5
13:26:46.10100,1915.500,6
13:26:46.57000,1915.500,27
13:26:46.79600,1915.500,2
13:26:47.41000,1915.500,19
13:26:48.45700,1915.500,1
13:26:51.28900,1915.500,1
13:26:51.56200,1915.250,10
13:26:51.79600,1915.250,1
13:26:52.27700,1915.250,1
13:26:52.66400,1915.250,3
13:26:53.41700,1915.500,1
13:26:54.48400,1915.250,1
13:26:54.76500,1915.500,1
13:26:58.50000,1915.500,1
13:27:00.57400,1915.250,3
13:27:01.05400,1915.250,1
13:27:01.59700,1915.500,141
13:27:01.81600,1915.500,6
13:27:02.75000,1915.500,18
13:27:03.33500,1915.500,22
13:27:04.78500,1915.500,11
13:27:04.87100,1915.500,9
13:27:05.19500,1915.500,6
13:27:05.34700,1915.500,1
13:27:05.89400,1915.500,8
13:27:06.05400,1915.500,7
13:27:07.59700,1915.500,35
13:27:13.88200,1915.750,53
13:27:16.03500,1915.750,1
13:27:18.88600,1915.750,1
13:27:19.36700,1915.750,68
13:27:19.58200,1915.750,2
13:27:20.46000,1915.750,1
13:27:21.19900,1915.750,9
13:27:21.39000,1915.750,32
13:27:24.23400,1915.750,1
13:27:25.08500,1915.750,2
13:27:25.37500,1915.750,53
13:27:26.36700,1915.750,1
13:27:26.75700,1916.000,89
13:27:27.67100,1916.000,45
13:27:27.83500,1916.250,1
13:27:28.60500,1915.750,1
13:27:29.71000,1916.000,2
13:27:30.48000,1915.750,10
13:27:30.73800,1916.000,1
13:27:32.62500,1915.750,1
13:27:33.45700,1916.000,3
13:27:33.50300,1915.750,1
13:27:33.70300,1915.750,6
13:27:34.75700,1915.750,1
13:27:35.86700,1916.000,1
13:27:37.56200,1915.750,1
13:27:38.01100,1916.000,1
13:27:40.21800,1916.000,31
13:27:40.82400,1916.000,17
13:27:41.73000,1916.000,1
13:27:42.33200,1916.000,4
13:27:43.20700,1915.750,10
13:27:43.49200,1916.000,2
13:27:43.95300,1915.750,1
13:27:45.02700,1915.750,1
13:27:46.00000,1916.000,1
13:27:47.82800,1915.750,65
13:27:50.47200,1916.000,1
13:27:53.49600,1916.000,22
13:27:53.63200,1915.750,1
13:27:55.54200,1916.000,1
13:27:55.93700,1916.000,2
13:27:56.93300,1916.000,10
13:27:57.38200,1916.000,1
13:27:59.81600,1915.750,10
13:28:02.03100,1915.750,3
13:28:02.42500,1915.750,10
13:28:04.05000,1916.000,2
13:28:05.19100,1916.000,2
13:28:05.63600,1916.000,4
13:28:06.55400,1916.000,1
13:28:06.61700,1916.000,2
13:28:06.80400,1916.250,122
13:28:07.04600,1916.250,1
13:28:08.38600,1916.250,1
13:28:10.82800,1916.250,1
13:28:12.52300,1916.250,2
13:28:13.41700,1916.250,1
13:28:13.56600,1916.250,1
13:28:13.78100,1916.000,2
13:28:17.19100,1916.000,1
13:28:27.23400,1916.250,5
13:28:29.64800,1916.250,1
13:28:36.14800,1916.250,206
13:28:36.16700,1916.250,1
13:28:36.42900,1916.250,1
13:28:36.56600,1916.500,11
13:28:36.73000,1916.500,3
13:28:36.83200,1916.250,2
13:28:37.56600,1916.500,2
13:28:38.03100,1916.250,6
13:28:39.22600,1916.500,4
13:28:40.36700,1916.250,2
13:28:41.82800,1916.250,221
13:28:42.03900,1916.500,11
13:28:43.54200,1916.500,1
13:28:43.92100,1916.250,8
13:28:44.33200,1916.250,1
13:28:46.22200,1916.250,4
13:28:46.55000,1916.500,4
13:28:46.78500,1916.500,3
13:28:47.08200,1916.500,3
13:28:47.62500,1916.500,7
13:28:48.39000,1916.250,1
13:28:48.90200,1916.500,2
13:28:49.73400,1916.500,5
13:28:50.26100,1916.500,88
13:28:50.37800,1916.500,41
13:28:50.42900,1916.500,12
13:28:50.72600,1916.500,19
13:28:51.40600,1916.250,7
13:28:51.70300,1916.500,28
13:28:51.70700,1916.500,17
13:28:52.07000,1916.500,4
13:28:52.57800,1916.500,1
13:28:54.41000,1916.500,7
13:28:54.60500,1916.250,1
13:28:55.16700,1916.500,1
13:28:55.36300,1916.500,7
13:28:55.90200,1916.500,5
13:28:57.07400,1916.250,1
13:28:58.64400,1916.250,1
13:28:58.89800,1916.250,143
13:29:03.79600,1916.250,2
13:29:04.09300,1916.500,1
13:29:05.12800,1916.500,1
13:29:06.00000,1916.250,5
13:29:07.00700,1916.500,1
13:29:07.33900,1916.500,103
13:29:08.64000,1916.500,1
13:29:10.37100,1916.500,5
13:29:12.73800,1916.500,2
13:29:15.55400,1916.250,1
13:29:16.27300,1916.500,12
13:29:17.34300,1916.500,1
13:29:23.64000,1916.250,1
13:29:24.11700,1916.250,205
13:29:24.17100,1916.250,28
13:29:24.50700,1916.250,10
13:29:25.23800,1916.250,1
13:29:25.87100,1916.250,1
13:29:27.83200,1916.250,54
13:29:27.96000,1916.250,13
13:29:28.96000,1916.250,1
13:29:29.49600,1916.250,59
13:29:29.68700,1916.250,8
13:29:30.14400,1916.250,1
13:29:31.27300,1916.500,1
13:29:32.07000,1916.500,1
13:29:35.61300,1916.500,1
13:29:37.63200,1916.500,10
13:29:38.26900,1916.500,3
13:29:38.80000,1916.250,1
13:29:40.17100,1916.250,3
13:29:41.16000,1916.250,4
13:29:41.50700,1916.250,1
13:29:42.16000,1916.250,4
13:29:46.20300,1916.250,1
13:29:47.42900,1916.500,1
13:29:50.94500,1916.500,8
13:29:52.60900,1916.500,2
13:29:53.37100,1916.500,7
13:29:55.83500,1916.500,2
13:29:55.91400,1916.500,1
13:29:56.65600,1916.500,128
13:29:56.82000,1916.500,11
13:29:57.24200,1916.500,7
13:29:57.48400,1916.500,4
13:29:59.79600,1916.500,1
13:30:00.26900,1916.250,13
13:30:00.36300,1916.250,2
13:30:00.50700,1916.250,1
13:30:00.71400,1916.250,1
13:30:03.10100,1916.500,2
13:30:03.67500,1916.250,71
13:30:04.60900,1916.250,1
13:30:05.00700,1916.250,10
13:30:06.37800,1916.250,1
13:30:06.66000,1916.250,1
13:30:07.66400,1916.250,2
13:30:11.33900,1916.250,1
13:30:12.00000,1916.000,2
13:30:12.55800,1916.000,13
13:30:13.83900,1916.000,16
13:30:14.26100,1916.000,1
13:30:15.39800,1916.000,1
13:30:16.75000,1916.000,1
13:30:18.80400,1916.000,2
13:30:19.10500,1916.000,1
13:30:19.33500,1916.000,1
13:30:20.77300,1916.250,127
13:30:21.03500,1916.250,9
13:30:21.71800,1916.250,2
13:30:22.03500,1916.250,29
13:30:22.27700,1916.250,1
13:30:22.82800,1916.250,1
13:30:24.41700,1916.250,2
13:30:26.49600,1916.250,1
13:30:27.58900,1916.500,96
13:30:28.03500,1916.250,1
13:30:29.00000,1916.500,1
13:30:29.67900,1916.500,148
13:30:29.80800,1916.500,1
13:30:30.85900,1916.250,128
13:30:32.60900,1916.250,1
13:30:33.60900,1916.250,1
13:30:35.73000,1916.250,3
13:30:36.20700,1916.250,1
13:30:37.26900,1916.250,2
13:30:37.62500,1916.250,1
13:30:38.30800,1916.250,72
13:30:39.19100,1916.250,20
13:30:40.44100,1916.250,2
13:30:40.63600,1916.500,2
13:30:48.35500,1916.500,1
13:30:51.07000,1916.250,1
13:30:51.61300,1916.250,1
13:30:55.35900,1916.500,258
13:30:57.22600,1916.500,5
13:30:58.74600,1916.500,2
13:30:59.28100,1916.500,69
13:31:04.23800,1916.250,141
13:31:05.26100,1916.250,1
13:31:07.14400,1916.250,1
13:31:07.74200,1916.250,42
13:31:08.10500,1916.500,1
13:31:09.51100,1916.250,1
13:31:09.86300,1916.500,1
13:31:10.01500,1916.250,5
13:31:12.44500,1916.250,1
13:31:13.08900,1916.250,1
13:31:14.05000,1916.250,146
13:31:14.20700,1916.250,1
13:31:15.18700,1916.500,55
13:31:15.49600,1916.250,1
13:31:15.87100,1916.500,1
13:31:18.57400,1916.500,57
13:31:18.87500,1916.500,11
13:31:23.93700,1916.250,6
13:31:27.83200,1916.250,154
13:31:29.35500,1916.250,45
13:31:30.79600,1916.250,31
13:31:33.21400,1916.250,95
13:31:33.74200,1916.250,1
13:31:34.48800,1916.250,73
13:31:34.58200,1916.250,3
13:31:34.84700,1916.250,1
13:31:35.62800,1916.250,1
13:31:37.04200,1916.250,1
13:31:37.56600,1916.250,1
13:31:41.33900,1916.250,3
13:31:43.71400,1916.250,84
13:31:44.00700,1916.250,7
13:31:44.35900,1916.250,5
13:31:44.78500,1916.250,8
13:31:45.12100,1916.250,5
13:31:45.28100,1916.250,2
13:31:45.57800,1916.250,22
13:31:46.02700,1916.000,1
13:31:46.87500,1916.000,1
13:31:46.97200,1916.250,1
13:31:47.71400,1916.000,1
13:31:48.29200,1916.250,14
13:31:48.94900,1916.250,33
13:31:49.46400,1916.250,47
13:31:50.75700,1916.000,1
13:31:51.37800,1916.250,1
13:31:51.86300,1916.250,50
13:31:54.37800,1916.250,83
13:31:54.46800,1916.250,48
13:31:55.81200,1916.250,72
13:31:56.19500,1916.000,50
13:31:56.38600,1916.250,2
13:31:57.49600,1916.000,1
13:31:59.11300,1916.000,1
13:32:02.74200,1916.000,41
13:32:03.81600,1916.250,1
13:32:05.79600,1916.250,21
13:32:06.76500,1916.250,1
13:32:07.11300,1916.250,1
13:32:11.56600,1916.250,1
13:32:15.44500,1916.250,4
13:32:15.85900,1916.500,1
13:32:16.36700,1916.500,136
13:32:17.08900,1916.750,1144
13:32:17.33500,1916.750,66
13:32:17.37100,1916.750,3
13:32:17.62500,1916.750,1
13:32:18.02300,1916.750,53
13:32:18.27300,1916.750,22
13:32:18.60100,1916.500,2
13:32:18.94500,1916.500,1
13:32:19.21000,1916.750,65
13:32:19.21000,1916.750,10
13:32:19.95700,1916.500,1
13:32:20.59700,1916.500,149
13:32:20.81600,1916.500,6
13:32:23.47600,1916.500,1
13:32:24.05000,1916.750,2
13:32:25.16700,1916.750,1
13:32:25.30400,1916.750,67
13:32:25.64000,1916.500,1
13:32:27.67100,1916.750,1
13:32:28.83500,1916.750,2
13:32:29.27300,1916.750,1
13:32:29.57800,1916.750,1
13:32:30.64800,1916.500,74
13:32:30.91000,1916.750,10
13:32:31.17500,1916.750,1
13:32:32.59700,1916.750,44
13:32:32.94900,1917.000,1
13:32:33.53500,1917.000,1
13:32:34.03900,1917.000,1
13:32:35.20300,1916.750,2
13:32:35.56600,1917.000,4
13:32:35.68300,1916.750,2
13:32:38.79600,1917.000,1
13:32:41.89400,1916.750,1
13:32:43.57000,1917.000,1
13:32:46.04600,1917.000,1
13:32:46.55400,1917.000,1
13:32:46.92500,1917.000,10
13:32:47.06600,1916.750,1
13:32:47.32400,1916.750,12
13:32:48.09300,1917.000,1
13:32:52.21800,1917.000,1
13:32:53.81600,1916.750,1
13:32:55.29200,1916.750,1
13:32:58.93700,1916.750,1
13:32:59.71400,1916.750,1
13:33:00.02300,1917.000,7
13:33:00.21800,1916.750,1
13:33:01.32800,1916.750,1
13:33:01.90200,1916.750,80
13:33:02.71800,1916.750,146
13:33:03.37500,1916.750,1
13:33:04.55400,1916.500,1
13:33:04.87500,1916.750,2
13:33:05.87100,1916.750,2
13:33:06.34300,1916.500,1
13:33:06.70700,1916.500,40
13:33:09.22600,1916.500,2
13:33:10.71800,1916.500,1
13:33:11.92100,1916.500,1
13:33:12.64000,1916.500,2
13:33:12.86700,1916.500,4
13:33:13.04600,1916.500,2
13:33:13.08900,1916.500,1
13:33:13.31600,1916.500,1
13:33:14.06600,1916.750,25
13:33:16.75700,1916.500,1
13:33:17.57000,1916.500,1
13:33:23.41700,1916.250,286
13:33:23.95700,1916.250,1
13:33:24.46800,1916.250,34
13:33:24.51100,1916.250,74
13:33:24.91400,1916.250,77
13:33:26.03900,1916.250,1
13:33:26.64800,1916.500,1
13:33:26.83500,1916.500,2
13:33:28.28500,1916.250,1
13:33:29.23000,1916.250,51
13:33:30.66700,1916.250,8
13:33:31.30000,1916.250,92
13:33:32.27700,1916.250,36
13:33:33.49200,1916.000,2
13:33:34.73400,1916.000,1
13:33:35.82800,1916.000,1
13:33:36.89000,1916.000,101
13:33:41.30400,1916.000,1
13:33:43.75300,1916.000,173
13:33:47.32400,1916.000,1
13:33:49.39000,1916.250,68
13:33:49.39800,1916.250,133
13:33:50.73800,1916.000,1
13:33:51.12100,1916.250,39
13:33:55.06200,1916.750,704
13:33:55.22600,1917.000,1
13:33:56.39000,1917.000,1
13:33:56.95300,1916.750,47
13:33:57.20700,1916.750,32
13:33:57.47600,1917.000,2
13:33:57.87800,1916.750,1
13:33:58.10100,1916.750,5
13:33:58.53100,1917.000,50
13:33:59.16400,1917.000,11
13:33:59.63600,1917.000,1
13:34:00.90600,1916.750,3
13:34:01.59700,1916.750,72
13:34:01.82800,1917.000,36
13:34:02.46400,1917.000,1
13:34:02.82800,1916.750,4
13:34:03.56200,1917.000,1
13:34:04.27700,1917.000,1
13:34:05.00000,1917.000,1
13:34:05.55800,1917.000,10
13:34:06.16700,1917.000,10
13:34:06.89400,1917.000,1
13:34:07.21800,1917.000,1
13:34:08.67100,1917.000,1
13:34:09.01900,1917.000,1
13:34:10.28500,1917.000,2
13:34:13.15200,1917.000,2
13:34:13.59300,1917.000,2
13:34:13.91700,1917.000,100
13:34:14.55400,1917.250,65
13:34:14.55400,1917.250,7
13:34:14.74600,1917.250,5
13:34:15.15200,1917.250,1
13:34:15.20700,1917.250,18
13:34:15.80400,1917.500,21
13:34:15.82800,1917.500,6
13:34:15.90600,1917.500,1
13:34:16.18300,1917.250,9
13:34:16.68700,1917.250,39
13:34:16.90600,1917.250,2
13:34:17.54600,1917.250,2
13:34:17.96800,1917.250,1
13:34:18.61700,1917.250,1
13:34:18.73000,1917.250,33
13:34:18.77700,1917.250,6
13:34:18.94100,1917.250,1
13:34:19.12500,1917.250,8
13:34:19.17900,1917.250,18
13:34:20.12500,1917.250,2
13:34:20.28500,1917.250,5
13:34:21.18700,1917.250,1
13:34:21.42900,1917.250,1
13:34:22.08900,1917.000,3
13:34:22.25300,1917.250,1
13:34:22.53500,1917.250,1
13:34:22.73400,1917.250,6
13:34:23.09300,1917.000,1
13:34:23.31600,1917.250,1
13:34:24.38200,1917.000,3
13:34:25.05400,1917.250,1
13:34:25.44100,1917.250,1
13:34:26.50700,1917.250,1
13:34:27.04200,1917.250,1
13:34:27.58200,1917.250,1
13:34:28.08900,1917.000,302
13:34:28.69900,1917.000,1
13:34:29.23800,1917.250,1
13:34:29.82400,1917.000,2
13:34:30.43700,1917.000,23
13:34:30.59300,1917.000,5
13:34:31.04200,1917.000,2
13:34:31.19500,1916.750,2
13:34:32.20700,1917.000,1
13:34:32.52300,1917.000,1
13:34:33.19900,1917.000,1
13:34:33.27300,1917.000,1
13:34:33.72200,1917.000,1
13:34:36.91700,1916.750,86
13:34:39.19500,1916.750,5
13:34:39.19900,1916.750,21
13:34:39.35900,1917.000,2
13:34:42.11700,1917.000,1
13:34:42.32000,1916.750,1
13:34:43.26100,1916.750,47
13:34:43.35100,1916.750,1
13:34:43.51100,1916.750,46
13:34:45.45300,1916.750,1
13:34:45.83900,1916.750,3
13:34:46.19100,1916.750,23
13:34:46.51500,1916.750,77
13:34:46.93300,1916.750,6
13:34:47.14800,1916.500,2
13:34:47.28100,1916.500,1
13:34:49.61300,1916.500,1
13:34:50.34300,1916.500,160
13:34:51.21000,1916.500,54
13:34:52.72200,1916.500,1
13:34:53.76900,1916.500,1
13:34:54.39000,1916.250,11
13:34:54.64400,1916.250,1
13:34:55.30400,1916.500,53
13:34:55.59700,1916.500,2
13:34:55.87500,1916.750,1
13:34:58.12100,1916.500,2
13:35:00.03500,1916.750,5
13:35:00.48400,1916.750,30
13:35:03.37100,1916.500,13
13:35:04.05400,1916.500,37
13:35:04.12500,1916.500,6
13:35:04.62800,1916.500,1
13:35:04.81600,1916.500,1
13:35:05.22600,1916.750,20
13:35:05.48000,1916.500,1
13:35:12.52700,1916.750,89
13:35:13.03100,1916.500,1
13:35:15.62800,1916.750,5
13:35:15.85900,1916.500,1
13:35:17.07800,1916.750,2
13:35:17.55800,1916.750,1
13:35:21.18700,1916.500,2
13:35:21.67900,1916.750,1
13:35:28.10500,1916.500,15
13:35:37.69500,1916.500,1
13:35:39.07400,1916.750,4
13:35:39.91700,1916.500,10
13:35:41.64800,1916.750,1
13:35:41.92100,1916.750,4
13:35:42.78500,1916.500,185
13:35:43.53900,1916.500,3
13:35:43.74200,1916.500,74
13:35:43.80000,1916.500,3
13:35:44.54200,1916.250,200
13:35:45.26900,1916.500,1
13:35:46.49600,1916.250,1
13:35:46.91000,1916.250,1
13:35:48.07000,1916.250,1
13:35:49.74200,1916.250,1
13:35:50.31600,1916.250,90
13:35:50.58900,1916.250,1
13:35:51.65600,1916.000,11
13:35:51.83900,1916.250,1
13:35:52.48000,1916.000,2
13:35:52.83200,1916.000,16
13:35:53.07800,1916.000,1
13:35:54.23400,1916.250,1
13:35:54.61300,1916.250,3
13:35:54.79200,1916.000,1
13:35:55.31200,1916.000,1
13:35:55.50000,1916.000,1
13:35:56.60100,1916.000,10
13:35:57.41000,1916.250,1
13:35:57.52300,1916.000,1
13:35:57.97200,1916.000,1
13:35:58.97200,1916.000,1
13:35:59.16400,1916.000,49
13:35:59.27700,1916.000,2
13:35:59.85900,1915.500,144
13:36:00.46800,1915.500,7
13:36:01.36300,1915.500,3
13:36:01.53100,1915.500,1
13:36:02.01900,1915.750,1
13:36:02.51900,1915.500,1
13:36:02.55800,1915.500,1
13:36:02.84700,1915.750,1
13:36:03.70700,1915.500,104
13:36:04.19500,1915.750,103
13:36:05.24200,1915.750,50
13:36:05.41000,1915.750,46
13:36:06.21800,1915.750,26
13:36:06.76900,1915.500,2
13:36:07.31600,1915.500,1
13:36:07.60100,1915.500,1
13:36:08.11300,1915.750,1
13:36:08.83500,1915.500,1
13:36:09.17500,1915.500,1
13:36:10.95700,1915.500,1
13:36:11.52700,1915.500,1
13:36:11.86300,1915.500,2
13:36:12.27700,1915.500,1
13:36:13.08500,1915.500,296
13:36:13.14400,1915.500,10
13:36:13.29600,1915.500,3
13:36:13.44500,1915.500,3
13:36:13.57400,1915.500,50
13:36:14.03100,1915.500,5
13:36:14.88200,1915.250,3
13:36:16.74200,1915.500,1
13:36:17.28900,1915.250,4
13:36:17.81600,1915.250,1
13:36:19.70700,1915.250,2
13:36:20.23400,1915.250,1
13:36:21.15200,1915.250,2
13:36:21.53100,1915.500,175
13:36:21.74200,1915.500,4
13:36:22.01900,1915.250,14
13:36:22.40200,1915.250,97
13:36:22.50700,1915.250,2
13:36:24.64400,1915.000,19
13:36:24.76900,1915.250,1
13:36:25.07400,1915.250,2
13:36:25.50300,1915.000,2
13:36:25.84700,1915.000,1
13:36:26.24600,1915.250,1
13:36:26.42500,1915.000,1
13:36:26.61300,1915.000,2
13:36:27.25300,1915.000,2
13:36:27.35500,1915.000,2
13:36:28.01100,1915.250,6
13:36:28.21000,1915.000,1
13:36:28.58500,1915.250,47
13:36:29.38600,1915.250,4
13:36:30.23800,1915.250,1
13:36:30.53900,1915.500,3
13:36:30.86700,1915.250,1
13:36:31.12500,1915.500,9
13:36:31.27700,1915.500,1
13:36:33.32000,1915.500,1
13:36:33.85500,1915.500,11
13:36:34.87100,1915.500,1
13:36:35.77300,1915.500,3
13:36:36.03500,1915.500,1
13:36:37.03900,1915.500,4
13:36:37.25000,1915.250,2
13:36:38.29600,1915.250,6
13:36:38.67500,1915.250,5
13:36:39.55800,1915.250,2
13:36:39.75300,1915.500,84
13:36:41.33500,1915.500,44
13:36:43.30000,1915.750,1
13:36:43.43300,1915.750,1
13:36:43.91000,1915.500,12
13:36:45.01900,1915.500,16
13:36:45.87500,1915.500,1
13:36:46.39800,1915.250,3
13:36:46.96400,1915.500,12
13:36:48.21400,1915.500,19
13:36:50.20300,1915.500,11
13:36:56.44900,1915.500,1
13:36:59.59700,1915.500,1
13:37:00.90600,1915.500,3
13:37:02.09300,1915.500,6
13:37:02.50700,1915.750,2
13:37:02.74600,1915.750,1
13:37:05.36700,1915.750,1
13:37:05.88600,1915.750,81
13:37:07.39000,1916.000,5
13:37:08.71800,1916.000,1
13:37:09.46400,1916.000,6
13:37:09.70300,1916.000,1
13:37:10.20700,1916.000,2
13:37:10.35100,1916.000,1
13:37:10.92500,1916.000,1
13:37:11.45700,1916.000,3
13:37:12.69500,1916.000,9
13:37:14.76900,1916.000,1
13:37:16.17900,1915.750,167
13:37:16.21800,1915.500,2
13:37:16.90200,1915.750,25
13:37:17.22600,1915.750,5
13:37:17.82400,1915.750,28
13:37:19.32000,1915.750,1
13:37:20.32000,1915.750,15
13:37:20.83900,1915.750,23
13:37:21.38200,1915.750,1
13:37:21.84700,1915.500,102
13:37:22.19900,1915.500,17
13:37:22.93700,1915.750,50
13:37:23.86300,1915.750,2
13:37:24.27300,1915.500,2
13:37:29.19500,1915.500,174
13:37:31.48000,1915.250,1
13:37:32.09700,1915.250,1
13:37:32.59700,1915.250,1
13:37:32.88600,1915.250,1
13:37:33.20300,1915.250,1
13:37:34.01100,1915.250,6
13:37:34.26500,1915.250,1
13:37:34.70300,1915.500,32
13:37:34.70300,1915.500,14
13:37:34.84300,1915.500,1
13:37:36.11300,1915.500,1
13:37:36.36300,1915.500,1
13:37:38.26500,1915.750,28
13:37:38.88200,1915.750,1
13:37:40.70300,1915.750,86
13:37:41.92100,1915.750,40
13:37:42.52700,1915.750,15
13:37:43.48800,1915.750,53
13:37:44.53500,1915.750,12
13:37:45.82000,1915.250,407
13:37:45.87100,1915.250,2
13:37:46.03900,1915.000,1
13:37:47.55800,1915.250,30
13:37:47.79200,1915.500,2
13:37:49.61300,1915.500,1
13:37:50.36700,1915.250,1
13:37:50.66700,1915.250,1
13:37:51.94500,1915.000,80
13:37:52.49600,1915.000,1
13:37:52.73000,1915.000,2
13:37:52.86700,1915.000,1
13:37:53.39800,1915.000,2
13:37:55.57400,1915.000,1
13:37:55.78900,1915.250,2
13:37:56.02300,1915.000,1
13:37:56.25300,1915.000,33
13:37:56.64400,1915.000,1
13:37:57.30800,1915.000,1
13:37:58.43700,1915.000,1
13:37:58.94900,1915.000,1
13:37:59.28900,1915.000,5
13:37:59.63600,1915.000,1
13:38:04.31200,1915.250,422
13:38:04.38200,1915.250,98
13:38:04.48400,1915.250,1
13:38:04.56200,1915.250,43
13:38:05.20300,1915.000,1
13:38:06.50700,1915.000,1
13:38:06.85900,1915.250,2
13:38:07.39400,1915.250,1
13:38:08.07400,1915.000,2
13:38:08.94500,1915.000,1
13:38:09.89400,1914.750,380
13:38:10.11700,1915.000,3
13:38:10.25700,1915.000,1
13:38:10.43700,1914.750,3
13:38:11.10900,1914.750,183
13:38:11.27700,1915.000,2
13:38:11.80400,1914.750,11
13:38:12.05400,1914.750,2
13:38:12.39000,1915.000,127
13:38:12.69100,1915.000,3
13:38:13.02300,1915.000,113
13:38:13.55000,1914.750,3
13:38:14.78100,1914.750,5
13:38:16.18700,1914.750,1
13:38:16.39400,1914.750,1
13:38:16.59700,1914.750,1
13:38:16.89000,1914.750,49
13:38:17.42500,1914.750,2
13:38:17.52300,1914.750,2
13:38:17.69900,1914.750,1
13:38:18.82000,1914.750,90
13:38:19.20300,1914.750,72
13:38:19.20300,1914.750,2
13:38:19.54200,1914.750,50
13:38:19.63600,1914.750,17
13:38:19.81200,1914.750,10
13:38:19.88600,1914.750,26
13:38:20.31600,1914.750,2
13:38:20.42100,1914.750,10
13:38:20.58500,1914.750,61
13:38:21.44500,1914.750,12
13:38:21.60900,1914.750,14
13:38:22.23000,1914.750,1
13:38:23.37500,1915.000,1
13:38:24.67500,1914.750,1
13:38:25.28900,1915.000,1
13:38:25.59300,1914.750,25
13:38:28.13200,1914.750,2
13:38:31.21400,1915.000,1
13:38:31.78500,1914.750,5
13:38:33.25000,1914.750,2
13:38:33.76900,1915.000,2
13:38:34.53900,1915.000,1
13:38:34.72600,1915.000,1
13:38:35.03900,1915.000,1
13:38:35.88600,1915.000,170
13:38:36.16700,1915.250,127
13:38:37.53500,1915.500,5
13:38:38.19500,1915.250,43
13:38:38.53100,1915.500,1
13:38:39.41400,1915.500,1
13:38:41.46800,1915.500,68
13:38:41.92100,1915.500,1
13:38:42.92100,1915.500,1
13:38:43.09300,1915.750,7
13:38:43.21400,1915.750,1
13:38:43.73800,1915.750,11
13:38:44.18700,1915.500,5
13:38:44.77300,1915.500,1
13:38:45.54200,1915.500,36
13:38:46.57800,1915.250,17
13:38:47.90200,1915.500,1
13:38:48.07400,1915.500,1
13:38:48.70700,1915.500,1
13:38:49.57400,1915.250,1
13:38:50.63600,1915.250,2
13:38:50.69900,1915.250,1
13:38:51.11700,1915.500,1
13:38:52.12100,1915.250,2
13:38:53.04600,1915.250,2
13:38:53.83500,1915.250,1
13:38:54.35900,1915.250,2
13:38:55.69100,1915.250,1
13:38:56.76900,1915.500,2
13:38:58.16400,1915.500,1
13:38:59.62800,1915.250,4
13:39:00.88600,1915.500,137
13:39:02.03900,1915.500,1
13:39:03.00300,1915.250,1
13:39:04.73800,1915.250,1
13:39:05.05000,1915.250,73
13:39:05.45300,1915.250,2
13:39:06.09300,1914.750,79
13:39:06.49600,1914.750,2
13:39:07.89400,1914.750,1
13:39:08.31200,1915.000,143
13:39:09.67500,1915.000,3
13:39:10.83900,1915.000,5
13:39:11.54600,1914.750,1
13:39:11.88200,1915.000,5
13:39:12.12800,1914.750,1
13:39:12.87500,1915.000,99
13:39:14.66000,1915.000,1
13:39:15.19900,1915.000,2
13:39:15.55000,1915.000,1
13:39:15.68300,1915.000,1
13:39:15.87500,1914.750,1
13:39:16.89400,1914.750,68
13:39:17.02300,1914.750,29
13:39:17.11300,1914.750,11
13:39:17.58900,1915.000,8
13:39:17.92500,1915.000,2
13:39:18.37100,1914.750,2
13:39:19.47200,1914.750,61
13:39:19.82400,1914.750,1
13:39:19.88600,1914.750,20
13:39:20.51100,1914.750,58
13:39:20.62800,1914.750,12
13:39:21.70300,1914.750,17
13:39:22.55800,1914.750,13
13:39:22.93300,1914.750,2
13:39:25.89400,1914.750,55
13:39:26.08200,1914.750,9
13:39:26.18700,1914.500,18
13:39:26.33900,1914.500,24
13:39:27.16700,1914.750,29
13:39:27.75000,1914.750,3
13:39:28.78500,1914.750,129
13:39:29.28900,1915.000,1
13:39:29.53500,1914.750,1
13:39:30.07400,1915.000,2
13:39:30.57800,1915.000,7
13:39:31.55800,1915.000,2
13:39:33.50300,1914.750,6
13:39:33.74200,1915.000,1
13:39:36.11700,1915.000,1
13:39:38.76100,1914.750,5
13:39:38.90600,1915.000,1
13:39:39.18300,1915.000,1
13:39:40.80400,1915.000,81
13:39:41.66700,1915.000,2
13:39:42.91700,1915.000,2
13:39:43.38600,1915.000,1
13:39:44.51900,1915.250,2
13:39:46.08900,1915.000,64
13:39:46.36700,1915.000,6
13:39:47.62800,1915.250,8
13:39:50.46400,1915.000,1
13:39:51.97200,1915.000,1
13:39:52.55000,1915.000,136
13:39:52.65600,1914.750,92
13:39:53.05800,1914.750,12
13:39:53.73800,1914.750,1
13:39:55.72200,1914.750,1
13:39:56.09700,1914.750,2
13:39:56.80800,1914.750,67
13:39:57.57000,1914.750,11
13:39:57.94900,1914.750,21
13:39:58.10500,1914.750,1
13:39:58.36300,1914.750,6
13:39:58.47200,1914.750,68
13:39:59.21000,1914.750,46
13:39:59.44100,1914.750,5
13:39:59.65200,1914.750,3
13:39:59.82400,1914.750,15
13:39:59.87500,1914.750,4
13:40:00.33900,1914.500,17
13:40:00.96400,1914.500,17
13:40:01.08200,1914.500,2
13:40:01.32000,1914.500,1
13:40:01.61700,1914.500,1
13:40:02.75700,1914.500,1
13:40:03.14000,1914.750,1
13:40:03.45700,1914.500,5
13:40:03.67900,1914.500,1
13:40:03.89000,1914.750,54
13:40:04.26900,1914.750,1
13:40:04.60100,1914.500,2
13:40:05.82000,1914.500,1
13:40:06.31600,1914.750,10
13:40:07.20300,1914.750,56
13:40:07.50300,1914.750,2
13:40:07.83500,1914.750,1
13:40:08.52700,1914.750,1
13:40:09.14400,1915.000,3
13:40:09.80400,1914.750,1
13:40:10.21800,1914.750,1
13:40:12.48000,1915.000,1
13:40:15.09300,1915.250,161
13:40:15.35900,1915.000,3
13:40:15.41700,1915.000,3
13:40:15.84300,1915.000,2
13:40:16.36700,1915.000,27
13:40:18.47200,1914.750,44
13:40:22.19500,1915.000,1
13:40:24.90600,1915.000,1
13:40:25.08900,1915.000,1
13:40:25.72200,1915.000,1
13:40:26.19900,1915.000,1
13:40:29.95300,1914.750,1
13:40:30.14000,1914.750,1
13:40:31.35500,1914.750,103
13:40:31.73000,1915.000,20
13:40:33.62800,1914.750,10
13:40:34.26100,1914.750,148
13:40:34.42500,1915.000,5
13:40:34.64400,1915.000,1
13:40:35.73400,1914.750,1
13:40:36.34300,1914.750,5
13:40:36.44900,1915.000,5
13:40:36.95300,1915.000,1
13:40:37.36300,1915.000,63
13:40:37.77700,1915.000,1
13:40:39.50300,1914.750,1
13:40:39.73800,1915.000,20
13:40:40.20300,1914.750,1
13:40:41.72600,1915.000,1
13:40:42.65200,1915.000,2
13:40:43.50300,1914.750,51
13:40:43.61300,1914.750,2
13:40:44.34700,1915.000,1
13:40:44.52700,1915.000,1
13:40:45.39400,1915.000,1
13:40:48.58500,1914.750,89
13:40:48.78500,1914.750,29
13:40:48.83200,1914.750,1
13:40:48.83900,1914.750,2
13:40:49.05400,1914.750,1
13:40:49.26500,1914.750,5
13:40:49.70700,1914.750,53
13:40:49.94100,1914.750,4
13:40:52.28100,1914.750,1
13:40:52.71800,1914.750,45
13:40:54.41000,1915.000,3
13:40:55.10500,1915.000,1
13:40:56.14400,1915.000,5
13:40:56.88200,1914.750,5
13:40:57.81600,1915.000,6
13:40:58.90200,1915.000,1
13:41:02.47600,1914.750,29
13:41:03.07800,1914.750,5
13:41:03.19100,1914.750,22
13:41:03.60500,1914.750,3
13:41:04.07400,1914.750,1
13:41:04.33200,1914.750,9
13:41:04.59700,1914.750,5
13:41:05.04600,1914.750,23
13:41:05.78900,1914.750,1
13:41:06.00300,1914.500,11
13:41:06.29200,1914.500,10
13:41:07.10500,1914.500,2
13:41:07.72200,1914.750,57
13:41:07.89000,1914.750,1
13:41:08.15600,1914.750,8
13:41:09.12800,1914.750,2
13:41:09.43700,1914.750,17
13:41:09.90600,1914.750,1
13:41:10.17100,1914.750,1
13:41:10.45700,1914.500,272
13:41:11.09300,1914.250,50
13:41:11.46800,1914.250,1
13:41:11.80000,1914.000,613
13:41:12.39000,1914.250,140
13:41:12.68300,1914.250,25
13:41:12.95300,1914.500,11
13:41:13.05000,1914.250,2
13:41:13.22200,1914.250,3
13:41:13.54200,1914.250,1
13:41:14.24200,1914.250,6
13:41:14.64400,1914.250,1
13:41:14.81200,1914.250,1
13:41:15.44100,1914.250,1
13:41:15.82000,1914.250,5
13:41:16.42900,1914.250,2
13:41:16.74200,1914.500,1
13:41:17.28500,1914.250,1
13:41:17.48000,1914.500,237
13:41:19.14800,1914.250,2
13:41:19.28100,1914.500,24
13:41:19.49600,1914.500,1
13:41:21.23000,1914.750,3
13:41:21.64000,1914.750,1
13:41:22.12100,1914.500,1
13:41:22.59700,1914.500,2
13:41:22.89800,1914.750,71
13:41:22.90200,1914.750,17
13:41:24.03500,1915.000,7
13:41:24.68700,1915.000,1
13:41:24.91400,1915.000,11
13:41:26.00300,1915.000,1
13:41:27.80000,1914.750,1
13:41:29.09700,1915.000,1
13:41:29.50300,1914.750,1
13:41:30.21000,1915.000,1
13:41:31.71000,1915.000,12
13:41:32.15200,1914.750,1
13:41:32.74200,1914.750,114
13:41:33.72600,1914.750,1
13:41:34.06600,1914.750,3
13:41:35.47200,1914.750,7
13:41:35.86300,1914.750,1
13:41:37.66700,1914.750,1
13:41:39.64800,1914.750,59
13:41:41.54600,1914.750,56
13:41:42.61700,1915.000,1
13:41:44.94500,1915.000,1
13:41:49.76100,1915.000,10
13:41:50.58500,1914.250,410
13:41:50.94900,1914.000,1018
13:41:51.14400,1914.000,74
13:41:51.18300,1914.000,1
13:41:51.26500,1914.000,17
13:41:51.43300,1914.250,1
13:41:51.75000,1914.000,1
13:41:53.59700,1914.250,1
13:41:54.52300,1914.250,2
13:41:55.05000,1914.000,1
13:41:55.54200,1914.250,10
13:41:56.45700,1914.500,135
13:41:56.54600,1914.250,1
13:41:57.43700,1914.500,29
13:41:57.65600,1914.250,1
13:41:59.57400,1914.250,5
13:41:59.68300,1914.500,1
13:42:00.81600,1914.250,265
13:42:00.88600,1914.250,23
13:42:01.58900,1914.250,10
13:42:01.94100,1914.250,10
13:42:02.36700,1914.250,67
13:42:02.55800,1914.250,11
13:42:03.11300,1914.500,1
13:42:03.73400,1914.250,1
13:42:05.30400,1914.250,4
13:42:06.35900,1914.250,1
13:42:06.79200,1914.500,1
13:42:07.22200,1914.250,1
13:42:07.70300,1914.500,1
13:42:08.14000,1914.250,1
13:42:08.77300,1914.250,7
13:42:09.32400,1914.250,2
13:42:11.03900,1914.500,1
13:42:11.42900,1914.500,5
13:42:11.62800,1914.500,11
13:42:11.96400,1914.500,6
13:42:12.51500,1914.500,199
13:42:12.79600,1914.500,73
13:42:15.12100,1914.500,71
13:42:15.72200,1914.500,1
13:42:16.03900,1914.500,1
13:42:20.70300,1914.250,10
13:42:21.71000,1914.250,1
13:42:22.67100,1914.250,2
13:42:23.80800,1914.500,1
13:42:24.78900,1914.500,100
13:42:24.90600,1914.250,10
13:42:25.60900,1914.500,45
13:42:25.81600,1914.500,49
13:42:26.52700,1914.500,6
13:42:30.25300,1914.750,142
13:42:30.39400,1914.750,64
13:42:30.44500,1915.000,11
13:42:31.22200,1915.000,1
13:42:31.57000,1914.750,24
13:42:32.00000,1914.750,20
13:42:32.76500,1914.750,48
13:42:32.87800,1914.750,2
13:42:33.23400,1914.750,1
13:42:33.94900,1914.750,2
13:42:36.55800,1914.750,51
13:42:38.13200,1914.500,3
13:42:40.11300,1914.500,110
13:42:40.83200,1914.250,4
13:42:40.96800,1914.250,50
13:42:42.65200,1914.500,67
13:42:43.11700,1914.500,1
13:42:44.18700,1914.500,5
13:42:44.66700,1914.500,41
13:42:45.08900,1914.500,78
13:42:45.25000,1914.500,4
13:42:48.55000,1914.500,90
13:42:48.62800,1914.500,20
13:42:48.93700,1914.500,9
13:42:49.55000,1914.500,1
13:42:51.73800,1914.500,2
13:42:53.39000,1914.500,158
13:42:53.67900,1914.250,1
13:42:54.06600,1914.250,1
13:42:55.35500,1914.500,1
13:42:55.81200,1914.250,78
13:42:57.17100,1914.250,1
13:42:58.56600,1914.500,1
13:42:59.53500,1914.500,1
13:43:00.76900,1914.500,1271
13:43:01.17100,1914.500,2
13:43:03.22200,1914.500,194
13:43:03.42500,1914.500,1
13:43:04.37100,1914.750,2
13:43:05.11700,1914.250,633
13:43:07.71000,1914.000,2
13:43:08.46000,1914.000,27
13:43:09.25700,1914.250,1
13:43:09.60900,1914.000,6
13:43:10.05000,1913.750,82
13:43:10.05400,1913.750,1
13:43:10.21000,1913.750,1
13:43:10.23800,1913.750,1
13:43:10.35500,1914.000,3
13:43:10.59700,1913.750,212
13:43:10.60900,1913.750,96
13:43:11.07400,1914.000,12
13:43:11.30000,1913.750,6
13:43:11.91400,1913.500,748
13:43:12.10100,1913.500,7
13:43:12.34300,1913.500,14
13:43:12.44900,1913.500,2
13:43:13.34700,1913.750,3
13:43:13.78900,1913.750,99
13:43:13.81600,1913.750,89
13:43:13.92100,1913.500,68
13:43:14.80000,1913.750,6
13:43:14.93300,1913.500,1
13:43:15.37100,1913.750,1
13:43:15.74200,1913.500,24
13:43:15.91000,1913.750,11
13:43:16.15200,1913.500,2
13:43:16.56200,1913.500,1
13:43:16.71400,1913.750,1
13:43:17.13200,1913.750,2
13:43:17.46000,1913.500,4
13:43:17.92500,1913.750,3
13:43:18.29600,1913.750,1
13:43:18.57000,1913.500,1
13:43:18.86300,1913.500,1
13:43:19.26500,1913.750,1
13:43:20.10900,1913.500,1
13:43:20.50000,1913.750,1
13:43:21.14800,1913.750,1
13:43:22.21000,1913.750,160
13:43:22.60500,1913.750,48
13:43:23.18300,1914.000,24
13:43:23.45300,1914.000,2
13:43:23.53500,1913.750,1
13:43:23.73400,1913.750,3
13:43:25.91000,1914.000,2
13:43:27.32000,1914.000,10
13:43:27.73800,1914.000,1
13:43:28.35500,1914.000,1
13:43:29.10500,1913.750,156
13:43:29.43700,1913.750,2
13:43:29.65200,1914.000,1
13:43:30.11700,1913.750,2
13:43:31.12100,1914.000,10
13:43:32.19900,1913.750,3
13:43:32.36700,1913.750,1
13:43:34.07000,1913.750,1
13:43:34.46800,1914.000,2
13:43:35.45700,1913.750,4
13:43:35.53900,1914.000,1
13:43:36.73000,1914.000,1
13:43:37.35100,1914.000,48
13:43:37.75300,1914.000,20
13:43:38.30400,1913.750,2
13:43:38.46400,1914.000,125
13:43:38.71400,1914.250,3
13:43:38.87100,1914.000,23
13:43:39.46800,1914.000,1
13:43:40.10900,1914.000,1
13:43:40.35100,1914.000,41
13:43:40.63600,1914.000,1
13:43:41.23400,1914.000,6
13:43:44.02300,1914.250,6
13:43:44.76900,1914.250,138
13:43:46.26100,1914.500,10
13:43:47.19100,1914.500,1
13:43:47.96400,1914.250,2
13:43:48.84300,1914.250,1
13:43:49.27700,1914.250,4
13:43:49.81200,1914.250,4
13:43:51.04600,1914.250,67
13:43:52.86300,1914.250,1
13:43:52.96400,1914.000,1
13:43:53.91400,1914.000,1
13:43:54.70700,1914.250,1
13:43:55.33900,1914.000,5
13:43:56.37800,1914.000,1
13:43:56.55800,1914.250,1
13:43:56.59300,1914.250,2
13:43:56.75700,1914.000,139
13:43:57.08200,1913.750,2
13:43:57.54600,1913.750,1
13:43:57.96800,1913.750,2
13:43:58.43700,1914.000,4
13:43:58.67900,1914.000,5
13:43:59.31600,1914.000,41
13:43:59.88200,1914.000,19
13:44:00.52300,1914.250,13
13:44:00.92100,1914.000,1
13:44:01.37500,1914.000,47
13:44:01.73400,1914.000,2
13:44:02.09300,1914.000,10
13:44:02.46800,1913.750,10
13:44:02.66700,1914.000,1
13:44:03.37100,1914.000,2
13:44:03.76100,1914.000,74
13:44:04.52300,1914.000,34
13:44:04.66000,1914.000,28
13:44:04.75000,1914.000,15
13:44:05.72600,1914.250,1
13:44:06.34300,1914.250,4
13:44:06.85900,1914.250,1
13:44:07.02700,1914.250,2
13:44:07.56200,1914.250,2
13:44:08.38600,1914.250,70
13:44:09.80000,1914.250,1
13:44:10.18700,1914.250,42
13:44:10.61300,1914.250,20
13:44:11.04200,1914.250,13
13:44:11.61300,1914.250,143
13:44:12.58500,1914.250,11
13:44:13.06200,1914.250,2
13:44:13.33500,1914.500,5
13:44:13.67900,1914.250,2
13:44:14.23000,1914.500,1
13:44:15.22600,1914.250,42
13:44:16.31200,1914.250,51
13:44:16.74200,1914.250,32
13:44:17.03900,1914.250,8
13:44:18.67100,1914.250,2
13:44:19.21000,1914.000,115
13:44:19.80000,1914.000,1
13:44:20.72200,1914.000,14
13:44:21.06600,1914.000,221
13:44:21.12800,1914.000,16
13:44:21.42900,1914.000,50
13:44:21.77300,1914.000,2
13:44:22.30800,1914.000,10
13:44:22.92100,1914.000,10
13:44:24.19500,1914.000,1
13:44:25.23000,1914.000,1
13:44:26.23400,1914.250,1
13:44:26.65200,1914.250,19
13:44:27.75700,1914.000,1
13:44:28.10900,1914.250,1
13:44:32.01500,1914.250,1
13:44:32.20300,1914.250,1
13:44:32.78100,1914.000,1
13:44:33.73000,1914.250,86
13:44:33.87800,1914.250,5
13:44:34.17900,1914.000,1
13:44:34.74600,1914.250,10
13:44:36.65600,1914.000,1
13:44:37.77700,1914.000,25
13:44:38.59300,1914.000,1
13:44:39.41000,1914.250,2
13:44:40.21000,1914.250,2
13:44:40.73800,1914.000,1
13:44:41.33500,1914.250,3
13:44:42.69900,1914.000,135
13:44:43.96800,1914.000,1
13:44:44.76900,1914.000,1
13:44:49.21400,1913.750,3
13:44:49.41400,1913.750,1
13:44:49.60100,1914.000,4
13:44:51.09300,1914.000,4
13:44:51.24600,1914.000,2
13:44:52.39800,1914.000,1
13:44:52.61700,1914.000,1
13:44:53.57400,1914.000,1
13:44:55.84300,1913.750,1
13:44:56.52300,1913.750,2
13:44:57.35900,1914.000,1
13:45:00.03500,1913.750,82
13:45:00.25300,1913.500,10
13:45:00.51100,1913.750,1
13:45:00.94900,1913.500,5
13:45:01.33900,1913.750,1
13:45:01.76900,1913.500,3
13:45:02.51500,1913.500,1
13:45:03.52300,1913.750,1
13:45:04.17900,1913.500,6
13:45:05.23000,1913.500,1
13:45:06.22600,1913.500,10
13:45:06.51500,1913.500,105
13:45:06.61700,1913.500,67
13:45:08.00700,1913.750,1
13:45:08.20300,1913.750,1
13:45:08.90200,1913.750,1
13:45:09.61300,1913.500,1
13:45:10.10500,1913.750,1
13:45:10.63200,1913.750,7
13:45:10.87500,1913.750,1
13:45:11.58900,1913.750,1
13:45:12.37100,1913.500,4
13:45:13.06600,1913.750,2
13:45:13.72600,1913.750,1
13:45:14.42900,1913.750,1
13:45:14.87800,1913.500,3
13:45:16.70300,1913.750,1
13:45:18.06600,1913.750,184
13:45:19.24600,1914.000,10
13:45:19.89800,1913.750,1
13:45:21.10900,1914.000,54
13:45:21.11300,1914.000,4
13:45:21.61700,1914.000,1
13:45:21.78900,1914.000,4
13:45:22.08500,1914.000,45
13:45:22.16000,1914.000,16
13:45:22.20300,1914.000,1
13:45:22.56600,1914.000,1
13:45:23.14000,1914.000,1
13:45:23.80800,1913.750,1
13:45:25.35900,1914.000,62
13:45:26.26500,1914.250,4
13:45:27.59300,1914.000,5
13:45:29.13200,1914.250,1
13:45:29.25000,1914.000,1
13:45:29.62800,1914.250,3
13:45:30.53900,1914.000,217
13:45:31.01500,1914.000,159
13:45:31.09300,1913.750,4
13:45:31.31200,1914.000,1
13:45:31.75000,1914.000,3
13:45:32.02300,1914.000,1
13:45:32.76100,1914.000,1
13:45:34.28100,1914.000,93
13:45:34.89400,1914.000,73
13:45:35.84700,1914.000,1
13:45:36.13600,1914.000,2
13:45:36.33200,1914.250,159
13:45:37.49600,1914.250,3
13:45:37.61300,1914.250,1
13:45:37.96400,1914.250,1
13:45:39.17100,1914.250,2
13:45:39.30000,1914.250,2
13:45:40.11300,1914.250,1
13:45:41.03900,1914.000,26
13:45:41.53900,1914.000,25
13:45:42.24200,1914.000,10
13:45:42.45300,1914.250,1
13:45:43.26100,1914.000,117
13:45:43.41000,1914.000,40
13:45:43.44100,1914.000,3
13:45:46.83500,1914.000,65
13:45:46.95300,1914.000,23
13:45:47.16700,1914.000,9
13:45:47.42900,1913.750,2
13:45:47.56600,1914.000,2
13:45:48.15600,1914.000,2
13:45:48.87800,1914.000,1
13:45:49.67900,1914.000,1
13:45:50.50700,1913.750,1
13:45:50.64400,1914.000,1
13:45:50.75300,1913.750,1
13:45:51.54600,1913.750,1
13:45:54.04200,1914.000,87
13:45:54.68700,1914.000,8
13:45:55.54200,1914.000,1
13:45:55.72600,1914.000,1
13:45:58.37100,1913.750,6
13:46:02.02700,1914.000,2
13:46:04.16700,1913.750,1
13:46:05.53100,1913.750,1
13:46:06.19100,1914.000,2
13:46:06.78900,1914.000,100
13:46:07.14400,1914.000,49
13:46:10.55400,1914.000,1
13:46:13.55800,1914.250,5
13:46:15.14000,1914.000,1
13:46:16.40600,1914.000,4
13:46:17.10500,1914.250,1
13:46:17.48800,1914.250,2
13:46:17.55000,1914.250,143
13:46:18.13600,1914.250,2
13:46:18.41400,1914.000,2
13:46:18.77300,1914.000,1
13:46:20.08500,1914.250,1
13:46:20.91000,1914.000,1
13:46:20.93700,1914.000,67
13:46:21.21400,1914.000,121
13:46:21.28500,1914.000,17
13:46:23.52300,1914.000,60
13:46:23.67500,1914.000,47
13:46:24.26100,1914.000,1
13:46:24.57800,1914.000,17
13:46:24.82800,1914.000,1
13:46:25.11700,1914.000,1
13:46:26.53500,1914.000,1
13:46:26.60500,1914.000,1
13:46:26.78100,1914.000,21
13:46:28.93700,1914.000,2
13:46:29.14000,1914.000,4
13:46:31.30000,1914.000,1
13:46:31.74200,1914.000,74
13:46:32.01100,1914.000,2
13:46:32.39800,1914.000,51
13:46:32.72200,1914.000,10
13:46:34.46400,1914.000,2
13:46:36.13200,1914.000,21
13:46:39.51900,1914.000,1
13:46:39.89000,1914.000,2
13:46:40.42100,1914.000,14
13:46:40.65200,1914.000,89
13:46:40.68300,1914.000,68
13:46:40.80400,1914.000,51
13:46:41.37800,1914.250,2
13:46:43.05800,1914.250,222
13:46:43.88600,1914.000,2
13:46:46.13200,1914.250,84
13:46:47.83500,1914.250,3
13:46:48.57400,1914.250,1
13:46:48.94500,1914.000,1
13:46:49.50700,1914.000,1
13:46:52.89800,1914.250,1
13:46:55.04600,1914.250,6
13:46:55.22600,1914.250,35
13:46:59.66000,1914.250,1
13:47:00.28500,1914.250,107
13:47:00.28900,1914.250,99
13:47:00.88600,1914.250,3
13:47:02.52300,1914.250,10
13:47:02.78500,1914.250,2
13:47:03.61300,1914.250,21
13:47:03.96400,1914.250,1
13:47:06.03100,1914.000,1
13:47:09.33900,1914.250,10
13:47:09.51900,1914.000,1
13:47:09.81200,1914.250,1
13:47:10.55800,1914.000,1
13:47:12.08900,1914.000,136
13:47:14.23000,1914.250,10
13:47:19.20300,1914.000,1
13:47:22.69500,1914.000,94
13:47:22.74600,1914.000,40
13:47:24.75000,1914.000,1
13:47:27.02700,1914.000,60
13:47:27.33900,1914.000,7
13:47:28.28900,1914.000,1
13:47:28.52700,1914.000,1
13:47:29.56600,1914.000,67
13:47:32.94100,1914.000,74
13:47:33.24200,1914.000,33
13:47:33.34700,1914.000,18
13:47:33.51900,1913.750,3
13:47:34.60500,1914.000,2
13:47:35.36700,1914.000,1
13:47:36.60100,1914.000,1
13:47:37.85500,1913.750,20
13:47:38.65600,1914.000,5
13:47:39.00000,1913.750,1
13:47:41.37800,1914.000,1
13:47:41.70300,1914.000,5
13:47:42.12100,1914.000,1
13:47:43.16400,1914.000,1
13:47:43.74200,1914.000,6
13:47:45.02300,1914.000,1
13:47:45.73000,1914.000,1
13:47:51.64000,1913.750,5
13:47:53.31600,1913.750,2
13:47:54.19500,1913.750,1
13:47:54.30800,1914.000,1
13:47:57.72600,1913.750,4
13:47:59.49600,1913.750,2
13:47:59.86700,1913.500,138
13:48:03.13600,1913.500,7
13:48:03.30800,1913.750,1
13:48:03.96400,1913.750,1
13:48:04.13200,1913.500,1
13:48:04.60500,1913.500,1
13:48:04.87100,1913.500,1
13:48:05.08500,1913.750,1
13:48:10.31200,1913.500,5
13:48:11.15200,1913.500,154
13:48:11.68700,1913.500,79
13:48:11.78500,1913.500,12
13:48:12.20700,1913.500,10
13:48:13.92100,1913.500,1
13:48:14.37800,1913.500,1
13:48:16.05800,1913.500,50
13:48:16.16700,1913.500,3
13:48:16.46000,1913.500,10
13:48:17.94500,1913.500,1
13:48:18.26900,1913.750,2
13:48:18.76900,1913.500,25
13:48:20.49600,1913.500,5
13:48:21.46000,1913.750,1
13:48:22.57000,1913.750,2
13:48:23.55400,1913.500,119
13:48:24.07000,1913.500,4
13:48:24.62500,1913.250,5
13:48:25.59300,1913.250,20
13:48:25.82400,1913.500,1
13:48:26.57000,1913.500,18
13:48:27.28100,1913.500,1
13:48:28.56600,1913.000,196
13:48:28.80400,1913.000,1
13:48:28.86700,1913.250,3
13:48:29.19900,1913.250,4
13:48:29.32800,1913.250,5
13:48:29.52700,1913.000,2
13:48:29.79200,1913.000,1
13:48:30.46000,1913.250,17
13:48:30.55000,1913.000,2
13:48:31.47200,1913.000,4
13:48:32.15600,1913.000,3
13:48:33.03500,1913.000,1
13:48:33.46000,1913.000,1
13:48:34.26500,1913.250,1
13:48:34.80000,1913.250,1
13:48:34.88200,1913.250,1
13:48:34.95700,1913.000,1
13:48:35.05400,1913.000,1
13:48:35.68300,1913.000,1
13:48:36.40200,1913.000,2
13:48:36.88200,1913.250,1
13:48:37.05000,1913.000,1
13:48:37.44100,1913.250,21
13:48:38.09700,1913.250,2
13:48:38.36300,1913.250,160
13:48:38.61700,1913.500,3
13:48:38.90600,1913.250,1
13:48:39.53100,1913.250,9
13:48:39.68700,1913.250,117
13:48:39.74200,1913.000,1
13:48:40.25300,1913.250,6
13:48:40.54600,1913.250,45
13:48:41.06600,1913.250,41
13:48:41.48400,1913.250,1
13:48:43.36700,1913.500,10
13:48:43.80400,1913.250,40
13:48:43.84300,1913.250,24
13:48:44.24600,1913.250,32
13:48:44.29200,1913.250,12
13:48:46.53900,1913.500,1
13:48:47.05800,1913.250,15
13:48:47.16000,1913.500,1
13:48:47.33500,1913.250,3
13:48:47.68700,1913.250,2
13:48:47.92900,1913.250,1
13:48:48.61300,1913.250,28
13:48:48.75300,1913.250,3
13:48:49.28900,1913.000,1
13:48:50.15600,1913.250,2
13:48:50.49600,1913.000,1
13:48:50.67500,1913.000,2
13:48:51.40200,1913.000,9
13:48:51.44900,1913.250,1
13:48:52.82000,1913.000,1
13:48:53.21800,1913.250,2
13:48:53.59700,1913.250,3
13:48:54.83200,1913.000,2
13:48:55.59700,1913.000,4
13:48:55.71800,1913.000,1
13:48:55.89400,1913.000,330
13:48:56.34700,1913.000,2
13:48:56.47600,1913.000,1
13:48:56.62800,1912.750,20
13:48:56.94900,1912.750,246
13:48:57.26100,1912.750,172
13:48:57.35100,1912.750,21
13:48:57.42100,1912.750,5
13:48:57.89800,1912.750,124
13:48:58.17500,1912.750,3
13:48:58.38600,1912.750,9
13:48:59.03900,1912.750,1
13:48:59.54600,1912.750,1
13:49:00.13200,1912.750,756
13:49:00.32800,1912.500,4
13:49:00.50700,1912.500,4
13:49:00.66700,1912.500,2
13:49:00.76900,1912.500,496
13:49:00.84300,1912.250,560
13:49:00.92100,1912.500,6
13:49:01.00000,1912.250,1
13:49:01.23800,1912.250,36
13:49:01.60500,1912.250,465
13:49:01.92100,1912.000,3
13:49:02.05000,1912.000,1
13:49:02.09300,1912.000,1
13:49:02.26500,1912.000,432
13:49:02.26500,1912.000,7
13:49:02.31200,1911.750,31
13:49:02.47200,1912.000,8
13:49:02.72600,1912.000,102
13:49:02.80800,1911.750,17
13:49:02.83500,1911.750,6
13:49:03.03900,1911.750,4
13:49:03.14400,1911.750,1
13:49:03.28100,1911.750,6
13:49:03.59300,1911.750,4
13:49:03.69900,1911.750,9
13:49:03.82400,1911.750,1
13:49:04.01100,1911.750,1
13:49:04.15200,1911.750,35
13:49:04.26100,1912.000,8
13:49:04.35100,1912.000,1
13:49:04.55400,1911.750,4
13:49:05.00700,1912.000,3
13:49:05.03900,1911.750,2
13:49:05.13200,1912.000,1
13:49:05.37800,1911.750,2
13:49:05.51100,1912.000,1
13:49:06.21800,1912.250,722
13:49:06.32800,1912.000,9
13:49:06.73400,1912.000,24
13:49:06.83900,1912.000,2
13:49:06.89000,1911.750,1
13:49:07.15600,1912.000,1
13:49:07.29200,1911.750,2
13:49:07.37100,1912.000,1
13:49:07.74600,1911.750,146
13:49:07.83900,1912.000,60
13:49:07.96400,1912.250,1
13:49:08.12800,1912.000,1
13:49:08.50300,1912.000,26
13:49:08.73000,1911.750,102
13:49:08.85900,1912.000,2
13:49:09.01100,1911.750,3
13:49:09.19900,1911.750,502
13:49:09.28100,1911.500,461
13:49:09.38600,1911.750,90
13:49:09.50300,1911.500,2
13:49:09.81200,1911.750,4
13:49:09.96800,1911.750,52
13:49:10.11700,1911.750,8
13:49:10.25300,1911.750,14
13:49:10.69500,1911.750,18
13:49:10.84300,1911.750,1
13:49:11.01100,1912.000,11
13:49:11.66000,1911.750,22
13:49:11.71400,1912.000,4
13:49:12.01100,1912.000,13
13:49:12.33500,1911.750,2
13:49:12.51100,1911.750,11
13:49:13.05800,1911.750,553
13:49:13.26100,1911.750,160
13:49:13.28500,1911.750,78
13:49:13.87500,1911.750,3
13:49:14.25000,1911.750,4
13:49:14.44500,1911.750,2
13:49:14.60500,1911.750,2
13:49:15.44900,1912.000,6
13:49:15.67100,1911.750,28
13:49:15.76900,1912.000,1
13:49:16.24200,1912.000,51
13:49:16.39000,1911.750,1
13:49:16.53500,1911.750,1
13:49:16.61700,1911.750,1
13:49:17.06200,1911.750,3
13:49:17.33200,1912.000,1
13:49:17.49600,1912.000,2
13:49:17.77700,1911.750,11
13:49:18.70700,1911.750,27
13:49:19.18700,1912.000,2
13:49:19.30000,1911.750,1
13:49:19.50000,1912.000,2
13:49:20.20700,1911.750,5
13:49:20.44900,1912.000,1
13:49:20.58200,1912.000,1
13:49:20.80400,1912.000,1
13:49:21.19500,1912.000,3
13:49:21.79600,1911.750,1
13:49:22.40600,1912.000,5
13:49:22.51100,1912.000,1
13:49:22.61700,1911.750,3
13:49:23.03900,1912.000,2
13:49:23.23000,1912.000,6
13:49:23.46000,1912.500,731
13:49:24.07000,1912.500,3
13:49:24.31200,1912.250,1
13:49:24.64000,1912.500,2
13:49:25.27300,1912.500,2
13:49:25.73000,1912.250,2
13:49:26.13200,1912.500,1
13:49:26.38200,1912.500,19
13:49:26.84300,1912.250,102
13:49:27.17500,1912.500,2
13:49:27.36300,1912.250,81
13:49:27.36300,1912.250,11
13:49:27.83900,1912.250,144
13:49:27.91000,1912.250,2
13:49:28.51100,1912.250,16
13:49:29.21000,1912.250,2
13:49:29.53100,1912.250,12
13:49:29.58200,1912.250,2
13:49:29.67100,1912.250,1
13:49:30.09300,1912.250,49
13:49:30.20300,1912.250,3
13:49:30.78900,1912.250,9
13:49:31.89000,1912.250,4
13:49:32.60500,1912.000,20
13:49:32.85500,1912.250,2
13:49:33.18300,1912.250,1
13:49:33.50700,1912.250,2
13:49:34.10500,1912.000,2
13:49:34.68700,1912.250,1
13:49:34.95700,1912.250,1
13:49:35.25700,1912.000,1
13:49:35.69100,1912.250,168
13:49:35.83900,1912.000,53
13:49:35.96000,1912.000,23
13:49:36.23800,1912.250,1
13:49:36.90600,1912.250,2
13:49:37.35100,1912.250,1
13:49:37.53100,1912.250,3
13:49:37.85500,1912.250,2
13:49:38.16400,1912.250,5
13:49:38.92500,1912.250,10
13:49:39.27300,1912.000,1
13:49:40.08900,1912.000,54
13:49:40.39000,1912.000,3
13:49:40.57800,1912.000,39
13:49:40.93700,1912.000,53
13:49:41.10900,1912.000,1
13:49:41.51500,1912.000,1
13:49:42.92100,1912.250,2
13:49:43.23000,1912.000,3
13:49:44.35900,1912.000,18
13:49:44.45700,1912.000,21
13:49:44.54200,1912.000,16
13:49:45.54600,1912.000,11
13:49:45.69100,1912.000,1
13:49:46.09700,1912.250,1
13:49:46.26100,1912.000,41
13:49:46.59700,1912.000,2
13:49:47.22200,1912.250,3
13:49:47.47200,1912.000,2
13:49:48.78500,1912.250,1
13:49:48.87800,1912.250,216
13:49:50.49200,1912.250,112
13:49:50.61300,1912.500,3
13:49:51.35100,1912.250,1
13:49:51.77300,1912.500,5
13:49:52.03900,1912.250,2
13:49:52.73800,1912.500,209
13:49:53.41000,1912.500,29
13:49:53.66000,1912.500,1
13:49:53.71400,1912.250,1
13:49:54.85100,1912.500,43
13:49:54.86300,1912.500,8
13:49:55.81200,1912.500,37
13:49:55.85100,1912.500,56
13:49:55.90200,1912.500,33
13:49:56.28100,1912.500,25
13:49:56.71800,1912.500,1
13:49:57.01500,1912.500,1
13:49:57.47200,1912.500,1
13:49:57.73000,1912.500,1
13:49:57.79200,1912.250,1
13:49:57.89800,1912.250,1
13:49:58.26100,1912.500,26
13:49:58.45300,1912.750,41
13:49:58.72600,1912.750,5
13:49:59.35500,1912.500,6
13:49:59.48400,1912.750,1
13:49:59.64800,1912.750,2
13:50:00.60900,1912.750,205
13:50:00.77700,1912.750,18
13:50:00.85900,1912.750,1
13:50:01.04600,1912.500,7
13:50:01.14000,1912.750,13
13:50:01.32000,1912.750,15
13:50:01.37100,1912.750,1
13:50:01.47600,1912.750,3
13:50:01.62800,1912.750,1
13:50:01.73400,1912.750,11
13:50:01.87500,1912.750,1
13:50:02.13200,1912.500,8
13:50:02.36300,1912.500,5
13:50:02.60500,1912.750,1
13:50:02.76100,1912.500,1
13:50:02.94100,1912.750,2
13:50:03.26500,1912.750,1
13:50:03.57800,1912.750,1
13:50:03.96800,1912.750,1
13:50:04.19900,1912.750,1
13:50:04.62100,1912.500,1
13:50:05.21400,1912.500,87
13:50:05.35100,1912.500,70
13:50:05.89400,1912.500,1
13:50:06.37100,1912.500,27
13:50:07.76500,1912.500,35
13:50:07.85900,1912.750,2
13:50:08.01900,1912.500,32
13:50:08.83200,1912.250,2
13:50:09.64000,1912.250,14
13:50:10.09700,1912.500,1
13:50:10.44500,1912.500,51
13:50:10.64800,1912.500,18
13:50:11.27300,1912.500,4
13:50:11.66700,1912.500,1
13:50:11.86300,1912.750,4
13:50:12.08200,1912.500,2
13:50:13.80400,1912.750,1
13:50:15.29600,1912.750,1
13:50:15.57400,1912.750,5
13:50:16.19100,1912.750,1
13:50:16.79200,1912.750,2
13:50:17.21000,1912.750,87
13:50:17.56600,1912.750,49
13:50:17.86700,1912.750,2
13:50:18.92100,1912.750,12
13:50:19.66400,1912.750,3
13:50:19.94100,1912.750,1
13:50:20.57000,1912.750,3
13:50:20.94900,1912.500,57
13:50:21.14000,1912.500,2
13:50:21.70300,1912.500,1
13:50:22.67900,1912.250,2
13:50:22.82400,1912.250,1
13:50:23.77700,1912.250,6
13:50:24.76100,1912.250,1
13:50:26.12800,1912.500,1
13:50:27.10500,1912.500,1
13:50:27.22200,1912.500,153
13:50:27.30800,1912.500,16
13:50:27.46000,1912.500,1
13:50:27.78100,1912.250,1
13:50:29.46000,1912.500,2
13:50:29.74200,1912.250,11
13:50:30.16700,1912.250,313
13:50:31.09700,1912.250,93
13:50:31.73800,1912.250,1
13:50:32.53900,1912.250,68
13:50:32.56600,1912.250,37
13:50:32.58900,1912.250,1
13:50:34.37500,1912.000,4
13:50:35.47600,1912.000,5
13:50:36.55400,1912.000,1
13:50:36.65200,1912.250,1
13:50:36.85500,1912.250,48
13:50:36.87800,1912.250,8
13:50:37.30000,1912.250,50
13:50:37.35100,1912.000,1
13:50:37.80400,1912.250,17
13:50:39.28500,1912.500,1
13:50:39.48400,1912.250,61
13:50:40.16700,1912.250,1
13:50:40.57400,1912.500,1
13:50:43.47200,1912.250,174
13:50:43.55400,1912.250,95
13:50:43.68700,1912.250,5
13:50:44.21800,1912.250,5
13:50:44.55800,1912.250,4
13:50:44.75000,1912.250,12
13:50:45.26500,1912.250,3
13:50:45.51900,1912.250,14
13:50:47.71800,1912.500,2
13:50:49.91700,1912.500,1
13:50:51.15600,1912.500,1
13:50:52.79600,1912.500,97
13:50:53.19900,1912.500,1
13:50:53.86300,1912.250,1
13:50:55.08900,1912.500,1
13:50:56.28900,1912.500,1
13:50:57.05800,1912.250,2
13:50:57.46400,1912.500,55
13:50:57.48000,1912.500,18
13:50:57.62500,1912.750,7
13:50:57.87500,1912.500,2
13:50:59.38200,1912.750,1
13:50:59.70700,1912.500,4
13:51:00.66000,1912.500,30
13:51:00.75300,1912.750,1
13:51:00.88600,1912.500,1
13:51:01.34700,1912.750,1
13:51:01.94500,1912.750,5
13:51:02.19100,1912.500,83
13:51:02.33900,1912.500,3
13:51:02.96000,1912.500,1
13:51:03.55800,1912.500,2
13:51:03.77300,1912.250,1
13:51:04.02300,1912.500,36
13:51:04.22200,1912.500,16
13:51:04.40200,1912.750,1
13:51:04.55800,1912.500,4
13:51:04.86300,1912.500,2
13:51:05.54200,1912.500,90
13:51:06.50300,1912.500,10
13:51:07.01900,1912.750,3
13:51:07.25300,1912.750,6
13:51:08.27700,1912.500,3
13:51:08.74600,1912.500,1
13:51:09.28100,1912.750,4
13:51:11.30800,1912.750,1
13:51:11.85900,1912.750,9
13:51:13.01500,1912.750,1
13:51:13.87800,1912.750,9
13:51:14.20300,1912.500,2
13:51:15.66700,1912.500,40
13:51:15.84300,1912.750,3
13:51:17.44500,1912.750,1
13:51:18.94500,1912.750,1
13:51:19.41700,1912.500,1
13:51:20.29600,1912.750,55
13:51:20.29600,1912.750,272
13:51:20.34700,1912.750,14
13:51:21.36700,1913.000,2
13:51:22.11700,1913.000,6
13:51:22.27700,1913.000,2
13:51:22.60900,1913.000,2
13:51:22.83500,1913.000,1
13:51:23.41400,1912.750,1
13:51:23.94500,1913.000,1
13:51:24.38200,1913.000,2
13:51:25.06600,1913.000,4
13:51:25.34700,1913.000,25
13:51:25.73400,1913.000,1
13:51:25.95700,1913.000,160
13:51:26.44100,1913.250,35
13:51:26.56200,1913.000,2
13:51:27.05400,1913.000,53
13:51:27.14800,1913.250,10
13:51:27.51100,1913.250,2
13:51:27.79600,1913.250,3
13:51:28.09300,1913.250,2
13:51:28.10500,1913.000,1
13:51:28.78900,1913.250,1
13:51:29.40200,1913.250,1
13:51:29.58200,1913.250,3
13:51:29.69100,1913.250,1
13:51:30.19900,1913.250,157
13:51:30.55000,1913.250,2
13:51:30.83200,1913.250,114
13:51:30.83200,1913.500,146
13:51:31.00700,1913.250,42
13:51:31.01100,1913.250,43
13:51:31.01100,1913.250,50
13:51:31.01100,1913.250,30
13:51:31.02700,1913.250,80
13:51:31.55400,1913.250,1
13:51:31.69500,1913.250,1
13:51:31.80800,1913.250,2
13:51:31.93300,1913.250,3
13:51:32.38600,1912.750,228
13:51:32.50700,1913.000,38
13:51:32.85500,1913.000,2
13:51:33.00000,1913.000,7
13:51:33.88200,1913.000,11
13:51:34.45700,1912.750,1
13:51:34.83500,1912.750,3
13:51:35.05000,1912.750,21
13:51:35.27700,1913.000,1
13:51:35.48000,1913.000,1
13:51:35.68300,1913.000,1
13:51:35.75700,1912.750,5
13:51:35.95700,1913.000,1
13:51:36.25700,1913.000,3
13:51:36.39800,1913.000,6
13:51:36.83900,1912.750,1
13:51:37.39800,1913.000,5
13:51:38.53500,1912.750,1
13:51:39.30800,1913.000,1
13:51:39.67500,1913.000,1
13:51:40.62100,1913.000,55
13:51:40.78500,1913.000,125
13:51:41.85100,1913.000,3
13:51:42.34700,1912.750,2
13:51:43.89000,1913.000,4
13:51:44.32800,1913.000,1
13:51:44.60100,1913.000,1
13:51:44.95700,1912.750,1
13:51:45.43300,1913.000,97
13:51:45.55400,1912.750,7
13:51:46.00700,1912.750,3
